1889 3194
560 340 621 370 DE
654 339 810 369 BELLO
843 337 1066 369 TROJANO
1101 338 1197 370 Lm.
1229 339 1295 368 lv,

1549 329 1632 370 491

256 432 316 473 At
335 432 551 474 Teuthras
571 434 644 474 ubi
664 433 773 474 dura
788 433 917 485 aegris
937 432 1125 474 insidere
1146 431 1268 473 fibris

199 498 366 549 Altius,
387 502 429 540 et
450 504 609 541 certam
630 500 874 540 minitantia
892 499 1070 540 vulnera
1089 503 1273 540 mortem

412 565 545 607 Habe
566 566 753 615 Moesos,
771 565 926 619 inquit,
947 571 1004 614 te,
1025 565 1234 618 Telephe,
1252 568 1396 606 noster

197 566 351 606 Sentit.

1548 498 1632 540 430

196 631 352 672 Poscit
371 631 523 681 honos,
545 632 645 685 quis
667 632 780 672 enim
801 632 996 686 propior,
1019 633 1120 686 quis
1139 632 1310 684 dignior
1329 632 1467 673 haeres
1484 632 1502 672 ’ἲ

195 697 272 738 Me
289 702 392 738 tuus
409 697 608 748 Alcides,
624 699 866 740 Thracensi
888 703 1066 751 urgente
1083 703 1286 751 tyranno,

194 764 412 805 Edomitis
432 765 623 806 absolvit
640 765 781 819 equiS‚
804 767 1053 819 sceptrique
1075 766 1267 818 quietem

194 831 368 880 sanxit,
389 835 434 872 et
455 834 644 872 armatos
663 832 708 871 in
727 844 881 884 pacem
901 831 1087 872 reddidit
1108 843 1260 872 annos.

1546 829 1632 871 435

193 897 282 937 His
301 897 466 938 meritis
487 897 565 938 tibi
584 910 714 950 regna
735 898 905 947 damus,
927 910 1030 951 quae
1052 897 1214 951 perfida
1237 897 1318 939 fati

191 963 267 1004 Ira
284 968 413 1016 negat
432 963 629 1017 praedata
649 964 752 1004 mihi
770 977 780 1005 z
812 968 851 1004 te
875 964 1016 1005 lenius
1037 969 1200 1006 astrum

191 1029 246 1069 In
266 1031 431 1071 senium
450 1042 659 1083 serosque
677 1030 771 1072 dies
791 1036 836 1071 et
855 1044 1023 1072 summa
1040 1035 1234 1072 reservet

189 1096 423 1149 Tempora,
447 1109 579 1148 regno
601 1096 808 1139 hilarem:
841 1098 919 1139 vix
940 1098 1050 1148 haec,
1071 1103 1115 1138 et
1135 1097 1290 1151 frigida
1311 1097 1440 1139 fessis

189 1160 384 1216 Atropos
405 1163 585 1217 inserpit
599 1163 750 1215 labris,
771 1166 948 1206 turbata
965 1164 1190 1217 rigescunt

1545 1164 1630 1205 440

189 1228 390 1277 Lumina,
411 1229 572 1270 hebent
592 1243 763 1281 sensus,
784 1232 973 1284 vivoque
995 1236 1129 1271 exuta
1149 1230 1294 1270 calore

190 1295 392 1337 Membra
412 1297 510 1348 gelu
527 1296 686 1338 lethale
707 1298 852 1339 subit:
883 1310 1006 1338 mens
1025 1297 1164 1338 libera
1183 1296 1358 1338 tandem

187 1362 364 1413 Evolat,
386 1368 429 1404 et
445 1363 594 1404 socios
610 1364 722 1405 redit
737 1364 993 1417 inspectura
1008 1363 1207 1403 Triones.

242 1429 482 1482 Telephus,
503 1435 552 1471 ut
571 1443 738 1471 vacuos
756 1431 941 1484 spiranti
964 1430 1175 1482 sanguine
1194 1430 1342 1471 vultus

187 1494 429 1548 Conspicit,
451 1496 589 1537 effuso
610 1496 858 1538 miseranda
877 1498 922 1537 in
945 1496 1124 1538 vulnera
1141 1496 1255 1545 fletu,

188 1560 340 1602 Funus
359 1562 494 1604 herile
518 1564 673 1604 struit:
705 1564 918 1617 quicquid
934 1564 1003 1604 vel
1022 1563 1186 1604 mulcet
1206 1562 1355 1612 odore,

187 1625 274 1668 Vel
293 1628 450 1669 virtute
467 1630 575 1683 ligat
594 1643 767 1680 nervos,
790 1635 999 1683 artusque
1018 1630 1200 1670 fluentes

189 1692 405 1744 Continet,
423 1697 639 1749 aggeritur
660 1698 791 1738 busto
810 1711 820 1738 ε
853 1697 1094 1751 compescit
1114 1696 1302 1737 hiantem

188 1761 358 1802 Dextra
378 1775 581 1815 premens
602 1763 752 1813 ictum,
769 1765 937 1805 fluxum
959 1764 1110 1805 domat
1132 1769 1254 1804 arcta
1274 1775 1474 1804 cruorem

188 1826 364 1874 Fascia,
386 1833 429 1870 ct
449 1830 658 1871 obtrusos
679 1830 839 1872 frustra
858 1835 990 1884 negat
1010 1831 1071 1872 ire
1091 1833 1278 1871 meatus.

1541 1829 1625 1869 450

243 1893 388 1947 Regia
408 1897 662 1949 conspicuis
684 1899 823 1939 moles
836 1898 1048 1952 inscripta
1061 1897 1230 1951 figuris,

832 2041 971 2075 NOTAE

228 2115 291 2144 434
316 2113 494 2155 Sceptrique
508 2117 639 2156 quietem
655 2117 786 2158 Sanxit]
809 2118 876 2150 Pa-

185 2161 254 2200 pin.
273 2162 283 2178 ⁴
297 2167 332 2193 et
350 2172 466 2202 pacem
482 2163 622 2195 fulmine
638 2166 773 2197 sanxit!

226 2213 289 2242 443
312 2211 419 2243 Socios
439 2213 522 2244 redit
541 2214 716 2254 inspectura
734 2215 877 2255 Triones]

182 2260 306 2300 Papin.
332 2269 372 2292 n.
406 2262 415 2279 ‘
433 2266 468 2293 et
493 2264 628 2293 summis
655 2264 784 2303 apicem
812 2264 877 2295 sibi

183 2309 293 2350 poscit
323 2310 358 2341 in
389 2310 513 2347 astris,'
547 2317 582 2342 et
615 2317 623 2330 ¹
641 2317 878 2354 praereptaque

185 2360 296 2391 noscit
312 2359 432 2392 Sidera
457 2361 730 2403 principiumque
757 2362 878 2394 suum.’

183 2409 240 2441 Sic
254 2418 306 2441 vx.
318 2410 359 2441 de
371 2410 497 2441 metalli
510 2410 656 2442 fossore:
673 2413 682 2429 ‘
694 2412 878 2452 Indignan-

184 2465 253 2490 tem
283 2459 426 2490 animam
456 2460 602 2500 propriis
632 2470 695 2491 non
728 2461 878 2493 reddidit

182 2509 306 2541 astris:
355 2509 475 2549 Stoici,
502 2510 709 2550 Pythagorei
733 2511 875 2541 animam

181 2568 225 2589 ex
262 2559 362 2590 astris
399 2559 612 2591 derivabant.
667 2560 803 2592 Lucret.
836 2570 876 2592 11.

182 2613 190 2626 ‘
203 2608 293 2649 qnod
306 2608 438 2640 missum
452 2618 493 2639 ex
511 2608 646 2640 aetheris
657 2609 736 2648 oris,
750 2608 791 2640 Id
805 2619 875 2640 rur-

182 2667 254 2688 sum
277 2659 354 2689 coeli
371 2659 515 2689 relatum
532 2659 659 2699 templa
671 2658 875 2699 receptant.'

180 2707 400 2747 Epicharmus
413 2707 501 2748 apud
518 2707 735 2739 Plutarchum
750 2709 782 2739 in
797 2718 876 2739 con-

179 2756 278 2787 solat.
295 2756 337 2787 ad
354 2757 466 2798 Apoll.
487 2756 645 2797 συνεκρίθη
667 2757 718 2789 καὶ
738 2758 878 2798 διεκρίθη,

181 2804 232 2835 καὶ
246 2805 395 2845 ἀπῆλθεν,
410 2805 479 2837 ὅθεν
490 2805 576 2843 ἦλθε,
589 2805 683 2838 πάλιν
702 2808 746 2846 γᾶ
764 2806 821 2845 μὲν
835 2806 877 2839 εἷς

180 2855 253 2894 γᾶν,
268 2856 386 2894 πνεῦμα
400 2854 431 2888 δὲ
447 2855 518 2888 ἄνω·
539 2855 573 2887 τί
587 2858 648 2888 τῶν
659 2856 691 2888 δὲ
711 2856 853 2897 χαλεπόν
866 2868 875 2896 ;

930 2117 1074 2149 Gemina
1103 2125 1144 2148 ex
1171 2116 1316 2157 Tragico
1343 2115 1428 2147 citat
1455 2113 1554 2145 Philo
1580 2113 1623 2145 de

930 2167 1051 2198 Mundi
1065 2166 1252 2206 incorrupt.
1264 2175 1297 2205 p.
1313 2167 1388 2196 734.
1432 2164 1530 2195 Ennii
1542 2163 1623 2203 Epi-

930 2216 1086 2248 charmns
1104 2222 1194 2247 terra
1211 2225 1334 2254 corpus
1359 2218 1422 2253 est,
1444 2217 1480 2244 at
1501 2213 1624 2244 mentis

930 2265 1016 2306 ignis
1040 2269 1106 2296 est.
1149 2264 1239 2294 Vide
1260 2263 1334 2295 Jos.
1355 2262 1519 2302 Scaliger.
1535 2262 1624 2293 Cou-

925 2314 1012 2354 ject.
1030 2316 1127 2354 p.27.
1143 2315 1197 2344 28.
1213 2313 1356 2343 Triones
1370 2320 1448 2342 vero
1463 2311 1559 2352 quasi
1574 2315 1625 2342 te-

931 2364 1042 2395 riones
1058 2373 1067 2394 :
1103 2363 1224 2394 Festus
1255 2362 1288 2392 in
1321 2362 1331 2379 ‘
1348 2360 1626 2401 Septentriones)

930 2413 1041 2444 Varro
1058 2421 1107 2443 vr.
1126 2411 1168 2442 de
1179 2412 1294 2451 lingua
1310 2410 1441 2441 Latina.
1471 2410 1624 2451 Scaliger

931 2460 965 2492 in
980 2462 1132 2502 Conject.
1146 2470 1180 2500 p.
1191 2463 1265 2492 144.
1282 2470 1302 2491 a
1313 2460 1397 2491 stria
1407 2459 1539 2490 derivat
1552 2470 1562 2497 3
1586 2464 1623 2491 et

930 2520 963 2551 p.
981 2514 1032 2542 83.
1057 2510 1202 2542 Triones
1217 2519 1296 2541 vero
1306 2510 1360 2541 hic
1373 2510 1550 2550 συνεκδοχῇ
1562 2519 1623 2550 pro

930 2560 1029 2591 astris
1044 2564 1233 2590 sumuntur.

970 2612 1031 2641 451
1057 2609 1160 2648 Regia
1174 2607 1360 2648 conspicuis]
1392 2607 1477 2639 Quae
1494 2607 1623 2639 Noster

928 2658 971 2689 de
986 2658 1211 2695 Teuthrante‚
1234 2664 1365 2688 veteres
1385 2666 1428 2687 ex
1454 2660 1552 2697 parte
1577 2656 1621 2688 de

927 2708 1076 2748 Telepho
1091 2707 1277 2747 fingebant.
1305 2707 1491 2737 Pausanias
1506 2706 1541 2737 in
1557 2705 1621 2737 Ar-

928 2757 1053 2789 cadicis
1065 2759 1179 2797 p.356.
1199 2766 1345 2797 pugnam
1359 2756 1498 2788 Achillis
1514 2757 1620 2789 etTe-

928 2807 1020 2847 leplii
1038 2806 1138 2837 etiam
1155 2816 1214 2837 sua
1231 2810 1331 2837 aetate
1349 2807 1482 2846 pictura
1497 2815 1620 2838 memo·-

931 2856 1072 2888 rabilem
1087 2854 1192 2888 fuisse
1208 2854 1302 2888 dicit.
