1889 3194
508 307 571 337 DE
605 306 762 337 BELLO
794 306 1019 337 TROJANO
1056 308 1149 337 [AB.
1184 309 1216 337 1.

1491 298 1576 339 383

131 397 255 439 Leda
277 397 529 450 Cerauneis‚
544 404 586 442 et
606 401 814 443 fratribus
836 401 1038 455 Orithyia

131 464 346 514 Ismariis,
366 465 604 520 laudatque
624 481 753 508 suum
777 467 1024 521 Calydonia
1043 472 1181 509 mater

131 529 337 579 OEniden,
358 532 552 572 nondum
573 538 739 573 tantum
762 547 913 584 soror3
937 533 1116 587 Orphea
1135 534 1346 581 Thraces,

130 596 328 637 Arcades
350 597 600 648 Admetum,
620 599 922 653 Thalaumque
942 604 986 640 et
1004 600 1178 641 Thesea
1199 606 1242 642 et
1263 600 1387 641 Idam

129 660 429 715 Antaeumque
450 664 579 704 urbes
601 666 759 706 variae:
790 679 872 706 sua
892 665 1057 707 moenia
1078 679 1313 720 quemque.

186 728 250 769 At
270 728 619 782 Peloponnesum
641 744 740 771 cum
760 731 910 785 praeda
933 732 1070 773 divite
1087 731 1118 774 J
1122 746 1232 774 ason

131 794 365 848 Occupat;
385 796 545 849 insigni
568 797 745 838 lascivit
764 799 884 851 regia
906 799 1024 839 cultu
1044 813 1054 840 ε

130 860 398 915 Victorique
420 876 502 903 suo
523 868 672 915 gratas
694 864 821 917 plebs
842 866 977 906 obvia
997 878 1130 906 voces

130 927 278 978 Elicit,
299 935 345 969 et
367 942 469 970 vero
488 929 718 982 dispensat
737 930 902 982 gaudia
924 931 1063 973 vultu.

131 994 264 1036 Solus
285 996 544 1049 inexplicita
567 996 715 1036 Pelias
739 998 820 1037 sub
845 998 986 1038 fronte
1007 1011 1162 1039 serena

1489 1000 1575 1040 210

130 1060 306 1103 Invidia
326 1063 543 1115 aegrescit,
563 1075 663 1102 sese
684 1067 908 1110 causatur,
928 1064 971 1103 in
991 1077 1138 1104 omnes

129 1127 251 1169 Vota
274 1129 398 1169 Deos
420 1134 655 1169 consumta
673 1129 822 1181 gemit,
847 1129 1119 1184 Martemque
1138 1131 1337 1181 lacessit,

131 1193 222 1243 Qui
241 1196 374 1248 gratis
395 1195 587 1236 domitos
609 1196 761 1236 tulerit
782 1196 1000 1237 defervere
1022 1202 1202 1238 tauros:

130 1260 343 1303 Eluctata
364 1262 440 1302 diu
461 1262 626 1314 rapidis
649 1262 914 1314 impulsibus
933 1263 998 1303 ira

130 1327 183 1368 In
204 1329 381 1369 verbum
397 1329 608 1381 singultat
629 1334 773 1378 atrox,
794 1334 1067 1381 questusque
1089 1330 1303 1382 superbos
1322 1343 1332 1371 ε

1492 1330 1577 1371 215

737 1446 812 1458 0000
818 1447 977 1459 “Ceu“

172 1513 235 1542 214
258 1510 455 1551 Singultibus
469 1512 535 1542 Ms-
552 1522 658 1553 marg.

787 1609 818 1640 N
825 1608 927 1640 OTAE

171 1683 233 1711 201
256 1680 343 1712 Leda
382 1680 567 1721 Cer-anneis]
611 1682 753 1714 Castore
792 1689 829 1714 et

129 1732 284 1772 Polluce,
299 1733 356 1774 qui
373 1733 520 1764 tonantis
536 1733 647 1773 Jovis,
658 1732 830 1775 κεραυνίου,

130 1783 184 1813 vel
215 1781 454 1822 κεραυνοβόλου,
485 1783 551 1822 vel,
582 1788 620 1814 ut
657 1784 829 1824 Orpheus,

130 1833 352 1874 ἄρχικεραύνου
363 1833 470 1871 Ζηνὸς,
487 1833 561 1873 filii,
579 1834 670 1865 unde
685 1839 719 1866 et
735 1834 829 1866 Διόσ-

130 1894 241 1924 κουροι.
284 1883 339 1914 An
368 1893 449 1914 vero
478 1884 600 1914 Castor
637 1888 673 1915 et
703 1885 830 1915 Pollux

128 1933 219 1964 inter
247 1932 472 1974 Argonautas,
511 1933 638 1964 Nestor
674 1933 756 1964 item
794 1939 830 1965 et

129 1982 311 2019 Hercules,
327 1983 460 2014 curiose
475 1987 641 2023 satagere,
652 1988 706 2014 est
723 1983 829 2015 otium

130 2031 333 2073 desperare:
359 2032 490 2064 variant
517 2033 600 2063 mire
628 2042 744 2064 omnes
767 2032 831 2064 Ar-

131 2084 307 2124 gonautici
328 2085 522 2124 scriptores.
568 2084 704 2116 Videsis
727 2085 833 2115 Euse-

130 2133 237 2172 bium,
258 2138 293 2164 et
315 2134 452 2164 maximi
477 2133 640 2173 Scaligeri
668 2133 830 2165 Animad-

131 2183 313 2220 versiones,
336 2185 390 2214 44.
405 2185 470 2214 &ct
515 2183 587 2214 Ista
601 2193 682 2214 vero
704 2183 831 2214 Noster

132 2232 175 2263 ad
205 2232 428 2263 imitationem
454 2231 571 2262 Ovidii
601 2232 739 2271 scripsit
764 2241 830 2264 vn.

131 2282 274 2314 Metam.
295 2283 305 2298 ‘
322 2281 484 2312 AEmoniae
501 2280 654 2320 matres‚’
666 2283 730 2312 &c.
748 2281 830 2312 Pin-

129 2330 231 2361 darus
257 2340 390 2371 quoque
417 2330 492 2361 illos
522 2336 699 2362 enumerat
726 2331 832 2371 Pyth.

133 2390 182 2412 lv.
230 2381 283 2412 De
310 2380 451 2421 gemmis
472 2390 553 2411 vero
578 2380 762 2411 Cerauneis
786 2381 834 2411 vi-

132 2430 254 2461 deatur
276 2430 368 2461 Plin.
389 2439 538 2461 xxxvu.
554 2433 585 2460 9.
629 2430 764 2460 Tertul.
789 2430 832 2460 de

132 2480 248 2512 babitu
267 2480 438 2519 muliebri,
455 2480 684 2520 Hieronymus
697 2479 739 2510 ad
761 2481 834 2510 De-

131 2530 345 2562 metriadem.
369 2530 536 2560 Prudent.
570 2529 687 2569 ψύχομ.
706 2533 714 2546 ‘
729 2528 830 2560 fulvis

131 2579 265 2611 radiare
277 2578 454 2610 ceraunis!
479 2578 599 2609 Claud.
623 2580 633 2595 ‘
651 2577 714 2609 sub
727 2579 832 2609 antris

132 2629 236 2671 Ignes
247 2627 416 2660 flumineae
428 2629 540 2669 legere
553 2627 722 2659 Ceraunia
737 2637 832 2668 nym-

132 2680 235 2722 phaz!

175 2733 238 2762 202
260 2730 440 2770 Laudatque
464 2739 553 2760 suum
571 2728 742 2768 Calydonia
765 2738 830 2759 ma·

132 2785 180 2812 ter
197 2781 345 2819 OEniden,
357 2781 491 2810 nondum
506 2781 626 2809 tantum
646 2777 746 2818 soror]
772 2778 829 2808 In-

134 2836 267 2871 terpres
285 2837 355 2861 esto
378 2828 481 2862 Ovid.
498 2837 580 2860 vni.
597 2827 738 2859 Metam.
758 2826 828 2867 Hy-

882 1684 952 1723 gin.
982 1685 1057 1714 244.
1097 1682 1284 1714 Pausanias
1321 1681 1353 1712 in
1391 1680 1582 1712 Arcadicis.

881 1733 998 1774 Apoll.
1016 1742 1040 1763 1.
1054 1735 1107 1764 27.
1123 1735 1176 1764 28.
1218 1731 1406 1762 Pausanias
1435 1730 1580 1762 Althaeae

884 1782 1008 1814 fratres
1033 1783 1198 1814 Protoum
1223 1786 1259 1812 et
1282 1782 1461 1818 Cometen,
1478 1780 1581 1811 Ovid.

881 1834 1032 1864 nominat
1053 1834 1261 1873 Plexippum
1280 1836 1316 1862 et
1336 1832 1498 1864 Toxeum.
1523 1831 1581 1861 Ai-

882 1883 969 1915 ludit
999 1893 1077 1914 vero
1108 1882 1281 1913 ovidiana
1315 1881 1393 1920 ista,
1423 1881 1433 1898 ‘
1451 1880 1583 1920 Incipit

883 1943 956 1965 esse
974 1938 1087 1964 tamen
1105 1933 1225 1963 melior
1237 1940 1396 1971 germana
1413 1929 1582 1970 parente!

883 1993 908 2015 1.
932 1985 1038 2015 Trist.
1065 1984 1163 2023 Ele—g.
1190 1985 1222 2014 6.
1245 1983 1255 1999 ‘
1273 1982 1390 2022 thue
1415 1991 1583 2012 cremasse

883 2043 980 2065 suum
996 2032 1107 2064 fertur
1129 2032 1190 2063 sub
1207 2032 1324 2072 stipite
1347 2036 1463 2062 natum
1479 2031 1583 2062 Thes-

884 2084 961 2124 tias,
978 2088 1014 2114 et
1030 2082 1149 2113 melior
1163 2087 1271 2112 matre
1289 2080 1393 2112 fuisse
1408 2080 1529 2112 soror!

926 2136 989 2164 205
1014 2132 1217 2172 Antaeumque
1245 2131 1336 2162 urbes
1358 2131 1473 2171 varioe]
1499 2130 1583 2163 Quis

884 2183 962 2214 ille?
984 2192 1025 2213 an
1050 2182 1210 2221 Libycus,
1226 2181 1280 2212 cui
1306 2180 1407 2211 robur
1422 2189 1545 2210 novum
1563 2189 1583 2210 a

883 2238 992 2262 matre
1009 2231 1122 2262 terra?
1140 2231 1239 2270 λῆροι.
1285 2230 1437 2269 Orpheo,
1452 2229 1582 2260 Pausa-

883 2283 964 2320 niae,
979 2281 1173 2321 Apollonio,
1190 2280 1266 2310 Val.
1287 2280 1421 2317 Flacco,
1433 2283 1487 2310 est
1511 2279 1583 2310 An-

883 2341 988 2370 caeus,
1014 2331 1070 2371 qni
1097 2330 1304 2370 gubernator
1329 2333 1406 2368 post
1431 2328 1581 2369 Tiphyn.

884 2380 1040 2420 Apollod.
1055 2380 1114 2415 τὴν
1134 2379 1209 2409 ναῦν
1221 2379 1365 2417 Ἀγκαῖος
1390 2377 1582 2417 ὑποχαυνοῦ-

883 2441 934 2460 ται
946 2429 1108 2469 κυβερνᾷν.
1126 2437 1149 2459 1.

926 2481 990 2509 206
1012 2479 1058 2510 At
1074 2475 1332 2517 Peloponnesum]
1353 2475 1493 2507 Lucret.
1514 2478 1523 2494 ‘
1538 2476 1581 2507 In

884 2528 1137 2567 Peloponneso,
1159 2535 1241 2567 quas
1268 2525 1381 2556 exitus
1399 2524 1487 2555 hicc'
1510 2526 1582 2556 ani·

885 2576 1038 2613 mai,'&c.
1055 2576 1133 2607 Fuit
1142 2582 1252 2606 autem
1266 2574 1514 2615 prinsAEgialea
1523 2584 1581 2606 vo-

886 2632 976 2659 cata.
1005 2626 1106 2657 ovid.
1122 2630 1157 2657 et
1173 2625 1288 2666 Apoll.
1313 2628 1365 2655 55.
1392 2624 1582 2656 Iolchiacos

885 2682 1002 2716 portus
1013 2676 1198 2706 nominant.
1213 2673 1398 2705 Pausanias
1408 2673 1441 2704 in
1449 2673 1580 2705 Boeoti·

884 2727 931 2758 cis
947 2727 1005 2765 ait,
1021 2726 1236 2766 Tipliaeenses
1252 2729 1440 2756 monstrare
1455 2723 1579 2761 locum,

884 2775 928 2808 ad
945 2785 1042 2817 quem
1056 2774 1147 2816 Argo
1163 2783 1297 2806 reversa
1313 2773 1580 2815 appulerit,306.
