1889 3194
231 313 316 354 566

755 323 956 356 JOSEPHI
992 321 1155 353 lscANl

233 416 369 458 Caede
387 416 487 466 frui,
508 415 721 470 trepidum
744 419 917 471 prensis
937 431 964 458 a
984 416 1148 458 vertice
1169 415 1292 456 canis

233 484 375 537 Erigit
393 485 437 525 in
457 483 632 533 vulnus,
652 484 930 538 gladiumque
952 484 995 523 in
1013 483 1185 524 viscera
1206 482 1358 524 condit

235 551 337 592 Non
356 552 533 603 longum
554 554 758 592 cunctata
778 563 958 592 manus:
988 550 1100 590 levis
1122 549 1183 589 ire
1203 551 1284 590 sub
1304 549 1480 590 umbras

234 617 344 659 Vita
365 618 500 660 hebes
519 631 528 659 z
560 620 657 677 ipse
679 625 824 662 tamen
845 617 1137 658 membrorum
1157 616 1349 670 pondere
1370 616 1530 657 serrum
1594 614 1680 656 800

234 685 488 727 Permissus
510 689 725 730 cecidisse
739 687 883 739 juvat,
903 684 1166 737 tandemque
1188 683 1355 724 dierum

234 752 401 793 Plenus
419 755 526 804 obit,
547 755 656 796 felix
677 754 815 801 senio,
832 752 1051 804 laetusque
1068 751 1267 805 juventa,

235 819 284 859 Si
304 820 455 861 stabili
477 821 648 862 fortuna
667 821 767 868 fide,
792 819 831 859 si
854 818 944 858 fixa
963 822 1168 858 maneret.

233 885 344 927 Post
364 886 593 941 Zephyros
614 888 716 941 plus
736 886 863 926 laedit
884 885 1053 938 hyems,
1075 888 1175 937 post
1196 883 1357 936 gaudia
1376 884 1540 934 luctus,

235 950 361 992 Unde
382 953 488 993 nihil
508 955 679 1004 melius,
700 966 834 1008 quam
853 952 916 992 nil
936 950 1413 992 habuissesecundum.

1596 948 1682 990 805

291 1019 533 1073 Postquam
556 1021 761 1062 Hecubae
775 1019 869 1074 jam
891 1022 1007 1059 certa
1025 1018 1133 1059 mali
1154 1018 1335 1070 vulgata
1354 1016 1540 1058 recentis

235 1085 392 1137 Fama,
412 1088 531 1140 rapit
549 1100 744 1140 gressus,
767 1092 812 1127 et
832 1086 894 1127 nil
914 1089 1121 1126 cunctata
1142 1098 1221 1138 per
1239 1097 1363 1125 enses

232 1152 383 1195 Audet
402 1154 497 1204 iter,
517 1155 767 1208 lacerisque
788 1153 928 1194 comis
950 1156 994 1193 et
1012 1156 1187 1206 pectore
1208 1163 1328 1192 caeso

235 1220 280 1260 It
302 1233 505 1274 quaerens
525 1225 569 1262 et
590 1225 749 1275 questa
767 1221 909 1261 virum
926 1233 937 1261 ε
971 1219 1202 1269 Quisnam,
1222 1217 1382 1271 inquit,
1401 1215 1578 1265 Achivi,

235 1287 474 1339 Lugendos
495 1288 657 1329 misere
679 1292 803 1329 secat
824 1291 943 1328 artus
961 1287 979 1326 Τ
1010 1285 1192 1327 reddet?
1225 1298 1279 1326 an
1300 1284 1421 1325 illum

1599 1280 1685 1323 810

234 1353 441 1394 Praedam
462 1355 635 1405 avibus,
655 1354 940 1408 praedamque
960 1354 1062 1394 seris
1083 1352 1323 1405 sparsistis,
1345 1350 1569 1392 ademtum

237 1419 627 1475 Quaerendumque
647 1421 786 1462 mihi?
819 1421 983 1462 cedunt
1003 1421 1174 1461 turbata
1193 1419 1355 1459 furenti

234 1486 443 1540 Agmina,
465 1489 656 1541 dantque
677 1489 793 1529 viam
812 1501 822 1538 ;
854 1487 944 1539 regi
965 1487 1044 1528 illa
1064 1487 1252 1528 instrata
1270 1487 1457 1538 reperto,

236 1553 343 1594 Heu
359 1567 499 1605 meUS,
520 1555 770 1607 ingeminat,
790 1554 922 1605 longo
944 1557 1049 1607 post
1069 1557 1265 1605 tempore
1286 1555 1407 1592 muta
1424 1565 1435 1593 :

237 1619 358 1669 Heu,
382 1620 523 1669 iterat,
542 1621 803 1673 repetitque,
825 1632 973 1660 meus:
1006 1619 1070 1659 sic
1091 1630 1212 1672 saepe
1233 1618 1396 1671 diuque

1600 1617 1685 1659 815

236 1685 291 1726 In
313 1699 442 1728 voces
464 1687 635 1728 dissuta
656 1687 828 1735 breves,
848 1687 925 1728 vix
947 1686 1135 1740 denique
1156 1689 1343 1739 questus

893 1817 1033 1850 No'rAE

279 1893 342 1921 797
368 1890 494 1922 Prensis
507 1901 526 1922 α
546 1890 658 1922 vertice
674 1892 760 1922 canis
775 1891 884 1930 Erigit
901 1892 935 1922 in

237 1938 363 1978 vulnus]
388 1940 507 1979 Virgil.
526 1950 567 1971 ιι.
592 1941 858 1982 ‘Implicuitque
881 1950 937 1972 co-

237 1999 325 2020 mam
343 1989 449 2020 laeva.'

281 2043 345 2071 799
368 2040 460 2071 Levis
471 2040 516 2071 ire
527 2040 584 2070 sub
601 2039 722 2071 umbras
739 2040 815 2071 Vita
831 2039 935 2080 hebes]

239 2090 328 2122 Quia
364 2090 533 2129 capularis
565 2099 682 2130 senex,
706 2099 874 2121 exsuccus
900 2095 937 2121 et

238 2140 427 2179 exsanguis,
443 2140 511 2170 cito
537 2139 721 2180 expiravit.
752 2141 762 2157 ⁴
777 2140 858 2170 Vita
879 2140 936 2170 he-

237 2189 322 2228 bes,’
345 2195 382 2220 ut
407 2189 587 2228 Virgilius:
622 2189 789 2229 ‘Sanguis
819 2189 935 2225 hebet,

237 2239 433 2280 frigentque
456 2237 571 2269 effoeto
594 2238 628 2269 in
656 2248 800 2278 corpore
826 2239 936 2270 vires.'

237 2289 295 2320 lta
312 2298 319 2318 :
345 2290 353 2306 ‘
366 2289 466 2319 Mens
483 2287 599 2324 hebet,
624 2288 869 2329 adversamque
886 2288 936 2319 fu-

239 2339 290 2379 git
313 2338 498 2369 conterrita
528 2338 635 2368 lucem
651 2337 672 2368 ι’
706 2344 742 2368 nt
765 2343 818 2369 est
845 2339 936 2379 apud

240 2389 469 2429 Augustinum
494 2388 526 2418 in
549 2389 660 2428 Epist.
687 2389 834 2420 Licentii
865 2399 937 2420 ver·

240 2447 307 2478 sus,
332 2443 367 2469 et
395 2438 560 2478 Apuleius
590 2438 633 2469 de
661 2439 832 2470 Nestore:
862 2440 937 2471 ‘cui

239 2497 355 2519 omnes
366 2488 520 2519 sciebant
535 2497 660 2528 corpus
678 2489 772 2520 annis
788 2489 936 2529 hebere,'

240 2543 278 2568 ut
305 2538 358 2568 hie
383 2543 419 2568 et
445 2537 534 2578 apud
559 2537 787 2579 Augustinum
808 2540 935 2571 Petrus

240 2587 393 2618 Pithoeus
408 2587 491 2627 legit
509 2586 652 2618 Advers.
666 2596 706 2619 n.
721 2590 773 2619 10.

283 2640 344 2668 805
374 2638 463 2668 Unde
488 2638 568 2668 nihil
587 2638 707 2677 melius,
722 2649 812 2678 quam
826 2639 871 2670 nil
885 2639 938 2671 ha·

242 2687 340 2717 baisse
354 2686 534 2726 secundum]
562 2687 716 2727 Hyginus
732 2697 787 2720 ιιι.
801 2689 939 2720 Astron.

243 2736 335 2776 poet.
361 2737 459 2767 titulo
482 2737 633 2776 leporis:
662 2738 850 2769 ‘Homines
870 2748 939 2769 me-

242 2786 401 2816 minerint
426 2786 507 2817 nihil
530 2796 605 2818 esse
622 2792 690 2818 tam
707 2788 939 2828 exoptandum

243 2834 277 2864 in
296 2835 375 2875 vita,
390 2835 471 2875 quin
489 2845 529 2867 ex
546 2845 587 2867 eo
605 2837 679 2877 plus
701 2837 826 2869 doloris
839 2847 939 2879 quam

986 1891 1118 1922 loetitiae
1148 1900 1271 1931 capere
1303 1890 1472 1931 posterius
1497 1888 1686 1929 cogantur.'

987 1942 1130 1973 Interea
1146 1945 1271 1980 tamen,
1287 1945 1324 1971 ut
1343 1940 1490 1971 humana
1505 1943 1595 1974 sunt,
1610 1938 1684 1979 quis

987 1989 1158 2022 influentis
1175 1990 1263 2021 dona
1279 1988 1426 2020 fortnnae
1436 1987 1577 2019 abnuit?
1593 1987 1684 2028 quod

989 2041 1119 2072 Seneca
1136 2041 1182 2071 ait
1198 2040 1232 2070 in
1250 2040 1416 2080 Thyeste:
1441 2038 1451 2055 ⁴
1464 2037 1606 2078 Sapiens
1631 2045 1684 2068 es-

989 2094 1037 2129 to,
1051 2090 1138 2131 quod
1149 2090 1216 2121 dici
1234 2090 1341 2120 solet:
1365 2089 1399 2120 Si
1415 2087 1561 2125 dederit,
1574 2085 1686 2122 laetus,

990 2141 1016 2171 si
1034 2140 1102 2171 fors
1126 2139 1336 2180 repetiverit,
1356 2138 1497 2179 aeqnus.'
1540 2137 1685 2176 Fulgen-

990 2190 1056 2221 tius
1084 2190 1169 2220 bene
1192 2198 1218 2220 ι.
1243 2188 1465 2229 Mythologiae
1488 2189 1561 2219 129.
1583 2191 1592 2205 ‘
1608 2187 1688 2218 Sola.

989 2239 1159 2270 medicina
1184 2238 1393 2269 miseriarum
1418 2235 1567 2276 oblivio‚'
1589 2241 1626 2268 et
1646 2245 1688 2267 n.

991 2292 1064 2320 139.
1077 2292 1110 2319 6.
1139 2288 1307 2329 ‘Sapiens
1331 2288 1480 2318 dolorem
1507 2296 1603 2317 suum
1628 2291 1688 2317 aut

990 2338 1195 2379 benignitati
1212 2336 1438 2375 commendat,
1448 2345 1524 2378 quae
1539 2335 1687 2367 omnium

991 2400 1111 2422 munus
1139 2394 1203 2430 est,
1231 2394 1289 2420 aut
1315 2387 1500 2419 oblivioni?
1543 2385 1610 2418 Sed
1632 2395 1687 2417 sn-

991 2449 1197 2481 pervacuum
1224 2443 1277 2470 est
1313 2437 1518 2478 ἆρεταλογεῖν
1540 2448 1547 2466 :
1585 2436 1687 2468 unice

991 2494 1069 2531 post
1085 2498 1182 2520 sacra
1197 2488 1228 2519 id
1246 2487 1318 2527 agit
1332 2488 1475 2518 Seneca.

1033 2541 1096 2569 812
1121 2538 1243 2569 Cedunt
1258 2536 1383 2568 turbata
1391 2534 1520 2574 furenti
1532 2528 1686 2574 Agmina]

991 2589 1048 2621 Ita
1068 2588 1157 2629 apud
1181 2587 1363 2627 Papinium
1389 2586 1514 2617 milites
1535 2584 1686 2617 Jocastae

994 2639 1081 2670 viam
1099 2638 1270 2679 pandunt:
1286 2637 1295 2654 ‘
1305 2635 1501 2676 mediosque
1513 2643 1575 2675 per
1588 2642 1687 2665 enses

994 2689 1090 2720 Dant
1107 2687 1198 2719 iter!

1035 2741 1099 2769 816
1112 2739 1151 2769 In
1164 2747 1248 2769 voces
1262 2737 1382 2767 dissuta
1398 2733 1514 2774 breves]
1531 2733 1686 2765 Distrac-

994 2792 1041 2828 ta,
1053 2786 1208 2828 διεῤῥάγη,
1220 2795 1301 2817 voce
1313 2783 1531 2825 singultiente
1545 2792 1615 2823 prae
1628 2782 1687 2814 do-

993 2837 1064 2870 lore
1076 2838 1133 2869 vix
1148 2837 1272 2869 laxata.
1328 2835 1338 2853 ‘
1351 2835 1396 2866 Et
1410 2833 1462 2865 via
1478 2832 1533 2864 vix
1550 2832 1688 2865 tandem
