1889 3194
271 296 357 338 572

274 400 510 443 Fraternos
532 401 698 443 obiisse
715 401 884 451 dolens,
904 402 1046 442 livore
1068 401 1262 454 maligno

786 308 988 340 JOSEPHI
1025 308 1193 339 lscANl

1638 402 1724 445 910

272 467 479 518 Saucius,
502 468 737 522 Argolicas
758 469 816 510 ad
837 468 959 509 bella
979 467 1173 509 nefanda
1194 468 1372 521 puellas

272 534 508 585 Provocat,
530 540 576 576 et
596 535 774 576 sceleris
794 547 954 576 causas
972 534 1155 574 molitus
1174 535 1340 588 iniqui:

329 600 434 642 Heu
454 603 648 643 miserae!
680 601 787 655 quid
808 613 947 650 sacra,
967 601 1124 654 inquit,
1147 602 1253 654 quid
1272 606 1381 644 vota
1398 605 1462 645 tot
1481 603 1608 646 annis

273 668 522 722 Deplorata
535 669 705 723 juvant,
724 672 988 720 servataque
1002 668 1107 722 jura
1125 669 1310 719 maritis,

274 734 333 775 Et
353 747 574 788 nunquam
590 738 802 775 temerata
822 733 967 774 fides?
998 734 1180 785 rediere,
1202 736 1298 786 sed,
1320 749 1440 788 ecce,

274 800 414 841 Fama
434 813 565 841 nurus
585 800 800 854 Phrygias
819 800 950 841 simul
971 800 1225 852 adventare,
1245 809 1501 858 premetque

1640 737 1728 782 915

274 868 473 909 Barbara
491 867 675 908 servitio
698 867 915 908 thalamos
938 868 1119 921 captiva
1139 869 1324 922 priores.

274 935 418 976 Immo
441 946 538 986 age,
559 933 846 975 Lemniadum
864 947 1092 985 memores,
1114 936 1284 986 audete,
1305 937 1527 991 Pelasgae,

273 1001 367 1043 Par
388 1000 570 1050 factum,
593 1001 742 1042 causis
762 1001 959 1054 paribus.

1018 1002 1288 1056 Trepidatis,
1307 1004 1466 1045 inertes
1478 1006 1496 1045 2

275 1069 474 1122 Imperat
494 1067 687 1120 indignis
708 1068 855 1121 pellex
873 1069 1021 1121 regina
1036 1070 1212 1123 puellis.

1641 1072 1728 1114 9:20

330 1134 426 1176 Vix
443 1135 556 1184 haec,
580 1140 625 1176 et
644 1135 809 1176 subitos
830 1135 1028 1188 vulgavit
1047 1137 1165 1178 fama
1181 1139 1408 1189 tumultus,

277 1201 508 1255 Argolicos
529 1201 707 1243 venisse
728 1202 878 1243 duces.
931 1203 970 1244 Ο
994 1217 1092 1246 rara
1111 1205 1309 1246 Deorum

274 1268 331 1310 In
350 1268 480 1310 finem
494 1268 707 1323 producta
725 1268 835 1310 fides
853 1271 862 1311 !
909 1270 983 1311 Sis
999 1274 1189 1325 tempore
1207 1272 1341 1324 longo

279 1335 484 1381 Faustus,
507 1335 570 1375 sis
593 1336 748 1389 quovis
769 1336 925 1390 major,
948 1338 1068 1391 quid,
1089 1339 1240 1388 stulte,
1262 1338 1462 1391 superbis
1478 1339 1497 1378 ’ἱ

276 1401 443 1443 Ultima
460 1401 612 1443 felices
632 1406 742 1444 aetas
761 1403 894 1445 facit:
925 1417 980 1446 en
999 1406 1129 1446 habet
1144 1405 1290 1458 Argos

934 1547 1076 1580 NOTAE

276 1629 378 1670 πατὴρ
400 1630 519 1669 ’γίνεται
545 1631 676 1672 Οἴρακος
696 1632 747 1664 καὶ
771 1631 971 1672 Παλαμήδου.

278 1681 370 1720 Lege
399 1680 576 1720 Οἴακος-,ιη
603 1681 706 1713 habet
732 1682 973 1722 Philostratus,

278 1729 432 1770 Coimus,
443 1730 600 1762 Valerius
610 1731 764 1762 Flaccus.
788 1731 972 1763 Philostra-

278 1782 331 1809 tus
364 1788 454 1819 vero,
486 1780 617 1812 Seneca
643 1781 677 1811 in
708 1780 973 1820 Agamemnone,

278 1829 441 1870 Propert.
454 1839 520 1861 vn.
538 1831 634 1871 Virg.
652 1831 835 1871 Euripides
858 1833 890 1862 in
909 1832 979 1863 He-

279 1879 370 1919 lena,
386 1879 584 1912 Ammianus
605 1882 751 1913 Marcel.
773 1891 869 1913 xxii.
885 1883 980 1914 Stra-

278 1927 321 1959 bo
334 1937 415 1960 vm.
438 1938 471 1970 p.
486 1932 560 1960 254.
587 1931 801 1971 Lycophron,
819 1931 977 1972 Hyginus

277 1977 346 2010 fab.
365 1981 437 2010 116.
459 1980 618 2022 Nauplio,
642 1990 708 2013 non
724 1981 832 2022 OEaci,
856 1982 890 2013 id
918 1983 978 2014 tri-

279 2027 402 2059 buunt.

321 2080 382 2108 913
401 2077 481 2109 Vota
496 2081 541 2110 tot
554 2079 646 2110 annis
663 2079 838 2120 Deplorata
844 2079 978 2123 juvant]

276 2126 516 2166 Ἀπεγνωσμένα
531 2127 606 2168 ἱερά.

320 2180 383 2209 918
411 2178 616 2209 Lemniadum
641 2179 803 2220 memores]
837 2180 978 2211 Prolixe

279 2226 477 2260 describunt
500 2228 624 2269 Papin.
648 2229 753 2261 Theb.
771 2239 806 2261 v.
823 2235 859 2262 et
876 2230 977 2262 Vale-

281 2276 348 2307 rius
364 2277 503 2308 Flaccus
522 2286 563 2308 11.

322 2328 385 2356 923
412 2327 441 2356 0
464 2336 536 2357 rara
560 2327 698 2358 Deorum
724 2327 764 2358 In
781 2328 883 2369 finem
905 2338 978 2369 pro-

279 2376 373 2406 ducta
397 2376 499 2417 fides]
538 2376 718 2407 Lucanus:
757 2377 767 2393 ‘
797 2378 828 2408 O
860 2377 977 2410 faciles

280 2426 362 2456 dare
386 2437 512 2458 summa
543 2428 645 2465 Deos,
672 2427 859 2469 eademque
887 2430 977 2460 tueri

282 2474 468 2507 Difficiles!
513 2476 566 2506 Dc
588 2476 787 2507 Graecornm
807 2478 977 2510 seditione

280 2525 359 2556 vide
373 2525 604 2565 Thucydidem
621 2535 647 2556 1.
675 2536 709 2565 p.
725 2529 756 2557 9.
772 2531 807 2558 et
824 2527 978 2568 inprimis

281 2574 369 2605 illius
394 2575 554 2606 Graecum
577 2576 813 2615 interpretem,
836 2578 893 2618 qui
917 2588 979 2619 per

282 2629 397 2664 partes
414 2629 591 2656 enumerat
609 2635 642 2665 p.
657 2628 690 2656 9.

323 2676 384 2705 925
414 2675 534 2706 Ultima
549 2674 663 2713 felices
684 2679 763 2706 oetas
780 2677 882 2717 facit]
909 2677 979 2709 He—

283 2723 393 2755 rodoti
424 2724 457 2754 in
483 2725 558 2755 Clio
584 2725 760 2756 notissima
786 2731 840 2757 est
861 2725 980 2765 γνώμη,

283 2782 383 2812 quam
406 2773 540 2804 brevius
564 2779 599 2805 et
621 2774 754 2806 felicius
776 2776 850 2816 ipso
865 2778 980 2817 expri-

284 2822 345 2853 mit
357 2822 509 2854 Ovidius.
523 2823 699 2864 Syracidae
712 2825 831 2857 eadem
843 2835 917 2868 cap.
928 2836 979 2859 xr-

1030 1637 1063 1666 3.
1086 1634 1145 1674 πρὸ
1178 1636 1330 1672 τελευτῆς
1356 1635 1400 1674 μὴ
1428 1634 1576 1676 μακάριζε
1599 1634 1728 1676 μηδένα,

1029 1682 1080 1714 καὶ
1107 1683 1140 1714 ἐν
1161 1683 1281 1716 τέκνοις
1295 1685 1391 1716 αὑτοῦ
1403 1684 1618 1724 ’γνωσθήσεται
1639 1685 1729 1726 ἀνήρ.

1030 1732 1181 1764 Eandem
1210 1734 1414 1765 sententiam
1442 1740 1608 1774 usurpant
1630 1735 1732 1766 Euri-

1030 1781 1126 1822 pides
1142 1782 1175 1813 in
1190 1783 1389 1818 Troadibus,
1406 1784 1589 1823 Sophocles
1611 1783 1645 1814 in
1668 1785 1728 1816 OE-

1029 1832 1108 1872 dipo
1132 1837 1287 1873 tyranno,
1309 1837 1344 1864 et
1366 1833 1567 1870 Trachiniis,
1594 1833 1729 1866 Plutar-

1030 1883 1112 1914 chus
1137 1884 1170 1913 in
1189 1883 1325 1923 Solone,
1341 1884 1472 1915 Plinius
1487 1893 1552 1915 vu.
1566 1886 1621 1915 40.
1664 1885 1727 1918 Ju-

1031 1942 1106 1964 ven.
1128 1941 1164 1965 x.
1208 1932 1378 1964 Ausonius
1407 1933 1440 1964 in
1467 1933 1569 1965 dictis
1597 1939 1729 1975 septem

1027 1981 1381 2022 Sapientnm,Seneca
1394 1982 1436 2013 de
1447 1982 1623 2024 Tranquil.
1634 1993 1665 2016 c.
1676 1987 1688 2015 1
1698 1987 1731 2016 1.

1030 2035 1066 2062 et
1082 2031 1191 2071 Epist.
1208 2034 1261 2063 47.
1299 2032 1474 2072 Chrysost.
1495 2032 1593 2064 initio
1611 2033 1730 2065 Homi-

1029 2080 1081 2111 liae
1105 2081 1140 2111 in
1164 2081 1377 2112 Eustathium
1405 2091 1439 2122 p.
1455 2083 1529 2113 643.
1562 2083 1728 2115 Eusebius

1031 2130 1224 2170 Praeparat.
1254 2140 1318 2162 xv.
1342 2133 1374 2162 4.
1404 2131 1483 2172 ῥᾷον
1509 2133 1573 2163 τῶν
1599 2132 1732 2172 φύλλων

1030 2179 1108 2218 αὕτη
1136 2180 1198 2221 (de
1222 2180 1419 2212 Aristotelis
1446 2182 1658 2215 beatitudine
1680 2183 1732 2215 lo-

1031 2231 1161 2271 quitur)
1181 2229 1231 2262 καὶ
1248 2230 1317 2270 φύει
1332 2230 1383 2262 καὶ
1398 2231 1573 2272 ἀπολείπει,
1585 2233 1642 2264 οὐκ
1657 2231 1731 2264 ἄνα·

1029 2280 1165 2319 μένουσα
1193 2279 1455 2320 περιτελλόμενον
1485 2281 1543 2313 τὸν
1579 2282 1731 2322 ἐνιαυτὸν,

1031 2330 1093 2361 οὐδ’
1112 2329 1264 2369 αὐτοετεὶ,
1285 2330 1345 2361 οὐδ’
1363 2330 1525 2372 αὐτομηνὶ,
1541 2331 1616 2362 ἀλλ’
1633 2331 1730 2369 αὐτῆς

1030 2379 1253 2420 ῆμέρας,αὐτῆς
1265 2381 1353 2420 ὥρας,
1365 2380 1415 2411 καὶ
1425 2380 1557 2420 γίνεται,
1569 2381 1620 2412 καὶ
1631 2381 1731 2413 ἀπόλη

1032 2436 1136 2462 λυται.
1161 2432 1236 2462 Nec
1253 2430 1436 2463 infeliciter
1451 2432 1576 2463 Vitalis
1591 2432 1732 2463 Blesen-

1033 2480 1097 2511 sis:
1134 2481 1144 2498 ‘
1166 2480 1201 2511 Si
1231 2490 1330 2521 quem
1356 2480 1490 2512 felicem
1523 2481 1573 2512 vis
1600 2480 1732 2520 dicere,

1033 2531 1170 2562 consule
1206 2530 1330 2562 finem:
1370 2532 1480 2562 Nemo
1517 2531 1610 2570 prius
1646 2530 1731 2562 felix

1033 2590 1131 2621 quam
1159 2581 1321 2611 morietur
1345 2580 1434 2613 erit!
1479 2579 1675 2612 Aristotelis
1691 2591 1732 2613 ea

1033 2639 1136 2670 super
1153 2639 1188 2660 re
1211 2630 1380 2661 sententia
1404 2634 1455 2661 est
1475 2629 1606 2660 Ἠθικῶν
1629 2639 1655 2660 1.
1678 2634 1731 2663 10.

1033 2684 1068 2709 et
1081 2688 1121 2710 n.
1135 2682 1165 2710 1.
1190 2679 1278 2710 Vide
1291 2679 1421 2719 prolixe
1438 2679 1729 2713 Piccolomineum

1034 2728 1154 2760 Gradu
1172 2738 1224 2760 ix.
1251 2739 1280 2760 c.
1299 2731 1351 2760 30.
1377 2730 1442 2759 ὅτε.
1470 2733 1506 2760 et
1533 2728 1729 2762 Aristotelis

1035 2779 1291 2818 paraphrasten
1310 2777 1538 2810 Andronicum
1555 2778 1729 2813 Rhodium

1033 2838 1058 2861 1.
1080 2832 1132 2860 17.
