1889 3194
572 312 634 342 DE
668 311 822 342 BELLO
854 311 1081 344 TROJANO
1114 314 1211 345 LlB.
1242 315 1287 346 V·

201 405 380 448 Troilus
402 404 615 459 anticipat
635 405 807 459 spatiis,
828 405 909 447 hos
929 406 1088 448 tertius
1110 419 1213 449 acer

202 473 374 526 AEquat
394 471 659 521 Alexander,
681 471 873 526 reliquos
894 472 975 514 fert
995 474 1182 527 impetus
1203 472 1338 522 idem,

203 540 289 582 Sed
310 540 447 581 minor
462 544 538 580 aut
552 539 740 593 pedibus
761 540 916 589 virtus,
936 544 1014 581 aut
1033 541 1232 582 curribus
1249 540 1397 582 ardor.

257 607 436 648 Primus
456 610 503 647 ut
522 605 759 659 Argolicos
779 607 920 648 tonsis
943 607 1209 649 certantibus
1235 606 1403 649 Hector

202 674 396 715 Densius
413 673 545 714 allabi
562 674 713 722 cernit,
734 686 928 726 quonam
947 675 1138 728 impetus
1154 676 1172 716 Τ
1204 675 1361 729 inquit,

200 741 370 790 Sistite,
385 740 648 789 Tantalidae,
668 740 830 781 mediis
853 742 1154 782 concurrimus
1173 742 1302 783 undis
1319 754 1331 784 ε

199 807 389 849 Tutores
408 808 542 849 habet
561 807 679 848 unda
699 819 827 848 suos:
859 808 924 848 sic
946 807 1076 858 fatus,
1097 809 1276 850 anhelos

1562 808 1647 849 140

201 873 254 915 In
273 875 435 916 fluctus
457 874 651 916 admittit
671 886 827 928 eqUOS‚
847 875 1119 929 propiusque
1140 876 1374 917 minantem

199 940 478 995 Phyllacidae
498 943 681 995 puppim
703 945 824 982 torta
844 943 1163 983 transverberat
1184 942 1328 991 hasta,

199 1007 440 1062 Affigitque
457 1008 625 1061 Lycum
646 1008 786 1057 clavo,
807 1010 1054 1062 paucisque
1077 1009 1334 1050 cachinnum

205 1073 422 1130 Asperat:
456 1075 477 1116 I
500 1075 658 1129 pelago
679 1078 815 1125 tutus,
836 1088 924 1116 non
947 1081 989 1116 te
1011 1088 1164 1129 aequor
1184 1080 1227 1117 et
1248 1077 1392 1118 Eurus

199 1141 454 1191 Excutient,
476 1141 626 1182 stabili
647 1141 800 1195 pinum
819 1141 1098 1182 moderabere
1124 1142 1292 1193 dextra,

197 1209 443 1250 Phasiacas
465 1208 569 1249 dum
587 1209 747 1262 quaeris
768 1221 891 1262 opes.

949 1209 1199 1250 Turbantur
1223 1210 1383 1253 Achivi
1400 1226 1411 1263 ;
1558 1146 1643 1186 14ῠ

197 1276 436 1317 Intendunt
455 1276 626 1317 animos
646 1275 852 1328 Phrygii3
873 1275 975 1316 ferit
996 1280 1112 1317 astra
1132 1277 1343 1318 tumultus

197 1343 451 1384 Dissonus:
473 1347 542 1383 ast
564 1342 687 1383 Echo
709 1341 952 1394 dedignans
974 1343 1158 1382 barbara
1178 1342 1401 1394 Graecum,

201 1409 382 1463 Frangit
401 1409 647 1463 inexpletas
667 1409 825 1449 iterato
844 1421 1060 1449 murmure
1082 1422 1231 1451 voces.

255 1477 408 1530 Ocyus
431 1475 709 1530 Hysiphides
730 1488 894 1517 vacuas
915 1477 1097 1517 rectoris
1118 1477 1317 1519 habenas
1562 1480 1645 1522 150

197 1544 405 1594 Intuitus,
426 1544 546 1585 subit
567 1544 678 1596 ipse,
699 1546 741 1584 et
760 1547 853 1585 toto
874 1544 1028 1584 robore
1050 1544 1200 1597 pinum

196 1611 456 1665 Praecipitat
473 1624 483 1652 :
513 1610 637 1652 volat
654 1610 744 1656 illa,
765 1614 809 1651 et
829 1622 929 1651 sese
950 1611 1140 1664 infringit
1160 1612 1299 1653 arenis

196 1678 327 1720 Iratae
349 1678 522 1728 similis,
544 1691 596 1719 ac
618 1678 740 1719 sicco
761 1677 973 1731 naufraga
992 1687 1123 1733 portu

194 1747 407 1800 Explicat
428 1745 735 1787 Haemonidas.

794 1745 909 1787 Mox
928 1760 1028 1787 cum
1049 1747 1227 1801 perjura
1249 1751 1412 1789 teneret

197 1812 380 1864 Littora,
403 1816 445 1855 et
462 1812 628 1854 invisas
649 1806 815 1867 primus
836 1814 1029 1856 calcaret
1049 1827 1221 1865 arenas,

1560 1816 1644 1859 155

847 1934 991 1967 NOTAE

190 2007 303 2049 ‘plebs
313 2007 458 2039 amnium
469 2010 504 2039 et
512 2010 677 2039 astrorum
685 2006 694 2022 ’
704 2007 894 2041 Ennodius.

195 2058 312 2090 Graeci
321 2058 438 2089 eodem
448 2058 547 2089 modo
555 2055 678 2096 κύματα
689 2059 786 2090 λαῶν.
799 2059 893 2090 Non-

194 2119 257 2140 nus
273 2120 280 2139 :
297 2107 430 2147 ποταμοὶ
441 2107 664 2148 πυρόςμπηγαὶ,
674 2109 795 2149 κρουνοὶ
811 2111 893 2141 Pin-

194 2160 309 2190 darus.
355 2159 411 2189 Ita
428 2158 549 2198 passim
566 2157 668 2198 νέφος,
685 2158 818 2199 νιφάδες,
834 2159 892 2198 χύ·

191 2221 246 2248 μα,
261 2207 364 2247 χύσις,
380 2206 507 2247 στόλος,
530 2207 634 2246 ἑσμὸς,
652 2209 750 2248 φῦλα,
763 2208 889 2248 φάλαγ-

190 2271 257 2299 γες.
273 2258 388 2298 θίασος,
402 2257 523 2297 στίφος,
547 2258 698 2299 συρφετὸς
719 2259 890 2299 Clirysost.

192 2315 232 2341 ut
248 2314 282 2340 et
298 2307 476 2348 πλημμύρα,
489 2308 651 2348 δροῦγγος,
667 2313 702 2338 et
714 2318 789 2349 quae
802 2308 889 2340 illius

191 2359 327 2401 generis
342 2359 375 2390 in
392 2358 556 2389 ditissima
571 2358 696 2398 lingua,
719 2367 825 2399 prope
840 2359 890 2389 in-

190 2410 300 2442 finita.

234 2463 295 2492 135
320 2459 466 2500 Reliquos
470 2458 542 2497 fert
554 2457 688 2499 impetus
702 2457 798 2498 idem]
822 2458 886 2490 Fa-

188 2509 320 2541 miliare
337 2508 463 2541 Ovidio
480 2508 641 2549 loquendi
662 2517 789 2548 genus:
805 2509 814 2525 ‘
827 2509 889 2539 Est

187 2560 269 2592 mihi
295 2569 357 2600 per
381 2568 487 2589 saevas
511 2558 656 2598 impetus
678 2559 727 2589 ire
754 2556 845 2588 feras
860 2557 887 2588 ε’

189 2611 264 2642 aliis
278 2609 382 2641 etiarn
397 2609 569 2639 usitatum.
615 2608 669 2639 Sic
688 2609 697 2625 ‘
713 2609 802 2639 illam
820 2608 888 2640 fert

186 2661 336 2701 impetus
367 2659 438 2698 ipse
469 2657 663 2698 volantem‚'
686 2658 752 2689 καθ’
780 2658 886 2699 ὁρμὴν,

187 2711 350 2743 Naziauz.
372 2710 472 2742 Orat.
488 2717 580 2740 xvn.
593 2718 625 2750 p.
637 2712 711 2741 266.
719 2710 888 2751 ὁρμητικῶς

188 2760 258 2799 ἔχει
272 2759 402 2800 ῥόμβον,
418 2764 515 2790 vocat
533 2759 722 2791 Pindarus:
750 2759 886 2799 μαιμάσ·

187 2822 264 2847 σειν,
281 2817 319 2842 ut
334 2809 475 2851 exponit
493 2809 742 2841 Nazianzenus.

232 2864 294 2894 148
309 2860 392 2893 Echo
400 2860 571 2899 dedignans
582 2859 712 2891 barbara
726 2859 888 2902 Graecum]

945 2009 1063 2041 Festus
1077 2020 1085 2041 :
1104 2010 1113 2028 ‘
1129 2010 1351 2042 Barbaricum
1368 2013 1559 2053 appellatur
1575 2014 1642 2045 cla-

943 2069 1016 2090 mor
1048 2061 1238 2092 exercitus:
1276 2061 1446 2097 videlicet,
1481 2063 1567 2104 quod
1600 2073 1642 2094 eo

944 2119 1070 2149 genere
1088 2110 1220 2141 barbari
1237 2111 1400 2142 utantur.’
1426 2112 1571 2143 Barbari
1584 2123 1641 2144 au-

945 2164 1012 2189 tem
1030 2160 1167 2200 proprie
1184 2161 1337 2201 Phryges
1353 2160 1449 2197 dicti,
1473 2167 1510 2193 ut
1525 2171 1642 2193 monu—

944 2209 972 2239 it
997 2209 1168 2249 Josephus
1194 2210 1358 2250 Scaliger,
1388 2211 1422 2241 in
1449 2212 1642 2253 conjectan.

944 2259 1115 2290 Meursius
1141 2259 1182 2291 ad
1211 2261 1482 2301 Lycophronem,
1505 2271 1539 2302 p.
1568 2264 1642 2294 137.

944 2308 1032 2348 quod
1043 2318 1084 2339 ex
1096 2309 1241 2340 Horatio
1251 2309 1480 2349 manifestum,
1491 2311 1642 2343 ‘Graecia

944 2357 1114 2389 barbariae
1139 2359 1232 2389 lento
1259 2359 1378 2390 collisa
1402 2359 1540 2391 duello.'
1582 2361 1640 2392 Sic

943 2406 1042 2446 infra,
1070 2417 1146 2439 cum
1170 2408 1218 2439 ait
1240 2408 1283 2439 de
1314 2408 1420 2441 effuso
1452 2411 1639 2452 sanguine:

943 2458 952 2475 ‘
968 2458 1116 2498 Phrygio
1133 2458 1272 2489 Graecus
1295 2459 1426 2490 sociare
1444 2460 1598 2501 superbit
1614 2462 1641 2491 :'

941 2506 1091 2546 πολέμιον
1121 2513 1156 2539 et
1184 2507 1340 2539 ἄσπονδον
1360 2511 1554 2551 exprimere
1581 2521 1639 2543 vo-

941 2558 1016 2589 luit.

984 2610 1046 2639 152
1059 2608 1102 2638 Et
1115 2618 1177 2638 sese
1189 2608 1334 2649 infringit
1348 2609 1466 2650 arenis]
1485 2619 1511 2641 1.
1530 2614 1538 2628 ¹
1551 2610 1639 2643 frac-

941 2663 1060 2699 tasque.
1076 2656 1218 2689 offendit
1234 2658 1377 2691 arenas.’
1401 2659 1496 2700 Virg.
1510 2670 1546 2692 x.
1561 2662 1635 2694 AEn.

940 2708 950 2726 ‘
965 2709 1162 2749 sulcumque
1179 2709 1244 2739 sibi
1263 2713 1396 2749 premat
1412 2709 1484 2749 ipsa
1499 2711 1637 2743 carina)

940 2763 978 2790 et
994 2763 1135 2800 postea:
1160 2758 1170 2775 ‘
1185 2758 1341 2799 Namque
1363 2757 1493 2791 inflicta
1520 2761 1637 2792 vadis.'

939 2808 1105 2849 Papinius
1142 2807 1186 2838 de
1211 2806 1344 2839 Achille
1367 2816 1393 2839 1.
1417 2808 1636 2854 ‘digitosque

940 2863 1100 2891 sonantes
1117 2857 1278 2899 Infringit
1292 2857 1459 2891 citharae.'
