1889 3194
503 317 565 345 DE
602 316 758 345 BELLO
790 316 1015 346 TRoJANo
1050 316 1145 347 LiB.
1179 317 1209 346 1.

133 409 338 451 Fluctuat
355 411 581 463 ambiguus
598 410 784 464 Tiphys,
801 423 940 463 prope
960 410 1105 452 littora
1126 414 1300 463 spectat
1318 423 1329 461 ;

132 476 400 530 Suspectam
420 477 625 518 formidat
644 477 835 527 humum,
855 478 1077 530 discitque
1098 478 1267 528 timere,

133 541 234 592 Quo
253 545 393 583 tutum
418 545 624 597 sperabat
644 545 753 586 iter:
784 545 917 587 timor
936 545 1055 586 elicit
1082 548 1236 585 artem.

132 609 400 650 Consultura
419 609 582 650 vadum
600 612 767 652 medias
787 611 928 652 minor
946 611 1071 652 alnus
1091 611 1137 651 in
1158 610 1300 652 undas

132 675 329 725 Pellitur,
349 683 395 717 et
416 682 550 718 conto
577 679 754 719 metitur
775 678 929 731 judice
948 682 1145 732 pontum.

131 742 315 783 Littoris
336 743 508 784 insidiae
529 749 765 798 postquam
787 749 979 798 patuere,
1002 750 1159 785 coacto

131 808 249 850 Inter
267 813 495 863 utrumque
517 811 659 851 solum
682 811 915 851 decurrens
931 811 1070 852 limite
1090 812 1258 865 puppis

131 875 252 916 Arva
267 876 409 929 petita
428 877 600 929 premit,
620 877 870 931 fractasque
890 878 1070 919 offendit
1091 892 1263 920 arenas.

189 941 310 992 Quid
328 956 561 983 memorem
582 944 808 984 AEsonidae
829 944 960 984 duras
980 944 1227 986 incumbere
1248 945 1369 998 leges

131 1007 276 1050 AEetae
297 1009 513 1063 imperio?
545 1010 651 1064 quid
672 1011 837 1051 semina
851 1010 976 1063 jacta
990 1012 1009 1051 ’.Ρ
1041 1012 1144 1065 quid
1165 1012 1320 1052 hostes

131 1074 401 1128 Terrigenas,
416 1076 666 1130 Martisque
687 1077 838 1126 boveS,
859 1077 1052 1130 saevique
1075 1077 1297 1119 Draconis

1495 305 1579 347 381

1493 678 1578 719 170

131 1140 389 1183 Excubias‘?
421 1143 534 1195 ignis
554 1143 703 1184 virtuti
724 1144 840 1184 cedit
862 1149 904 1185 et
924 1145 1054 1193 ensis,

130 1207 414 1262 Eripiturque
434 1214 595 1251 emtum
616 1223 784 1250 summo
805 1210 1054 1251 discrimine
1074 1212 1226 1252 vellus.

132 1273 396 1328 Neptunum
416 1277 609 1317 sensisse
634 1280 789 1329 putes:
821 1277 1093 1330 fugientibus
1116 1291 1268 1332 aequor

131 1339 280 1382 Altius
302 1343 523 1392 intumuit,
542 1343 758 1396 fractique
779 1345 820 1385 in
838 1344 987 1384 littore
1008 1344 1170 1385 fluctus

591 1409 774 1459 Procul,
794 1422 820 1450 o
838 1410 991 1462 procul
1008 1411 1081 1461 ite,
1102 1411 1299 1464 profani!

129 1406 363 1449 Intonuere
385 1408 530 1450 simul.

1494 1342 1579 1384 180

736 1537 791 1550 ote
797 1538 973 1550 eeeeeeeeo

175 1604 236 1634 174
260 1603 370 1634 Moror
386 1602 452 1635 Ms.
468 1612 572 1644 marg.

793 1699 937 1733 NOTAE

175 1785 236 1814 177
261 1783 352 1822 Ignis
372 1784 484 1815 tirlutt'
498 1784 579 1816 cedit
590 1787 619 1816 et
634 1784 731 1826 ensis]
743 1784 828 1816 ‘'On--

133 1838 192 1864 λον
227 1832 378 1872 με”γιστόν
410 1835 497 1866 ἐστιν
522 1834 542 1872 ἡ
573 1834 667 1875 ἀρετὴ
692 1836 828 1875 βροτοῖς.

132 1883 230 1916 Stob.
264 1893 362 1917 serm.
388 1894 414 1917 1.
464 1885 661 1916 Aristotelis
691 1885 827 1916 scolior.

133 1933 271 1975 eiegans
306 1939 369 1970 est,
415 1935 509 1975 ἀρετὴ
543 1933 736 1974 πολύμοχθε,
763 1936 828 1966 &c.

134 1984 291 2025 Ovidius,
337 1986 345 2003 ‘
364 1985 460 2016 Invia
498 1985 618 2016 virtuti
646 1986 740 2016 nulla
775 1989 831 2016 est

135 2033 212 2065 via!
236 2034 334 2066 Cui-t.
376 2040 385 2053 ¹
403 2035 498 2067 Nihil
529 2040 598 2066 tam
619 2035 688 2066 alte
713 2038 831 2066 natura

134 2084 325 2124 constituit,
339 2095 405 2126 quo
423 2086 529 2117 virtus
545 2094 611 2116 non
634 2084 742 2126 possit
765 2084 835 2115 eni·

137 2135 188 2166 til
247 2137 346 2168 Unde
389 2136 559 2168 Hesiodus
597 2137 759 2168 virtutem
797 2136 830 2167 in

138 2195 222 2226 rupe
240 2195 315 2217 cuni
334 2186 503 2218 Simonide
516 2186 667 2224 locabat,
688 2186 831 2218 Cointus

137 2237 172 2267 in
202 2236 321 2267 arbore
348 2235 504 2276 δυσβάτῳ.
531 2237 638 2268 Ciem.
661 2236 759 2268 Alex.
781 2245 830 2267 iv.

141 2286 210 2317 ἔστι
229 2297 278 2318 τις
293 2285 392 2326 λόγος
410 2284 473 2317 τῶν
485 2287 600 2328 ἀρετῶν
614 2286 707 2317 ναίειν
717 2287 831 2324 δυσαμ-

140 2335 250 2371 βάτοις
273 2336 323 2367 ἐπὶ
353 2335 488 2377 πέτραις,
517 2339 582 2368 &c.
622 2336 681 2367 ubi
707 2336 831 2367 videsis

139 2386 283 2417 Pindari
299 2391 334 2418 et
359 2387 507 2428 AEschyii
523 2386 616 2417 dicta
628 2386 714 2425 eleg.
734 2386 834 2425 μοῖραι

142 2435 204 2477 ’γὰρ
227 2435 365 2476 μείζονες
378 2434 516 2475 μείζονας
529 2434 635 2477 μοίρας
656 2433 835 2474 λαγχάνου-

140 2500 184 2528 σι,
200 2494 236 2520 ut
252 2489 331 2519 inibi
348 2499 423 2520 cum
438 2488 616 2520 Heraclito
632 2487 726 2518 dicit.

186 2542 248 2571 179
263 2540 442 2579 Neptunum
457 2538 588 2570 sensisse
596 2537 698 2578 putes]
717 2535 834 2567 Poe'tis

142 2589 271 2621 usitata.
299 2587 504 2628 στοιχείωσις.
525 2597 560 2620 v.
594 2587 707 2618 ‘Vota
728 2586 834 2617 virum

140 2639 287 2671 valuisse
303 2639 425 2681 putes.'
442 2648 493 2670 vr.
515 2644 524 2658 ‘
538 2638 683 2670 sensisse
699 2641 836 2678 putares

142 2689 376 2730 Cornipedes:
387 2690 397 2707 ‘
405 2689 550 2721 Hostem
563 2687 772 2728 Ingemuisse
782 2696 842 2727 pu-

142 2739 220 2772 tes!
250 2740 373 2780 Papin.
389 2739 494 2771 Theb.
511 2748 567 2770 rx.
590 2742 599 2756 ‘
615 2736 773 2775 Audisse,
784 2745 839 2767 ac-

144 2798 346 2830 sensumque
357 2787 479 2830 putes.'
492 2789 530 2819 it.
548 2796 630 2819 vm.
640 2787 752 2827 ‘putes
762 2794 834 2816 sen-

146 2840 229 2870 sisse
246 2843 437 2880 repugnant
453 2835 688 2878 Cornipedes.'
710 2836 837 2867 Lucan.

885 1794 951 1816 vn.
966 1785 976 1802 ⁴
988 1784 1201 1825 Ingemuisse
1215 1788 1314 1824 putes
1329 1783 1492 1824 campos!
1514 1784 1581 1816 Pe-

882 1835 1013 1866 tronius
1029 1835 1072 1866 de
1089 1835 1186 1866 Bello
1203 1834 1315 1865 Civili.
1345 1834 1495 1865 ‘Coeium
1510 1835 1580 1865 illic

882 1884 1049 1916 cecidisse
1073 1884 1195 1924 putes?
1222 1883 1326 1915 Ovid.
1347 1884 1498 1915 Canaces
1514 1884 1580 1924 Ep.

882 1935 892 1953 ‘
905 1935 1048 1976 Vagitus
1059 1934 1156 1965 dedit
1168 1935 1225 1965 ille
1241 1934 1356 1973 miser,
1366 1933 1506 1964 sensisse
1523 1942 1583 1973 pu-

884 1984 995 2017 tares!
1041 1984 1189 2016 Neronis
1205 1992 1339 2024 quoque
1362 1981 1443 2013 iilud
1459 1981 1582 2022 fertur,

882 2036 891 2051 ‘
909 2034 969 2065 sub
987 2034 1086 2065 terris
1098 2033 1249 2065 tonuisse
1264 2031 1387 2072 putes:
1408 2031 1498 2071 quod
1513 2032 1581 2062 Lu-

884 2093 1004 2115 canum
1023 2083 1056 2114 ἐν
1074 2082 1270 2123 κοιλιολυσίᾳ
1291 2079 1504 2121 ἀποπέρδοντα
1518 2081 1582 2112 ite·

884 2143 988 2170 rasse,
1003 2133 1143 2165 Sueton.
1157 2133 1190 2164 in
1205 2133 1310 2172 ipsius
1325 2132 1396 2162 vita
1410 2136 1538 2162 narrat.

927 2187 986 2216 181
1004 2185 1131 2224 Procul,
1142 2194 1159 2214 ο
1173 2184 1278 2223 procul
1293 2183 1349 2223 ite,
1361 2181 1499 2221 profani]
1516 2181 1582 2212 Or—

885 2234 962 2274 phei
981 2238 1046 2271 est,
1060 2232 1149 2274 θύρας
1169 2232 1308 2264 ἐπίθεσθε
1325 2229 1484 2267 βεβήλοις.
1507 2230 1583 2261 Cal-

885 2284 1016 2314 limach.
1032 2283 1077 2314 H.
1099 2283 1133 2313 in
1156 2282 1271 2322 Apoll.
1296 2280 1378 2321 ἑκὰς,
1393 2280 1475 2318 ἑκὰς,
1496 2279 1583 2310 ὅστις

888 2332 1023 2372 ἀλιτρός.
1047 2331 1135 2362 Vide
1147 2332 1296 2362 Brisson.
1311 2333 1342 2362 3.
1360 2329 1480 2370 quibus
1494 2327 1582 2359 adde

887 2382 1045 2413 Gratium
1055 2381 1226 2412 deVenat.
1234 2380 1243 2397 ‘
1254 2379 1371 2420 procui
1385 2378 1462 2408 hinc
1470 2381 1582 2408 extor-

884 2433 979 2464 ribus
991 2433 1038 2462 ire
1053 2431 1158 2462 Edico
1171 2434 1340 2471 praesente
1355 2426 1455 2459 Deo:
1479 2427 1584 2467 Chry-

885 2486 1051 2513 sostomus
1066 2481 1097 2511 in
1111 2480 1204 2511 Psai.
1220 2482 1293 2510 133.
1314 2477 1371 2508 τὸν
1381 2476 1442 2516 γὰρ
1452 2475 1582 2514 ἀκάθαρ-

886 2543 944 2563 τον
958 2531 1008 2563 καὶ
1024 2531 1164 2569 βέβηλον
1181 2528 1251 2562 οὐδὲ
1265 2529 1408 2566 ἐπιβῆναι
1420 2529 1483 2558 τῶν
1498 2526 1584 2567 ἱερῶν

887 2581 1061 2624 περιβόλων
1075 2579 1170 2620 θέμις.
1202 2581 1308 2612 clem.
1325 2578 1426 2610 Aiex.
1442 2586 1475 2609 V.
1502 2577 1584 2616 Epi-

888 2633 1018 2664 daurici
1047 2631 1167 2672 templi
1195 2629 1450 2670 inscriptionem
1481 2625 1583 2657 fnisse

888 2683 950 2719 ait,
969 2681 1064 2721 ἁγνὸν
1077 2680 1140 2721 χρὴ
1161 2680 1244 2716 νηοῖο
1258 2676 1383 2710 θυωδέος
1398 2675 1483 2709 ε’ντὸς
1497 2675 1585 2707 ἰόντα

881 2732 1042 2771 Ἐμμεναι.
1081 2731 1246 2769 Galenus,
1260 2729 1395 2760 Hortat.
1416 2726 1459 2758 ad
1477 2731 1585 2764 artes,

888 2782 1064 2814 homicidae
1083 2779 1278 2812 Archilochi
1303 2778 1431 2809 dictum
1443 2775 1583 2808 scribit:

892 2831 1043 2865 Μουσάων
1079 2829 1249 2872 θεράποντα
1276 2827 1475 2867 κατέκτανες,
1516 2825 1588 2865 ἔξιθι
