1889 3194
578 301 641 332 DE
676 302 833 332 BELLO
867 300 1094 332 ‘PROJANO
1129 301 1224 331 LlB.
1259 302 1324 332 Vl,

1586 291 1668 331 571

271 392 336 436 At
355 394 504 447 regina
524 408 714 447 gemens,
736 400 791 447 et,
808 409 1028 450 nunquam
1051 395 1220 437 credita
1240 395 1439 443 Teucris,

216 460 481 502 Cernusium
502 461 759 504 Cassandra
780 465 905 517 petit,
929 464 1225 515 comitemque
1249 465 1433 503 secutus

1585 460 1669 501 895

213 526 546 569 Andromachen
570 529 794 571 Helenus:
834 531 898 570 sic
922 530 1026 570 Ilios
1047 529 1179 570 unica
1201 528 1361 569 damno

212 592 359 635 Ubere
381 608 524 647 regna,
544 597 677 637 urbes
700 597 877 650 populis
897 600 939 637 et
959 596 1166 649 gentibus
1187 595 1359 649 implet.

268 660 460 715 Jamque
481 662 720 704 Phoronaei
740 667 843 716 post
864 663 1006 703 diruta
1025 662 1242 715 Pergama
1262 674 1389 714 reges

212 726 416 779 AEgaeum
436 732 608 769 tenuere
629 729 801 778 fretum,
825 729 1074 782 spoliisque
1097 729 1276 782 superbi

212 794 378 844 Iliacis,
393 795 510 836 nulla
531 809 683 836 cursus
706 797 903 836 turbante
925 796 1134 849 procella,

1585 795 1670 835 900

212 861 472 903 Concordes
496 876 677 903 secuere
699 864 822 904 vias:
856 876 955 903 cum
976 875 1153 903 carcere
1174 863 1318 904 fracto

211 928 392 970 Effraeni
414 928 630 970 fremuere
654 929 781 979 Noti,
804 930 996 983 coelique
1014 930 1222 971 tumultus

212 995 414 1049 Dispulit
434 1000 509 1036 aut
530 996 692 1049 pelago
713 1009 902 1050 puppeS,
927 1001 1004 1037 aut
1024 997 1234 1037 fluctibus
1249 995 1421 1037 hausit:

210 1060 271 1103 At
291 1075 402 1115 vaga
421 1062 666 1103 Locrorum
687 1063 856 1108 classis,
876 1063 977 1103 dum
995 1063 1165 1104 turbine
1187 1064 1341 1113 fertur,

209 1129 264 1170 In
280 1130 491 1183 scopulos
513 1130 708 1183 projecta
728 1130 842 1183 perit
861 1144 870 1168 :
902 1130 1006 1184 quin
1027 1130 1207 1171 fulmine
1229 1143 1396 1184 quassa

1581 1129 1668 1170 905

210 1196 370 1250 Regia,
393 1210 482 1250 qua
502 1204 659 1238 vectus
679 1196 817 1250 Ajax,
838 1198 958 1246 ratis,
980 1198 1078 1249 ipse
1096 1196 1327 1250 profundis

210 1263 417 1316 Corporis
440 1265 653 1318 obsequio
673 1263 834 1306 frustra
852 1265 1039 1305 libratur
1059 1265 1102 1305 in
1124 1264 1270 1304 undis.

267 1329 381 1371 Mox
403 1332 477 1372 ubi
496 1333 684 1372 victores
707 1330 829 1371 audit
846 1343 1040 1371 remeare
1063 1330 1276 1382 Pelasgos

210 1394 331 1450 Ajax
355 1397 398 1438 Ν
404 1410 460 1438 au
467 1397 659 1452 pliadeS,
678 1396 850 1446 titulos,
873 1396 1112 1438 Palamede
1132 1399 1345 1450 peremto,

814 1504 932 1517 eeeeee

250 1561 314 1591 909
339 1559 427 1590 OEax
449 1559 608 1590 Drcsem.
649 1557 736 1590 Vide
752 1563 823 1590 not.

934 1503 1053 1517 ‘06‘0‘

860 1657 890 1689 N
898 1657 999 1690 OTAE

206 1730 343 1770 Strabo,
380 1731 530 1772 Solinus,
569 1731 739 1771 Justinus,
779 1732 907 1772 Livius,

204 1781 369 1812 Velleius.
415 1781 579 1812 Diversas
603 1781 780 1822 opiniones
804 1781 909 1813 habes

206 1830 298 1871 apud
320 1830 483 1871 Scaliger.
511 1831 545 1861 in
569 1831 704 1863 Festum
723 1835 796 1864 170.
824 1833 910 1864 Bro-

206 1879 308 1911 deum
334 1888 389 1911 111.
405 1883 436 1911 4.
461 1880 625 1912 Loe'nsem
643 1890 693 1913 ιν.
711 1885 764 1914 20.
808 1882 909 1913 Lollii

204 1929 304 1961 Bassi
327 1934 380 1960 est
404 1929 614 1970 epigramma
641 1930 684 1961 de
708 1931 814 1962 AEnea
841 1931 909 1962 Ro-

204 1989 379 2011 manorum
409 1984 570 2011 auctore:
593 1980 646 2011 Ἐς
682 1980 782 2011 καλὸν
808 1981 908 2012 ὤλετο

204 2029 322 2070 πύρ’γος
333 2030 349 2060 ὁ
363 2029 486 2068 Τρώῖος·
502 2029 522 2067 ἦ
536 2030 597 2070 ’γὰρ
610 2030 642 2061 ἐν
654 2030 763 2062 ὅπλοις
774 2030 907 2071 Ἠγέρθη

204 2078 322 2118 κόσμου
340 2078 454 2110 παντὸς
475 2078 596 2110 ἄνασσα
619 2080 719 2112 πόλις.
764 2081 906 2112 Colntus

203 2129 398 2170 Smyrnaeus
413 2129 609 2160 vaticinium
631 2130 712 2160 illud
727 2129 769 2161 de
792 2130 905 2170 Impe-

203 2179 254 2210 rio
282 2179 447 2218 Romano,
472 2184 510 2210 ut
533 2183 569 2210 et
596 2180 760 2220 pietatem
789 2180 905 2212 AEneae

204 2238 289 2270 erga
316 2234 459 2269 patrem,
483 2228 651 2269 insignitis
666 2230 820 2261 versibus
848 2230 906 2260 de-

203 2278 336 2318 scribit,
362 2288 395 2319 p.
410 2281 486 2309 648.
509 2279 699 2319 Augurium
718 2280 759 2310 de
787 2279 904 2311 futuro

204 2328 351 2369 imperio
375 2327 479 2359 habes
503 2328 605 2360 etiam
631 2328 722 2369 apud
744 2328 908 2369 Tryphio-

205 2377 337 2410 dorum.

248 2429 309 2459 895
337 2426 523 2458 Cernusz'um
540 2427 718 2458 Cassandra
730 2427 826 2468 petit]
839 2427 906 2459 Da-

203 2486 259 2509 res
289 2477 299 2494 ⁴
319 2476 592 2515 Cherronesum:
620 2486 662 2508 ex
693 2487 759 2518 quo
796 2477 905 2518 liquet

204 2528 272 2558 alio
307 2527 393 2558 libro
421 2525 611 2567 Josephum
648 2531 800 2558 nostium
830 2536 904 2558 esse

205 2587 315 2610 usum.

247 2630 312 2659 896
333 2626 390 2658 Sic
400 2626 478 2657 Ilios
492 2626 595 2665 unica,
606 2625 676 2666 tha]
700 2630 709 2644 ‘
725 2627 811 2657 Tum
829 2636 905 2658 cum

204 2678 312 2709 tristis
336 2681 423 2716 erat,
448 2675 589 2707 defensa
611 2682 663 2708 est
678 2676 758 2708 Ilios
783 2677 907 2708 armis.'

205 2727 309 2759 Hom.
338 2726 465 2767 Odyss.
489 2730 526 2757 A.
556 2725 609 2757 ἰὼν
633 2725 675 2757 εἷς
697 2725 796 2757 Ἴλιον
829 2726 906 2767 ἱρὴν,

202 2776 293 2818 quod
310 2779 345 2808 et
360 2776 393 2807 in
407 2775 518 2807 Iliade
537 2775 712 2817 frequens.
757 2776 905 2808 Nazian-

204 2825 279 2858 zeui
294 2834 359 2858 non
373 2824 533 2857 absimilis
550 2829 602 2857 est
618 2825 788 2858 sententia
801 2826 902 2859 Orat.

962 1742 1027 1765 xn.
1043 1742 1078 1774 p.
1096 1736 1172 1765 202.
1196 1731 1251 1772 μία
1265 1733 1371 1771 στήλη
1385 1732 1508 1766 τούτοις
1519 1734 1577 1771 τῆς
1588 1744 1664 1773 συμ-

958 1785 1055 1824 φορᾶς
1071 1784 1091 1823 ἣ
1110 1784 1275 1823 οἰκουμένη
1297 1785 1396 1826 πᾶσα,
1426 1785 1491 1816 καθ’
1507 1783 1544 1821 ἧς
1568 1783 1664 1816 ἐσπά-

959 1844 1070 1875 ρησαν,
1083 1837 1149 1866 &c-

1003 1887 1066 1916 898
1088 1885 1223 1925 Jamque
1235 1884 1419 1925 Phoronaei]
1443 1885 1499 1916 De
1513 1885 1522 1902 ‘
1536 1885 1665 1916 Phoro-

959 1943 1034 1965 naeo
1048 1934 1057 1947 ’
1074 1933 1150 1964 vide
1166 1944 1243 1975 quae
1266 1934 1341 1966 Jos.
1358 1934 1513 1974 Scaliger
1537 1934 1579 1965 ad
1598 1934 1664 1965 Eu·

959 1982 1030 2015 seb.
1043 1987 1137 2013 notat
1152 1993 1186 2023 p.
1205 1985 1256 2013 10.
1267 1988 1301 2013 et
1315 1982 1434 2023 Eurip.
1452 1983 1662 2015 Scholiasten

962 2032 1004 2063 ad
1032 2032 1181 2063 Oresten
1209 2042 1242 2072 p.
1263 2035 1337 2064 232.
1372 2032 1582 2072 Aggreditur
1609 2033 1664 2064 hie

961 2081 1108 2112 reditum
1122 2081 1335 2120 Graecorum,
1348 2080 1392 2111 de
1406 2090 1470 2121 quo
1482 2080 1578 2112 multi
1593 2079 1664 2112 fue-

961 2136 1037 2162 rant
1052 2131 1142 2171 apud
1156 2137 1291 2162 veteres
1307 2130 1425 2162 νόστων
1439 2131 1531 2171 libri,
1542 2140 1607 2172 qua
1620 2130 1664 2162 de

959 2190 995 2212 re
1013 2180 1054 2211 ad
1072 2180 1275 2211 Atlrenaeum
1300 2181 1520 2212 Casaubonus
1543 2190 1592 2212 iv.
1609 2183 1662 2212 14.

959 2235 995 2262 et
1011 2231 1211 2262 Maussacus
1231 2230 1272 2260 ad
1297 2230 1519 2262 Plutarchum
1536 2231 1579 2263 de
1601 2229 1664 2262 flu·

959 2280 1107 2312 minibus
1126 2289 1160 2320 p.
1176 2282 1251 2311 311.

1003 2333 1067 2361 909
1098 2329 1188 2368 AJ’ax
1215 2329 1428 2371 Naupliades]
1464 2329 1661 2370 Legendum

963 2381 1053 2412 OEax
1071 2379 1275 2420 Naupliades,
1301 2379 1359 2421 qui
1376 2379 1572 2411 Palamedis
1593 2379 1662 2412 fra-

961 2434 1029 2469 ter,
1059 2429 1200 2469 Nauplii
1235 2427 1337 2467 filius,
1368 2429 1525 2468 Neptuni
1553 2438 1661 2471 nepos

958 2477 1038 2514 fuit,
1055 2477 1112 2519 qui
1126 2487 1201 2509 cum
1218 2476 1326 2508 fratre
1343 2477 1384 2508 ad
1397 2477 1534 2518 Trojam
1549 2488 1664 2510 acces·

959 2533 1062 2569 serat,
1079 2532 1118 2560 ut
1135 2528 1270 2569 quidem
1287 2527 1519 2560 Philostratus
1540 2530 1662 2562 scribit

960 2579 994 2609 in
1013 2578 1168 2609 Hernicis
1185 2580 1261 2610 690.
1305 2577 1442 2618 Dictys,
1457 2588 1556 2620 quem
1573 2580 1663 2611 Nos-

962 2632 1014 2658 ter
1037 2628 1191 2668 sequitur
1212 2626 1384 2667 διαῤῥήδην,
1403 2628 1491 2659 OEax
1506 2628 1662 2669 Nauplia-

960 2679 1032 2710 des:
1048 2678 1152 2709 etiam
1165 2677 1322 2718 Hyginus
1338 2676 1409 2709 fab.
1425 2680 1497 2709 11⁷.
1514 2682 1551 2710 et
1564 2679 1663 2711 Euri-

961 2728 1058 2769 pides
1074 2728 1108 2759 in
1125 2728 1252 2760 Oreste
1269 2736 1303 2767 p.
1319 2729 1394 2758 160.
1438 2728 1491 2758 Ex
1514 2727 1580 2760 illis
1596 2728 1660 2761 ita-

960 2787 1026 2819 que
1040 2777 1261 2819 corrigendus
1273 2776 1503 2818 Apollodorus
1515 2787 1572 2810 111.
1585 2781 1660 2812 134.

958 2825 1124 2867 Κλυμένην
1151 2828 1250 2867 ’γαμεῖ
1272 2826 1442 2870 Ναύπλιος,
1468 2827 1520 2861 καὶ
1541 2829 1660 2862 τέκνων
