1889 3194
557 369 618 398 DE
657 370 814 398 BELLO
846 368 1070 399 TROJANO
1106 369 1198 399 LlB·
1233 370 1303 400 111.

1559 361 1637 401 441

207 462 259 502 In
278 462 410 503 flores
432 468 632 505 crescant
652 465 797 505 varios
815 477 825 505 z
856 464 1036 505 incensa
1056 463 1265 518 Cythaera

205 529 374 569 Idalias
395 529 610 579 volucres,
634 531 770 584 Cypri
791 531 955 584 thyma,
978 531 1197 584 Pergama
1215 531 1415 572 vincent:

1587 532 1644 574 35

205 595 296 636 His
315 596 487 646 mentis,
507 596 576 637 his
595 597 656 651 (si
679 610 767 650 qua
786 596 969 651 tamen),
987 597 1237 639 veneranda
1257 598 1416 647 Dione,

204 661 333 702 Adde
353 663 482 703 fidem
502 664 625 713 visis,
644 664 795 717 sponsi
815 677 991 714 memor,
1010 663 1123 705 adde
1143 663 1354 714 savorem,

206 729 406 770 Solatam
424 729 564 770 solare
586 731 787 772 domum:
817 743 907 772 non
926 731 1150 784 improbus
1171 744 1265 781 oro,

206 795 270 837 Ut
290 800 390 837 tuus
414 796 616 838 Inachias
635 798 788 850 praedo
810 797 1034 850 praedetur
1055 797 1260 838 alumnas

207 862 406 904 Hesione
428 868 660 904 contentus
681 868 778 906 eat:
809 864 1013 905 Tritonia
1033 868 1153 905 certe

1591 864 1646 903 40

206 929 310 970 Non
331 933 470 982 neget,
490 931 656 984 hosque
677 932 782 972 velit
801 932 955 972 melior
973 931 1178 972 Saturnia
1197 934 1364 983 raptus.

207 995 326 1037 Olim
347 997 469 1038 Asiae
492 997 590 1047 (sed
612 998 721 1051 quid
741 998 922 1050 vulgata
943 1011 995 1039 ac
1016 996 1158 1038 flenda
1176 997 1356 1038 revolvo
1369 995 1410 1050 0.)

206 1063 375 1104 Claruit
394 1064 648 1116 imperium:
680 1064 1069 1117 formidandusque
1096 1063 1292 1116 Pelasgis

206 1129 360 1184 Phryx
383 1135 501 1182 erat3
535 1131 707 1172 inversa
727 1134 795 1172 est
814 1135 939 1172 vetus
961 1133 1082 1172 alea:
1113 1131 1297 1183 respice,
1320 1129 1451 1179 Diva,

206 1197 434 1238 [Eneadas
452 1198 658 1239 miserare
680 1203 782 1239 tuos
800 1212 809 1239 :
839 1198 903 1238 sic
923 1198 1042 1238 fatus
1065 1197 1108 1237 in
1128 1198 1252 1249 ignes
1591 1198 1649 1237 45

207 1263 426 1317 Hyblaeas
442 1265 625 1306 inclinat
645 1278 764 1318 opes,
778 1265 1019 1318 jejunaque
1040 1265 1215 1317 spirans

208 1329 350 1371 Nidor
370 1331 586 1372 odorifero
607 1332 770 1372 solatur
787 1331 930 1372 sidera
950 1331 1085 1371 furno.

261 1396 290 1437 J
295 1409 366 1437 am
386 1398 503 1439 votis
524 1399 751 1452 sacrisque
771 1398 942 1447 modus,
958 1397 1054 1450 jam
1074 1397 1195 1438 fessa
1215 1397 1396 1437 reclinat

207 1463 409 1505 Flamma
428 1466 577 1518 apices
595 1479 604 1506 :
637 1466 748 1505 alios
771 1465 974 1505 Helenus
995 1464 1236 1517 prorumpit
1256 1464 1296 1503 in
1314 1468 1465 1512 aestus,

206 1531 587 1585 Bacchantemque
609 1533 756 1573 Deum
777 1531 982 1583 flagranti
1002 1534 1178 1584 pectore
1199 1534 1375 1579 nactus,
1593 1532 1649 1570 οἱ)

204 1597 396 1640 Vocales
418 1599 640 1652 tripodum
659 1599 799 1639 furias
821 1602 1029 1650 augustat
1049 1599 1093 1637 in
1114 1609 1233 1646 usus,

857 1774 998 1805 NOTAE

249 1863 290 1891 :36
304 1860 368 1891 His
380 1859 559 1899 mentis,his
567 1860 610 1902 (si
625 1871 683 1901 qua
693 1860 901 1901 tumen),&c.]

208 1916 217 1929 ¹
232 1911 315 1942 Visa
338 1910 458 1941 mentis
471 1910 479 1923 ’
503 1910 683 1942 referenda
701 1911 742 1941 ad
767 1911 901 1941 Paridis

202 1959 383 1999 judicium,
406 1960 469 1990 nisi
490 1960 583 2000 legas
598 1959 728 2000 meritis,
745 1963 779 1990 et
803 1959 845 1990 ad
863 1959 901 1990 li-

208 2010 342 2041 bamina
358 2009 497 2042 referas.

250 2062 290 2090 3⁷
315 2060 426 2099 Sponsi
439 2059 566 2100 memor]
592 2059 750 2090 Promissi
772 2058 814 2089 de
832 2059 901 2090 He-

212 2108 309 2139 lena:
336 2110 388 2139 vel
404 2109 413 2125 ‘
430 2107 592 2149 sponsus’
611 2112 663 2139 est
679 2107 858 2139 Anchises.

252 2160 293 2188 38
317 2157 457 2188 Solutum
471 2159 570 2188 solare
585 2157 720 2197 domum]
756 2157 812 2188 Ita
836 2157 903 2188 Pa-

210 2207 279 2246 pin.
295 2206 329 2236 in
342 2206 407 2237 fine
419 2215 474 2237 111.
492 2206 501 2223 ‘
512 2207 562 2236 Tu
575 2207 682 2237 solare
696 2205 826 2246 virum,‘
841 2216 903 2246 pro

210 2256 397 2287 consolare.
431 2256 571 2286 Festus:
589 2255 712 2286 ‘solari
728 2255 800 2286 sine
816 2265 903 2295 prae-

211 2305 378 2344 positione
401 2305 527 2335 dixisse
552 2305 720 2344 antiquos,
740 2305 836 2335 testis
853 2308 905 2335 est

213 2355 394 2394 Pacuvius,
418 2364 493 2385 cum
518 2354 578 2394 ait,
597 2354 745 2394 Solatur,
765 2354 904 2385 auxilia-

218 2405 513 2445 tur,hortaturque
530 2403 606 2433 me!
625 2403 682 2434 Sic
695 2411 730 2434 v.
744 2406 815 2434 149,
837 2403 901 2433 Pa-

214 2455 347 2494 pinius:
370 2454 485 2484 ‘Idem
503 2454 632 2483 animus
649 2453 756 2483 solare
773 2452 902 2491 domos,

204 2504 435 2545 juvenumque
472 2512 654 2544 senumque
681 2503 902 2542 Praecipitare

211 2553 328 2592 colos‚’
348 2563 408 2594 pro
435 2553 602 2592 desolare,
625 2557 662 2583 ut
677 2553 772 2592 Virg.
797 2552 807 2568 ‘
821 2562 903 2593 quos

209 2604 433 2635 desolavimus
459 2602 578 2642 agros-⁷
621 2602 771 2633 Solatum
798 2602 903 2633 morbi

210 2662 316 2692 genus
333 2653 423 2693 apud
438 2651 594 2690 eundem,
615 2661 633 2681 a
650 2660 715 2691 quo
731 2651 843 2681 Plinio
859 2661 904 2681 so·

212 2702 272 2733 lati
288 2710 389 2733 xxix.
404 2705 436 2733 6.
461 2701 516 2742 qui
537 2710 579 2730 ex
601 2700 688 2731 Solis
704 2700 816 2731 calore
831 2701 904 2739 ἐφη-

211 2751 298 2783 λίδας
312 2752 390 2783 inde
402 2752 512 2782 dictas
526 2751 558 2781 in
570 2749 656 2781 facie
667 2751 803 2782 habent.
825 2751 905 2781 Pol·

209 2802 267 2832 lux
284 2807 318 2832 et
337 2801 486 2842 Hesych.
506 2801 539 2831 in
566 2798 685 2839 ἔφηλις.
732 2799 906 2831 NIcander

213 2851 245 2881 iu
267 2851 470 2890 Therapeut.
495 2849 514 2887 ἢ
530 2848 579 2880 καὶ
606 2848 717 2888 ἔφηλιν
731 2848 905 2892 Θηλιιτέρῃς

213 2900 326 2941 ἐχθρὴν
340 2901 449 2942 χροιῆς
463 2899 651 2940 ἀπεμόρξατο
665 2898 789 2936 λευκήν.

997 1862 1038 1891 44
1063 1860 1192 1890 Inversa
1215 1861 1261 1890 est
1284 1861 1369 1889 vetus
1394 1856 1477 1897 alea]
1509 1857 1651 1889 Prover-

955 1909 1047 1940 bium
1061 1908 1204 1939 redolet.
1228 1907 1400 1948 ItaVirg.‘
1412 1906 1549 1938 fortuna
1564 1907 1653 1948 fuit‚’

956 1968 1020 1990 vn.
1039 1958 1169 1989 AEneid.
1185 1958 1269 1989 Tac.
1291 1967 1326 1989 v.
1352 1957 1442 1988 Ann·
1466 1958 1581 1988 ‘versa
1599 1963 1653 1989 est

955 2009 1111 2041 fortuna!
1130 2009 1234 2040 Πάλαι
1246 2008 1315 2040 πότ’
1326 2007 1407 2046 ἦσαν
1416 2008 1540 2047 ἄλκιμοι
1552 2008 1653 2045 Μιλή-

955 2070 1029 2098 σιοι,
1054 2059 1296 2100 Aristophanes
1320 2059 1435 2091 Pluto.
1459 2059 1586 2090 Lucan.
1605 2067 1656 2089 vl.

956 2109 1053 2140 initio
1077 2110 1213 2149 ‘placet
1239 2109 1313 2139 alea
1340 2107 1439 2139 fati?
1469 2112 1504 2139 et
1532 2109 1653 2139 Petro-

956 2159 1044 2197 nius,
1079 2159 1088 2176 ‘
1105 2158 1230 2190 Judice
1259 2157 1396 2189 fortuna
1433 2156 1533 2188 cadat
1557 2157 1652 2189 alea?

956 2208 1012 2239 Ita
1028 2208 1139 2239 Julius
1165 2207 1280 2238 Caesar
1303 2207 1393 2248 apud
1416 2207 1591 2239 Plutarch.
1616 2207 1654 2238 ἂν

958 2256 1084 2297 ε’ῤῥίφθω
1100 2255 1205 2291 κύβος.

999 2309 1040 2337 47
1077 2306 1180 2336 Nidor
1215 2306 1367 2343 odorifero
1400 2307 1517 2336 solatur
1552 2307 1661 2339 sidera,

947 2355 1054 2395 fumo]
1085 2355 1173 2386 Vide
1190 2364 1294 2395 supra
1311 2364 1345 2385 v.
1363 2357 1415 2385 13.
1440 2356 1654 2388 Lactantium

958 2406 991 2435 in
1009 2405 1124 2444 primis
1140 2409 1175 2435 et
1190 2404 1297 2435 Clem.
1314 2403 1411 2434 Alex.
1434 2403 1535 2435 dictis
1559 2406 1654 2438 locis.

956 2454 964 2471 ‘
984 2454 1169 2485 Narinosos
1211 2454 1426 2493 appellarunt
1455 2454 1570 2495 Deos‚'
1606 2457 1655 2487 ait

958 2504 1056 2535 Lact.
1070 2513 1103 2534 v.
1118 2505 1170 2534 12.
1185 2503 1194 2520 ⁴
1206 2502 1293 2542 quod
1308 2502 1468 2533 odoribus
1481 2504 1589 2535 thuris
1601 2515 1656 2536 co-

957 2552 1092 2585 lantur!
1106 2552 1263 2592 Orpheus
1276 2551 1353 2582 hinc
1364 2550 1506 2583 fortasse
1518 2553 1656 2594 hymnos

958 2611 1034 2633 suos
1048 2599 1230 2641 θυμιάματα,
1245 2600 1422 2637 suffimina,
1438 2601 1620 2642 inscripsit.

1000 2654 1040 2682 51
1068 2651 1232 2690 Tripodum
1241 2650 1349 2688 furias
1363 2654 1510 2690 augustat
1524 2652 1558 2683 in
1569 2653 1655 2694 usus]

958 2702 1014 2732 De
1029 2701 1176 2741 Tripode
1191 2705 1226 2731 et
1243 2700 1385 2731 Cortina
1401 2700 1476 2731 vide
1491 2702 1656 2742 Scaliger.

959 2751 1103 2792 conject.
1129 2751 1289 2781 Bernart.
1316 2750 1359 2780 ad
1382 2750 1540 2783 Statium.
1561 2753 1654 2785 ‘Au—

960 2800 1091 2841 gustat'
1106 2798 1325 2838 &vaadrywsfflt
1341 2804 1572 2842 angnsto,quo
1588 2803 1654 2833 Lu-

959 2851 1085 2882 cretius
1103 2850 1230 2881 utitur:
1254 2849 1453 2889 καινοφωνίαν
1469 2855 1593 2890 tamen,
1617 2859 1655 2884 ut

960 2902 1066 2932 multa
1094 2900 1169 2936 alia,
1188 2899 1340 2931 redolet:
1376 2899 1464 2932 idem
1492 2905 1543 2932 est
1565 2903 1652 2943 quod
