1889 3194
272 259 359 302 368

276 363 376 405 Nos
398 365 568 406 animo:
600 364 739 417 facie3
771 378 850 405 nos
869 370 1066 419 pectore.

826 270 1028 300 JOSEPHl
1065 270 1230 301 lSCANI

1123 365 1345 418 Tempora
1367 369 1485 408 certe
1669 366 1727 408 20

275 429 491 472 Virtutem
511 445 598 472 non
622 432 765 485 prima
780 436 955 485 negant,
976 446 1061 473 non
1081 432 1238 473 ultima
1257 432 1437 475 donant.

274 496 409 546 Quod
432 498 597 552 duplex
617 503 728 541 aetas
749 500 896 540 varios
917 498 1150 539 contendat
1170 499 1214 538 in
1234 511 1360 548 usus,

274 562 389 606 Haec
410 566 553 619 viget3
583 566 657 607 illa
670 567 817 620 jacet:
847 566 941 607 haec
962 564 1174 618 pullulat3
1205 565 1283 605 illa
1301 565 1486 607 fatiscit.

330 631 450 673 Mira
473 633 651 688 quidem
673 633 811 682 dictu,
833 632 910 673 sed
933 645 1050 683 vera,
1073 632 1296 682 advertite,
1317 633 1532 686 pandam:

927 771 1074 805 NOTAE

271 850 327 880 De
351 848 492 880 eodem:
515 847 620 889 μικρὸς
640 848 686 886 τῷ
700 847 784 887 εἴδει,
805 847 903 887 με’·γας
925 849 970 887 τῷ

269 898 453 939 φρονήματι.
478 899 566 929 Item
580 909 588 929 ε
605 899 622 929 ὁ
633 898 666 928 ἐν
678 897 801 935 νεότητι
817 903 968 929 πεπολιω-

268 948 372 987 μένος,
398 948 414 978 ὁ
437 946 540 987 μικρὸς
563 947 607 986 τῷ
628 947 758 987 σώματι,
784 947 834 978 καὶ
854 947 970 988 ὑψηλὸς

266 1000 312 1037 τῷ
339 996 500 1036 πνεύματι.
565 997 662 1029 Idem
693 999 726 1029 in
757 998 857 1030 Orat.
894 1007 969 1029 cum

267 1048 447 1088 presbyter
462 1046 586 1083 factus,
601 1051 626 1078 t.
643 1056 701 1078 ιιι.
720 1046 771 1079 καὶ
785 1047 886 1078 ταῦτα
901 1046 968 1079 νέος

267 1098 321 1138 ὢν,
343 1098 368 1130 εἰ
393 1098 508 1135 δήποτε
534 1097 586 1128 καὶ
606 1097 732 1137 ἐγένετο
753 1096 831 1130 νέος·
856 1098 892 1129 οὺ
905 1099 968 1139 ’γὰρ

265 1148 415 1186 πείθομαι.
430 1147 526 1178 οὕτως
540 1147 572 1186 ἐξ
585 1147 685 1178 αὐτῶν
699 1147 786 1187 αὐτῷ
794 1149 855 1179 τῶν
869 1158 965 1189 σπαρ-

264 1197 370 1236 γάνων
394 1197 504 1228 πολιὸν
524 1196 665 1238 φρόνημα
687 1196 736 1235 ἣν.
781 1198 854 1229 Tali
875 1198 965 1238 apud

266 1249 411 1280 eundern
428 1249 462 1279 in
479 1249 588 1279 Esaiae
602 1251 634 1280 3.
650 1258 684 1289 p.
699 1251 775 1280 687.
801 1248 833 1279 in
851 1248 965 1280 Gene-

265 1298 315 1328 sin
334 1298 434 1329 Hom.
452 1300 506 1331 41.
522 1303 556 1328 et
573 1300 604 1329 7.
622 1298 655 1329 in
673 1298 783 1338 Epist.
809 1297 852 1329 ad
880 1298 966 1329 Heb.

264 1346 353 1378 Item
371 1347 404 1378 in
425 1346 493 1377 fine
519 1346 597 1378 libri
622 1347 762 1378 secundi
784 1347 826 1378 de
848 1348 966 1379 Sacer-

264 1396 370 1432 dotio,
387 1399 441 1428 52.
464 1395 546 1427 edit.
571 1396 743 1428 Hoeschel.
787 1397 843 1428 Sic
866 1397 966 1437 juve-

264 1447 317 1478 nis
346 1448 402 1478 ille
426 1447 517 1487 apud
547 1446 734 1487 Josephum
759 1446 802 1478 de
827 1447 966 1478 Macca-

264 1496 364 1534 baeis,
386 1497 448 1534 ε’·γὼ
474 1495 531 1535 μὲν
553 1496 614 1535 τὴν
643 1495 769 1534 ἡλικίαν
786 1499 849 1528 τῶν
877 1497 967 1528 ἀδελ-

263 1548 329 1586 φῶν
343 1546 501 1588 νέωτερος,
515 1547 575 1585 τὴν
597 1546 630 1579 δὲ
644 1546 778 1578 διάνοιαν
791 1546 967 1586 ἡλικιώτης.

262 1596 359 1629 Idem
370 1598 478 1629 innuit
486 1599 593 1630 Clem.
603 1597 770 1629 Alexand.
781 1607 832 1629 tv.
842 1598 967 1630 Strom.

263 1657 296 1687 p.
324 1651 398 1680 365.
432 1648 499 1680 νέος
524 1648 587 1687 ἅμα
617 1647 668 1679 καὶ
690 1647 833 1680 παλαιός.
877 1647 966 1679 Vide

262 1698 366 1729 etiam
390 1698 558 1730 Isidorum
581 1699 804 1737 Perusinum,
824 1697 964 1738 ὁτρόπος

261 1747 414 1786 εὐθύτητα
438 1749 495 1780 οὐκ
515 1748 562 1780 ἔτι
585 1749 750 1790 μαρτυρεῖ;
774 1754 813 1780 ut
828 1749 963 1790 quidem

262 1798 382 1829 Billius
397 1799 546 1838 legebat.
593 1798 680 1829 Vide
702 1803 739 1829 et
761 1799 825 1839 Ep.
847 1808 872 1829 1.
889 1800 964 1829 314.

260 1853 296 1879 et
320 1848 442 1889 Papin.
468 1858 501 1879 v.
525 1849 595 1889 Syl.
618 1849 628 1866 ‘
643 1852 791 1879 mentem
813 1857 873 1878 sua
896 1857 963 1878 non

261 1898 355 1937 capit
371 1898 482 1929 aetas.'
523 1897 732 1929 Prudentius
748 1897 791 1928 de
805 1897 937 1928 Eulalia
951 1907 959 1928 :

262 1949 273 1965 ⁴
285 1948 441 1980 Moribus
456 1953 489 1980 et
503 1949 641 1980 nimium
653 1948 779 1980 teneris
791 1949 961 1980 Canitiem

260 1998 423 2030 meditata
440 1998 577 2029 senum.’
609 1998 814 2030 Claudianus
829 2003 865 2030 et
878 1999 886 2016 ‘
900 1999 961 2030 Ca-

258 2048 376 2078 nitiem
391 2047 399 2060 '
415 2048 564 2078 nominat
577 2048 586 2064 ‘
599 2047 724 2078 animi!
747 2047 842 2079 Idem
855 2048 960 2080 Prnd.

257 2098 461 2129 ‘Certamen
484 2107 552 2128 una
575 2103 684 2128 matre
714 2098 804 2139 quod
829 2102 961 2138 septem

259 2148 344 2179 editi
369 2148 518 2179 Gessere
542 2148 650 2188 pueri,
668 2147 727 2178 sed
754 2147 857 2179 factis
878 2148 961 2179 viri!

258 2198 383 2229 Petrus
401 2199 577 2229 Ravennas
598 2198 674 2230 Ser.
700 2208 734 2229 v.
764 2198 960 2229 ‘Seniorem

257 2248 351 2280 illum
369 2259 434 2280 non
452 2254 603 2289 tempora
619 2248 788 2284 fecerunt,
808 2249 867 2280 sed
886 2259 961 2280 sen-

257 2298 336 2330 sus.'
369 2299 457 2330 Item
474 2311 481 2329 :
505 2301 514 2316 ‘
527 2299 622 2330 Sicut
645 2299 814 2339 sapientia
830 2299 887 2331 dat
904 2309 959 2330 ca·

256 2358 331 2388 nos,
353 2349 399 2380 ita
415 2348 576 2390 quicquid
601 2349 663 2380 viri
685 2353 751 2388 est,
775 2348 864 2380 tollit
879 2348 958 2379 insi-

257 2398 408 2438 pientia!
455 2399 509 2429 De
530 2408 612 2429 vera
627 2404 804 2430 senectute
821 2399 958 2439 egregie

257 2449 356 2480 Philo
371 2449 456 2479 libro
471 2448 597 2488 ἐξένηψε
610 2447 690 2488 Νωὲ,
703 2451 776 2480 214.
788 2452 862 2481 215.
875 2454 910 2480 et
926 2450 958 2480 in

256 2498 344 2529 libro
374 2499 417 2529 de
448 2500 581 2530 haerede
613 2508 725 2530 rernm
757 2499 959 2540 divinarum,

257 2550 333 2579 40⁷.
376 2548 492 2579 Simile
509 2549 589 2589 qnid
617 2549 749 2580 redolet
766 2549 849 2580 illud
866 2549 959 2581 Ana-

255 2598 420 2636 creontis,
441 2597 557 2638 Τρίχας
583 2597 681 2639 γέρων
704 2600 762 2638 μέν
788 2600 869 2640 ἐστι,
898 2600 960 2632 Τὰς

255 2645 287 2676 δὲ
317 2647 428 2687 φρένας
466 2646 579 2687 νεάζει.
631 2649 782 2680 Philonis
811 2656 846 2680 et
876 2650 956 2681 illud

255 2705 296 2726 Π.
315 2696 465 2735 Allegor.
498 2700 551 2728 70.
586 2698 647 2737 οὐχ
677 2698 705 2729 οἱ
732 2698 807 2739 πρὸς
834 2699 957 2736 ἆλήθει·

254 2756 305 2783 αν,
335 2744 405 2775 ἀλλ’
440 2746 468 2776 οἱ
505 2747 606 2787 χρόνῳ
638 2748 753 2778 πολιοί.
810 2748 956 2781 Gemina

255 2795 358 2826 habes
388 2796 472 2826 libro
499 2796 542 2827 de
574 2797 723 2829 l’lantat.
765 2798 854 2837 Noe,
882 2802 955 2832 185.

1023 848 1244 881 Archilochus
1277 848 1368 890 apud
1406 848 1550 880 Dionem
1587 848 1725 881 Prusae-

1023 908 1078 930 um
1102 899 1242 931 Tarsica
1267 898 1370 940 priori
1394 898 1464 930 tale
1489 897 1569 939 quid
1593 897 1723 929 innuit:

1021 947 1118 987 φιλέω
1161 947 1340 989 στρατηγὸν
1368 946 1418 978 ἐπὶ
1451 946 1580 986 νοήμασι
1612 945 1722 979 δασύν.

1022 999 1152 1030 Eadem
1177 998 1266 1030 ratio
1288 996 1467 1029 ἀντιθέσεως
1488 996 1522 1026 in
1549 996 1606 1027 illo
1629 995 1724 1027 Aris-

1023 1047 1180 1088 tophanis
1194 1058 1202 1078 z
1227 1046 1344 1079 Μικκός
1364 1057 1407 1086 γα
1421 1046 1517 1085 μᾶκος
1532 1043 1633 1082 οὗτος,
1645 1045 1723 1076 ἄλλ’

1022 1096 1103 1131 ἅπαν
1126 1097 1231 1130 κακόν.
1277 1097 1473 1129 Ausonius:
1499 1096 1648 1128 ‘meritis
1665 1105 1723 1127 an-

1021 1158 1060 1180 us
1091 1153 1155 1189 est,
1190 1152 1294 1179 aetate
1325 1145 1462 1188 puella.'
1513 1145 1720 1177 Aristoteles

1021 1198 1138 1240 itaque
1184 1201 1278 1229 recte
1318 1196 1433 1228 Ethic.
1461 1204 1488 1226 1.
1518 1197 1552 1226 3.
1585 1192 1721 1234 διαφέρει

1021 1248 1121 1286 οὐδὲν,
1141 1247 1209 1280 νέος
1219 1248 1277 1286 τὴν
1292 1246 1427 1288 ἡλικίαν,
1437 1245 1457 1283 ἢ
1470 1244 1509 1276 τὸ
1519 1243 1592 1283 ἧθος
1602 1244 1721 1285 νεαρός.

1021 1299 1258 1340 AEgyptiorum
1276 1299 1317 1329 de
1334 1298 1465 1329 Graecis
1485 1294 1633 1336 φθονερὸν
1649 1295 1720 1327 tale

1022 1355 1088 1388 est,
1109 1349 1199 1390 quod
1217 1349 1319 1381 toties
1336 1349 1496 1380 iteratum
1516 1357 1536 1378 a
1551 1346 1719 1387 Chrysus-

1021 1404 1127 1439 tmno,
1153 1400 1242 1431 illius
1265 1399 1378 1430 verbis
1405 1395 1720 1437 ροηοηιιἝλληνες

1020 1450 1067 1481 ἀεὶ
1095 1451 1213 1490 παῖδες,
1232 1449 1332 1490 ’γέρων
1353 1447 1386 1479 δὲ
1399 1446 1523 1484 ’Ἐλλην
1546 1445 1652 1478 οὐδείς·
1681 1445 1719 1476 οὐ

1019 1499 1082 1540 ’γὰρ
1106 1499 1199 1539 ἔχετε
1220 1498 1346 1539 μάθημα
1365 1497 1466 1539 χρόνῳ
1479 1495 1602 1536 πολιὸν,
1625 1495 1716 1537 quod

1021 1555 1075 1580 est
1092 1549 1182 1590 apud
1198 1551 1376 1581 Platonem
1392 1549 1425 1580 in
1441 1547 1583 1579 Timaeo.
1610 1546 1717 1578 Clem.

1021 1598 1121 1630 Alex.
1137 1600 1261 1631 Strom.
1277 1609 1303 1630 1.
1325 1598 1500 1631 Justinum
1514 1597 1717 1637 Martyrem,

1022 1648 1121 1680 Orat.
1137 1649 1178 1681 ad
1196 1649 1328 1681 Gentes
1345 1651 1398 1679 16.

1060 1703 1101 1731 20
1118 1700 1268 1741 Tempora
1283 1703 1365 1730 certe
1376 1699 1534 1730 Virtutem
1541 1706 1601 1728 mm
1611 1696 1717 1738 prima

1016 1753 1147 1789 negant,
1182 1759 1243 1780 non
1265 1750 1377 1780 ultima
1399 1747 1531 1788 donant]
1550 1746 1632 1779 Job.
1658 1749 1711 1778 32.

1018 1799 1079 1839 οὐχ
1096 1800 1125 1830 οἱ
1149 1798 1354 1839 πολυχρόνιοί
1379 1797 1456 1829 εἰσιν
1480 1796 1587 1838 σοφοί.
1632 1796 1714 1827 Phi-

1017 1850 1149 1881 lemon:
1183 1848 1295 1889 χρόνος
1318 1849 1354 1880 οὐ
1385 1846 1521 1879 διδάσκει
1555 1845 1715 1888 φρόνησιν.

1016 1899 1189 1940 chrysost.
1204 1899 1307 1930 Hom.
1329 1901 1362 1929 7.
1386 1898 1421 1929 in
1443 1898 1510 1938 Ep.
1532 1897 1575 1928 ad
1602 1896 1713 1927 Hebr.

1014 1950 1057 1991 τῇ
1093 1949 1195 1990 πολιᾷ
1231 1947 1369 1988 αἰσχύνη
1401 1946 1510 1986 ἔξωθεν
1538 1947 1715 1987 κοσμεῖται,

1016 1998 1137 2030 ἔνδοθεν
1152 1998 1185 2030 δὲ
1200 1998 1342 2039 φρόνημα
1365 1997 1471 2029 παιδὸς
1492 1996 1587 2036 ἔχων.
1633 1996 1714 2028 Am-

1015 2049 1145 2081 brosius
1171 2054 1292 2080 contra
1317 2047 1574 2089 Symmachumz
1609 2046 1713 2078 ‘Non

1016 2108 1178 2131 annorum
1202 2099 1344 2130 canities
1362 2098 1544 2138 laudanda,
1559 2098 1620 2129 sed
1642 2107 1712 2129 mo-

1017 2149 1123 2181 rumz'
1147 2149 1237 2190 quod
1264 2158 1306 2180 ex
1325 2147 1518 2180 Menandro
1552 2153 1712 2184 sumtum,

1016 2205 1052 2231 et
1065 2209 1084 2231 a
1101 2200 1345 2240 chrysostomo
1362 2200 1500 2230 anatum
1520 2208 1562 2230 ex
1578 2198 1713 2240 eodem,

1016 2249 1094 2280 vide
1111 2258 1225 2290 snpra.
1270 2249 1460 2289 Gregorius
1485 2249 1590 2280 etiam
1616 2257 1712 2289 egre-

1016 2299 1070 2340 gie
1085 2302 1140 2330 30.
1175 2300 1300 2331 Moral.
1324 2299 1448 2331 ‘senes
1461 2308 1528 2330 non
1544 2308 1603 2330 eos
1615 2308 1713 2330 sacra

1013 2350 1190 2390 Scriptura
1211 2359 1332 2381 vocare
1353 2350 1543 2389 consuevit,
1565 2349 1623 2390 qni
1640 2349 1712 2380 sola

1013 2405 1202 2440 temporum
1218 2400 1421 2441 quantitate,
1437 2399 1496 2430 sed
1509 2399 1566 2440 qui
1582 2408 1710 2430 morum

1012 2451 1181 2490 gravitate
1197 2450 1321 2481 maturi
1337 2449 1436 2481 sunt.’
1461 2450 1545 2481 Cum
1559 2449 1610 2480 his
1627 2459 1711 2490 pug-

1011 2509 1092 2531 nare
1110 2499 1245 2530 videtur
1259 2499 1401 2530 Homeri
1418 2498 1501 2530 illud
1519 2499 1646 2539 Odyss.
1670 2503 1708 2531 H.

1012 2550 1060 2581 ἂεί
1075 2563 1111 2581 τε
1127 2550 1265 2590 νεώτεροι
1289 2548 1511 2590 ἆφραδέουσιν;
1535 2554 1571 2581 et
1595 2551 1710 2582 Philo·

1013 2601 1063 2632 nis
1078 2602 1234 2635 alterum,
1254 2600 1296 2630 de
1314 2609 1424 2630 rerum
1441 2599 1584 2631 divinar.
1599 2600 1709 2632 haere-

1012 2651 1056 2682 de
1080 2653 1155 2682 409.
1177 2649 1197 2688 ἡ
1214 2649 1308 2689 ἀρετὴ
1333 2649 1486 2689 ὀψίγονον,
1509 2649 1560 2681 καὶ
1580 2650 1648 2690 μὲν,
1668 2651 1709 2682 ὡς

1012 2699 1133 2741 ἔφασάν
1146 2711 1240 2739 τινες,
1260 2699 1335 2740 πρὸς
1359 2700 1465 2731 αὐταῖς
1478 2702 1547 2732 ταῖς
1560 2701 1616 2732 τοῦ
1637 2700 1708 2737 βίον

1013 2751 1141 2789 δυσμαῖς
1155 2748 1386 2788 βεβαιούμενον.

1053 2804 1094 2832 22
1110 2801 1198 2835 Quod
1213 2801 1325 2840 duplex
1336 2799 1427 2840 oems]
1440 2799 1627 2840 Αἲτιολογεῐ.
