1889 3194
1528 288 1614 330 639

173 383 548 423 Amstelodamensis
582 397 685 422 anno
722 385 840 423 1631.
869 384 993 424 forma
1023 384 1186 423 minore.
1242 384 1363 435 Digni
1396 397 1550 436 quoque
1568 386 1609 423 hi

173 445 253 484 duo
273 447 478 498 scriptores
498 447 618 485 habiti
640 454 745 494 sunt,
765 448 832 498 qui
852 448 891 485 in
911 461 1022 485 usum
1038 448 1224 498 Delphini
1240 448 1536 494 illustrarentur,
1558 449 1615 486 uti

171 510 318 548 sactum
338 517 398 548 est
416 510 522 548 haud
554 510 757 548 infeliciter
778 511 826 548 ab
845 510 962 548 Anna
993 511 1091 548 Tan.
1111 511 1225 548 Fabri
1244 511 1324 549 filia
1344 512 1470 550 Paris.
1496 513 1611 552 1680.

172 575 212 611 4.
241 573 342 612 Hinc
361 586 448 611 cum
468 574 586 611 Josiae
608 573 785 619 Merceri,
806 574 922 624 Casp.
949 573 1113 620 Barthii,
1147 574 1266 612 Ulrici
1301 574 1484 612 Obrechti
1505 575 1614 613 Prae-

171 636 263 673 toris
283 636 409 686 Regii,
429 636 494 686 qui
526 643 637 674 vetus
658 637 737 674 Ms.
758 637 1091 687 Argentoratense
1110 637 1290 683 contulit,
1310 638 1499 688 Paulique
1518 638 1612 675 Vin-

171 697 295 749 dingii
331 699 382 736 ad
413 700 556 751 Dictyn
591 699 706 746 notis,
741 700 866 738 Dares
899 701 1111 739 recensitus
1146 706 1208 738 est
1238 713 1261 737 a
1292 700 1341 738 V.
1363 701 1410 738 C.
1433 700 1613 739 Samuele

171 760 372 813 Artopoeo‚
409 762 520 813 cujus
569 762 776 814 diligentia
805 763 924 801 index
974 763 1087 801 etiam
1125 763 1291 813 insignis
1329 763 1511 810 accessit,
1543 763 1614 800 Ar-

175 832 368 874 gentorat.
403 827 518 864 1691.
549 828 638 865 8v0.
696 826 874 877 Denique
904 826 1289 864 Amstelodamenses
1322 839 1385 866 an.
1427 827 1541 865 1701.
1571 827 1611 864 in

171 893 310 938 quarta
338 893 377 926 et
404 895 543 926 octava
570 889 695 926 forma
724 889 907 927 Daretem
936 896 976 928 et
1004 890 1164 940 Dictyn‚
1193 890 1342 927 utinam
1364 890 1456 927 satis
1479 903 1611 928 emen-

171 950 276 997 date,
298 950 532 989 recuderunt
551 965 599 989 ex
618 951 786 990 editione
807 952 845 989 in
872 965 982 990 usum
1001 952 1199 1003 Delphini,
1220 953 1297 999 cui,
1328 959 1468 1003 praeter
1497 959 1611 992 notas

168 1013 366 1051 universas
386 1027 433 1052 ex
447 1014 616 1053 editione
630 1015 951 1065 Argentoratensi
968 1016 1167 1066 repetitas,
1186 1016 1396 1065 adjunxere
1413 1029 1610 1068 nunquam

168 1076 273 1126 prius
308 1076 451 1115 editam
480 1078 566 1116 Jac.
604 1078 792 1116 Perizonii
824 1078 894 1115 viri
928 1078 1181 1116 eruditissimi
1213 1079 1525 1117 dissertationem
1563 1079 1611 1118 de

171 1138 329 1190 Dictye,
364 1140 421 1191 [in
433 1140 508 1178 hac
534 1140 596 1179 ed.
617 1154 795 1179 recusam
816 1154 933 1192 supra
951 1154 989 1192 p.
1013 1142 1074 1179 19.
1096 1145 1201 1193 sqq.]
1239 1142 1277 1179 in
1299 1142 1408 1193 cujus
1441 1149 1612 1181 extrema

167 1209 276 1252 parte
288 1204 392 1241 varia
405 1204 520 1254 hujus
537 1205 730 1255 scriptoris
743 1205 831 1243 loca
844 1204 1108 1250 illustrantur;
1125 1211 1207 1242 tum
1220 1218 1398 1244 nummos
1419 1205 1611 1256 quosdam

168 1277 418 1317 gemmasque
453 1272 600 1305 veteres
629 1267 677 1305 ad
707 1267 980 1306 illustrandum
1012 1268 1155 1319 Dictyn
1186 1281 1209 1306 a
1240 1268 1437 1306 Ludovico
1481 1269 1611 1306 Smids

166 1327 216 1365 V.
237 1329 284 1367 C.
303 1329 504 1376 collectas,
535 1329 703 1381 denique
734 1330 898 1381 Josephi
931 1329 1093 1369 Iscani⁶
1124 1331 1304 1376 Devonii,
1326 1332 1612 1380 Excestrensis‚

164 1391 306 1440 poetae,
320 1405 389 1443 pro
408 1399 523 1430 aetate
543 1393 623 1439 illa,
636 1393 974 1444 noninelegantiS‚
989 1395 1127 1444 poema
1137 1394 1333 1432 heroicum
1353 1395 1390 1431 in
1410 1394 1610 1434 sexlibros

165 1452 393 1492 distinctum
414 1455 462 1492 de
484 1455 594 1493 Bello
613 1455 793 1506 Trojano,
814 1469 903 1494 cum
931 1457 1033 1494 notis
1061 1457 1252 1495 Samuelis
1269 1457 1474 1504 Dresemii,
1496 1458 1609 1496 Dith-

164 1518 295 1563 marsi,
316 1531 383 1568 per
403 1518 577 1568 singulas
597 1519 761 1569 paginas
784 1519 1004 1557 substratis.
1052 1519 1225 1558 Iudicem
1245 1533 1400 1571 quoque
1419 1520 1552 1559 Dareti
1572 1528 1612 1560 et

165 1579 297 1631 Dictyi
327 1581 621 1631 subjunxerunt,
657 1594 737 1619 non
772 1582 927 1632 qualem
960 1581 1200 1620 locutionum
1238 1583 1364 1621 minus
1394 1584 1609 1630 obviarum‚

164 1656 338 1695 ususque
357 1644 632 1682 vocabulorum
653 1645 864 1696 singularis
884 1644 1088 1684 adornavit
1117 1645 1269 1685 clariss.
1293 1647 1512 1698 Artopoeus‚
1538 1648 1609 1686 sed

162 1707 289 1758 qualis
319 1707 356 1745 in
382 1707 551 1746 editione
574 1708 757 1760 Delphini
776 1708 957 1756 occurrit,
978 1709 1102 1748 Index
1123 1710 1294 1747 omnium
1314 1710 1607 1751 vocabulorum.

163 1770 327 1823 Josephi
347 1784 503 1822 quoque
532 1772 660 1810 lscani
688 1773 827 1823 po‘ema
845 1772 1018 1811 exhiberi
1047 1779 1202 1825 poterat
1220 1785 1267 1810 ex
1288 1773 1550 1813 emendatiore
1570 1781 1610 1812 et

161 1832 368 1885 integriore
383 1835 548 1872 Joannis
568 1835 670 1873 Mori
690 1834 860 1873 editione
882 1834 1151 1883 Londinensi†
1189 1849 1224 1875 a.
1246 1838 1363 1876 1675.
1386 1839 1424 1877 8.
1468 1838 1610 1876 Drese-

161 1897 260 1935 mius
280 1897 395 1944 enim,
414 1897 478 1949 qui
490 1898 564 1936 hoc
583 1903 723 1950 poema
735 1905 838 1936 recte
854 1898 1028 1950 Josepho
1043 1900 1183 1937 Iscano
1197 1899 1377 1946 restituit,
1390 1906 1429 1938 et
1447 1901 1608 1939 eruditis

163 1960 265 1999 notis
285 1960 506 2008 illustravit,
521 1961 702 2001 Francof.
722 1963 838 2000 1623.
852 1963 892 2000 4.
909 1962 1027 2000 nullis
1045 1963 1244 2001 codicibus
1258 1963 1356 2002 Mss.
1372 1964 1442 2002 sed
1456 1970 1608 2003 tantum

545 296 609 327 DE
642 294 828 326 DicTYE
860 294 1126 335 CRETENSI,
1157 287 1236 327 &c.

203 2093 221 2115 ⁶
236 2095 393 2135 Josephus
417 2094 551 2126 Iscanus
572 2094 686 2135 poema
706 2105 797 2125 suum
824 2093 863 2125 de

160 2137 245 2167 bello
259 2138 394 2178 Trojano
414 2137 530 2168 dicavit
549 2137 576 2167 T
579 2139 676 2168 homae
693 2137 862 2173 Balduino‚

160 2179 407 2220 Archiepiscopo
432 2179 615 2210 Cantiorum
637 2180 702 2210 sive
726 2179 864 2211 Cantua·

161 2222 268 2252 riensi.
301 2222 352 2252 De
376 2222 478 2252 Iscani
495 2232 585 2262 porro
598 2223 691 2262 nugis
705 2222 864 2252 amatoriis

161 2264 233 2294 vide
245 2264 384 2304 Menagii
394 2264 736 2299 anti-Bailletum,T.11.
745 2274 777 2304 p.
787 2266 862 2294 325.

160 2305 212 2336 De
221 2307 312 2337 Bello
323 2307 393 2346 ejus
399 2307 608 2341 Antiocheno,
619 2307 684 2336 sive
692 2306 861 2336 Antioche-

161 2348 224 2384 ide,
251 2354 284 2379 et
308 2349 378 2378 aliis
404 2349 541 2389 scriptis,
564 2348 618 2379 Jo.
634 2348 805 2378 Lelandum
823 2347 863 2378 de

161 2391 364 2431 scriptoribus
381 2391 569 2421 Britannicis
579 2391 696 2420 editum
708 2400 810 2430 nuper
824 2390 863 2420 ab

162 2432 302 2463 Antonio
328 2433 413 2467 Hall,
437 2433 542 2464 Oxou.
560 2435 653 2463 1709.
682 2434 712 2462 8.
739 2443 771 2472 p.
785 2435 860 2464 237.

162 2475 236 2505 Alia
250 2475 289 2505 de
305 2485 342 2505 eo
357 2475 551 2505 Christianus
561 2474 715 2504 Daumius
723 2474 806 2504 notis
820 2475 860 2504 ad

161 2517 352 2547 Bernardum
369 2517 574 2558 Geystensem
590 2527 622 2556 p.
637 2519 690 2548 73.
714 2515 862 2557 [Scripsit

159 2559 302 2589 Iscanus:
318 2559 369 2589 De
380 2559 470 2589 Bello
482 2558 615 2599 Trojano
628 2559 704 2588 libb.
718 2558 862 2589 vr.--De

160 2601 254 2631 Bello
277 2601 476 2631 Antiocheno
499 2601 554 2630 lib.
582 2600 700 2631 1.——De
727 2600 860 2630 Institu-

159 2644 245 2673 tione
261 2643 338 2684 Cyri
349 2644 403 2673 lib.
418 2642 712 2684 1.—-Panegyricum
723 2642 763 2672 ad
772 2642 859 2672 Hen-

159 2685 271 2725 ricum,
293 2686 347 2716 lib.
364 2685 540 2725 1.—Nugas
554 2684 743 2719 Amatorias,
765 2684 821 2714 lib.
836 2693 860 2714 1.

162 2728 443 2770 -Epigranimata,
458 2728 511 2759 lib.
529 2726 723 2758 1.-Diversi
738 2726 859 2768 generis

907 2094 1063 2131 Carmina,
1080 2095 1134 2126 lib.
1151 2107 1175 2126 1.
1196 2095 1235 2126 In
1251 2095 1459 2126 Antiocheide
1473 2095 1562 2127 fortis
1577 2102 1609 2127 et

906 2139 1096 2178 magnanimi
1111 2138 1209 2178 Regis
1223 2139 1318 2168 nostri
1330 2138 1453 2168 Ricardi
1465 2148 1490 2167 1.
1503 2148 1606 2178 quem,

906 2190 976 2210 cum
987 2180 1153 2216 Balduino,
1167 2181 1201 2209 in
1217 2180 1415 2220 expeditione
1432 2180 1470 2210 ad
1481 2179 1607 2211 Terram

908 2221 1055 2252 Sanctam
1070 2223 1234 2252 comitatus
1246 2227 1305 2257 est,
1315 2229 1401 2262 gesta
1412 2222 1606 2264 celebravit]

950 2263 985 2304 [†
1001 2264 1085 2294 Mori
1110 2264 1248 2299 editioni,
1263 2275 1346 2294 nuuc
1365 2265 1469 2294 minus
1494 2264 1607 2301 obviae,

905 2305 971 2336 haec
994 2306 1155 2346 inscriptio
1184 2307 1312 2346 praefixa
1345 2311 1394 2335 est
1408 2317 1414 2335 z
1455 2312 1463 2325 ‘
1480 2305 1608 2337 Daretis

906 2347 1049 2388 Phrygii,
1063 2348 1291 2378 Historicorum
1299 2349 1436 2378 omnium
1449 2347 1551 2388 primi,
1567 2348 1607 2379 de

906 2389 998 2420 Bello
1013 2390 1144 2431 Trojano
1159 2390 1231 2420 libri
1247 2400 1312 2420 sex.
1337 2390 1448 2419 Latino
1471 2389 1606 2421 carmine

903 2441 922 2461 a
936 2432 953 2462 J
960 2432 1078 2471 osepho
1093 2432 1263 2462 Exoniensi
1286 2432 1514 2470 elegantissime
1537 2432 1605 2462 red-

903 2473 972 2504 diti.
1002 2473 1172 2515 Recogniti
1186 2484 1222 2504 ac
1236 2473 1391 2503 emendati
1407 2484 1478 2504 cura
1492 2478 1524 2503 et
1539 2479 1604 2504 stu-

904 2515 956 2546 dio
972 2515 1103 2546 Joannis
1126 2515 1219 2550 Mori,
1237 2516 1270 2546 J.
1285 2516 1325 2546 U.
1342 2515 1383 2546 D.
1409 2515 1463 2555 qui
1478 2515 1606 2547 eosdem

904 2557 1107 2597 Argumentis
1135 2557 1312 2593 illustravit,
1336 2562 1497 2597 totumque
1525 2567 1605 2597 opus

901 2610 975 2630 vero
990 2600 1109 2630 auctori
1119 2599 1267 2629 restituit.
1289 2599 1434 2630 Londini.
1451 2600 1606 2640 impensis

902 2642 1030 2672 Thomae
1043 2642 1162 2672 Helder
1181 2642 1238 2671 sub
1253 2641 1342 2681 signo
1358 2641 1472 2680 Angeli
1485 2641 1519 2671 in
1535 2643 1603 2673 vico

902 2685 994 2726 vulgo
1009 2683 1093 2715 dicto
1108 2684 1364 2715 Little-Brittain.
1380 2682 1500 2724 1675.’]
