1889 3194
413 319 508 352 PAU
522 320 566 351 LI
601 320 682 351 le
694 320 851 351 DINGII
884 319 1025 351 No'rAE

147 412 212 444 διο.
255 410 501 452 Agamemnoni
539 413 715 445 obtulere.’
758 413 844 453 Cap.

147 462 274 503 quippe
289 466 342 494 28.
388 464 516 495 Noster
540 465 702 504 Clirysem
717 473 842 503 coguo-

147 511 237 543 visse
250 513 311 552 ait,
323 512 425 544 filiam
441 523 534 544 suam
550 513 842 554 Astynomencum

146 560 402 602 Agamemnone
433 564 569 604 degere.
621 564 728 602 Voce,
750 564 759 580 ‘
776 563 844 593 Ex-

147 611 273 651 cepta‚’
295 612 413 642 eodem
432 612 530 643 modo
546 613 672 644 Noster
688 622 765 643 usus
782 617 845 649 est,

148 663 199 693 13.
209 661 251 693 de
261 662 406 694 Glauce:
422 662 431 678 ‘
443 663 551 695 Quam
563 663 668 694 nostri
682 661 845 704 Ajaci,0b

146 709 250 742 fortia
273 710 364 743 facta
392 712 477 752 ejus,
504 717 683 752 exceptam
707 712 845 754 reliquae

145 760 273 802 proedae
287 761 474 793 habendam
492 761 710 794 concedunt.'

190 811 337 850 Eiusdem
357 812 512 853 alimonii]
538 812 699 853 Ejusdem
723 811 846 844 educa-

147 860 249 892 tionis
265 865 302 892 et
313 862 502 893 convictus.

192 910 333 942 Genibus
350 910 515 953 obvolutoe]
536 913 598 945 ΟΒ.
616 912 848 951 advolutae‚ut

148 959 248 1002 infra,
267 966 276 980 ‘
290 962 433 1002 genibus
459 962 597 994 Achillis
621 965 845 996 obvolveban-

148 1010 226 1041 turl

188 1059 228 1091 In
241 1060 372 1101 medios]
395 1062 475 1101 Leg.
493 1064 502 1080 ‘
518 1063 550 1094 in
566 1063 702 1096 medio.’

189 1112 208 1151 ξ
223 1113 265 1142 20
291 1111 511 1153 Traditumque
530 1114 717 1154 Polydorum
732 1113 845 1154 refert]

146 1161 258 1192 Deest
281 1160 381 1202 Ajax,
407 1162 503 1202 cujus
520 1169 594 1194 erat
612 1164 703 1204 pacis
721 1169 846 1195 tracta-

145 1214 214 1249 tus,
227 1219 263 1241 se
276 1216 432 1252 auctore,
441 1222 517 1243 cum
529 1212 767 1253 Polymestore
779 1212 847 1245 fac·

149 1263 202 1291 tos
219 1259 360 1293 referre.

190 1310 243 1340 Ea
272 1310 405 1342 seniores
436 1310 656 1343 lamentatione
683 1311 845 1343 immodica

146 1368 215 1390 cum
238 1360 383 1401 lacrymis
406 1360 604 1400 accipientes]
630 1361 712 1401 Leg.
734 1363 743 1378 ‘
760 1362 844 1392 Eam

147 1408 296 1440 seniores
338 1410 615 1441 lamentationem
655 1410 843 1442 immodicis

148 1467 224 1490 cum
240 1459 399 1500 lacrymis
416 1458 650 1499 accipientes!

192 1509 238 1539 Et
254 1511 289 1540 ut
300 1509 463 1548 praeterita
477 1512 569 1540 antea
591 1510 728 1540 consulta
755 1509 844 1541 omit-

147 1558 228 1599 tam]
243 1558 324 1599 Leg.
345 1559 355 1577 ⁴
370 1559 416 1590 Et
441 1563 478 1591 ut
499 1558 675 1600 praeterita
689 1560 843 1591 consulto

148 1609 325 1642 omittam.’

191 1660 209 1700 ς
222 1662 263 1691 21
290 1660 381 1695 Quod
394 1660 490 1692 amice
504 1660 671 1701 impetrare
684 1661 844 1701 nequitum

149 1707 211 1748 est]
232 1708 370 1740 Sallust.
383 1709 542 1750 Jugurth.
561 1713 615 1742 31.
635 1712 644 1729 ‘
658 1711 756 1743 Quod
771 1711 843 1742 sine

150 1757 314 1798 sanguiue
359 1759 480 1790 civium
518 1760 638 1791 ulcisci
674 1761 844 1802 nequitur,

141 1806 222 1846 jure
237 1805 365 1838 factum
381 1808 458 1840 est?
501 1808 598 1840 Sext.
610 1809 732 1850 Pomp.
750 1811 759 1827 ‘
774 1810 844 1841 Ne-

150 1856 304 1897 quitum‚'
318 1857 438 1898 inquit,
452 1858 462 1875 ‘
473 1862 508 1890 et
521 1859 693 1900 nequitur,
703 1869 764 1900 pro
778 1869 843 1891 non

148 1915 260 1946 posse,
296 1905 481 1938 dixerunt.'
534 1908 619 1939 Cato
649 1908 784 1949 Origin.
818 1919 844 1941 1.

149 1957 160 1974 ‘
171 1957 271 1990 Quod
299 1959 441 1990 termino
456 1958 570 1990 fanum
585 1958 662 1996 fuit,
677 1959 713 1991 id
728 1961 845 2002 nequi-

148 2012 219 2039 tum
236 2007 464 2048 exaugurari.'

193 2057 310 2089 Priora
334 2058 412 2089 male
434 2059 571 2090 consulta
592 2058 765 2099 corrigere]
790 2060 845 2091 Li-

148 2107 220 2140 vius
236 2116 246 2138 t
282 2107 292 2124 ‘
305 2107 490 2139 Praeterita
517 2110 701 2149 corrigere,
731 2119 845 2140 emen-

149 2157 234 2188 dare
258 2165 324 2187 non
347 2155 452 2187 licet.’
496 2157 572 2189 Quo
589 2158 664 2190 loco
682 2158 768 2189 Livii
785 2169 845 2199 pu-

151 2207 222 2239 tavi
250 2215 383 2245 semper
406 2207 588 2246 legendum
612 2208 622 2225 ‘
638 2209 812 2248 corripere
825 2209 847 2248 ;’

149 2265 226 2288 nam
241 2257 251 2274 ⁴
261 2255 433 2295 corrigere
447 2255 456 2268 ’
470 2260 505 2286 et
517 2256 527 2273 ‘
541 2256 722 2288 emendare
734 2256 742 2270 '
755 2258 845 2299 ejus-

149 2306 227 2338 dem
239 2305 310 2337 fere
327 2305 448 2337 valoris
460 2310 549 2337 sunt.

193 2358 212 2397 §
234 2358 278 2388 22
300 2355 365 2387 Aut
388 2356 456 2395 quis
474 2355 582 2393 frater
599 2357 704 2394 fratri
726 2358 847 2390 aditum

145 2405 332 2448 patefaciet]
346 2405 402 2436 Ita
411 2405 500 2446 apud
512 2406 584 2437 Liv.
598 2415 654 2438 xx„
667 2408 725 2438 ‘de
740 2407 845 2439 fratre

150 2455 271 2490 frater,
287 2454 434 2486 Perseus
451 2454 494 2485 de
518 2455 708 2488 Demetrio.
752 2456 845 2497 Ape-

151 2504 270 2537 rienda
300 2504 457 2535 nimirum
493 2509 594 2537 nocte
614 2505 723 2546 janua
755 2506 846 2548 fuit,'

153 2556 217 2587 &c.

192 2603 287 2644 Apud
301 2603 462 2636 Barbaros
475 2608 506 2636 et
522 2605 665 2647 Groecos]
681 2606 758 2647 Troj
765 2617 845 2639 anos

151 2655 254 2688 etiam
265 2655 389 2688 Noster
397 2657 406 2672 ‘
416 2656 528 2696 lingua
537 2657 754 2698 moribusque
762 2659 845 2690 Bar-

151 2707 271 2739 baros’
292 2713 402 2740 vocat.
446 2709 456 2727 ‘
470 2709 612 2740 Barbari
626 2708 635 2722 '
657 2709 711 2740 hic
738 2719 844 2750 oppo-

152 2761 279 2788 nuntur
311 2759 321 2775 ‘
333 2758 487 2797 Graecis,’
521 2763 558 2790 ut
588 2758 678 2799 apud
707 2759 845 2791 Latinos

153 2806 228 2839 aliae
250 2807 404 2840 nationes
422 2808 592 2841 Romanis.
625 2808 748 2842 Strabo
770 2817 845 2842 xw.

1060 320 1111 351 IN
1148 320 1241 352 ΜΒ.
1274 321 1327 352 ιι.
1503 311 1624 352 6270·

892 412 1055 453 originem
1072 412 1312 453 appellationis
1334 412 1431 444 istius
1453 413 1589 453 elegan-

893 467 947 494 ter
974 463 1177 503 descripsit:
1211 463 1357 502 ἐκείνους,
1388 463 1511 503 inquit,
1536 461 1590 493 οὖν

893 510 972 543 ἰδίως
987 511 1140 543 ἐκάλεσαν
1152 512 1336 553 βαρβάρους,
1354 514 1388 544 ἐν
1407 513 1518 553 ἀρχαῖς
1533 512 1590 551 μὲν

893 561 973 593 κατὰ
986 561 1024 593 τὸ
1038 562 1191 603 λοίδορον,
1207 563 1247 593 ὣς
1268 563 1306 593 ἂν
1328 561 1547 602 παχυστόμους
1570 561 1591 598 ἢ

893 610 1139 652 τραχυστόμους·
1169 610 1236 643 εἶτα
1260 611 1529 652 κατεχρησάμεθα,
1552 612 1592 642 ὣς

894 663 999 693 ἐθνικῶ
1010 665 1101 702 κοινῷ
1111 662 1248 703 ὀνόματι,
1259 663 1508 704 ἆντιδιαιροῦντες
1520 663 1592 704 πρὸς

894 713 965 745 τοὺς
974 711 1143 750 Ἕλληνας.
1169 714 1259 744 Hinc
1275 713 1306 744 in
1324 714 1452 744 Senatu
1464 714 1592 745 AEtolo-

895 772 966 794 rum
984 762 1137 794 facturus
1154 763 1259 794 verba
1275 762 1502 794 Macedonum
1518 772 1593 795 ora-

895 817 950 843 tor
973 813 1139 844 Romanos
1157 812 1324 844 Barbaros
1339 817 1451 844 vocat.
1474 813 1485 830 ‘
1499 812 1593 845 AEto-

893 862 966 903 los‚’
982 863 1104 903 inquit,
1127 862 1362 901 ‘Acarnanas,
1382 861 1593 894 Macedonas

894 913 1043 954 ejusdem
1056 913 1178 953 linguae
1190 912 1340 944 homines
1350 913 1441 943 leves
1454 912 1495 943 ad
1508 916 1595 944 tem·

895 973 958 1004 pus
975 967 1058 994 ortae
1082 972 1193 993 causae
1216 962 1427 1003 disjungunt,
1451 962 1593 1001 conjun-

895 1017 1047 1053 guntque
1070 1021 1146 1043 cum
1170 1012 1391 1052 alienigenis;
1415 1021 1489 1043 cum
1506 1012 1593 1042 Bar-

894 1062 986 1093 baris
1003 1066 1165 1093 aeternum
1189 1062 1345 1093 omnibus
1369 1062 1500 1094 Graecis
1524 1061 1594 1093 bel-

894 1112 961 1143 lum
977 1116 1027 1143 est
1043 1111 1198 1152 eritque?
1221 1111 1289 1143 Ubi
1306 1121 1367 1152 per
1388 1112 1592 1151 alienigenas

895 1166 931 1193 et
963 1161 1135 1193 Barbaros
1167 1161 1315 1193 Romani
1345 1161 1593 1201 intelliguntur.

895 1211 985 1243 Quin
1003 1212 1147 1242 Plautus
1171 1211 1299 1242 diserte
1325 1211 1373 1242 ait
1390 1221 1399 1242 ε
1424 1211 1434 1227 ‘
1452 1211 1592 1243 Marcus

895 1261 1001 1292 vertit
1015 1260 1191 1300 Barbare‚’
1214 1261 1277 1292 hoc
1293 1265 1358 1300 est,
1374 1261 1507 1292 Latine.

937 1310 977 1341 In
991 1310 1058 1341 dies
1070 1310 1218 1351 residuis]
1235 1312 1316 1351 Leg.
1338 1315 1347 1328 ¹
1361 1309 1550 1342 Residuos.’

937 1361 1010 1400 §23
1036 1360 1216 1401 Patiemur]
1239 1361 1321 1401 Leg.
1344 1360 1355 1377 ‘
1369 1358 1539 1400 patimur.’

936 1412 954 1451 ᾧ
969 1413 1009 1442 25
1033 1412 1079 1442 Et
1106 1410 1227 1442 Helena
1247 1421 1315 1441 cum
1327 1410 1435 1450 gratia
1449 1409 1593 1450 remissa]

893 1461 1087 1492 Delendum
1103 1461 1237 1492 omnino
1253 1461 1263 1478 ‘
1276 1460 1344 1493 Et.’

937 1513 1006 1553 §26
1022 1511 1181 1551 Siquidem
1188 1511 1314 1552 proprio
1328 1509 1494 1552 spoliatus]
1509 1510 1593 1551 Leg.

894 1562 903 1579 ‘
915 1561 1062 1600 Propria
1078 1560 1213 1592 seilicet
1229 1559 1402 1601 conjuge?

935 1612 1089 1642 autentus
1096 1611 1200 1651 perita
1214 1611 1285 1642 belli
1296 1611 1415 1642 abunde
1429 1610 1515 1642 nobis
1530 1610 1590 1651 est]

893 1662 951 1693 Ita
972 1663 1105 1693 locutus
1121 1662 1259 1694 Sallust.
1277 1662 1353 1694 Cat.
1367 1664 1421 1693 21.
1445 1662 1454 1679 ‘
1471 1661 1593 1703 quibus

891 1713 978 1743 mala
1002 1712 1136 1744 abunde
1162 1713 1272 1744 omnia
1294 1712 1434 1751 erant3’
1469 1717 1505 1744 et
1530 1712 1594 1745 Ju-

892 1762 1005 1802 gurth.
1030 1764 1082 1794 14.
1105 1762 1116 1779 ‘
1129 1761 1277 1794 Abunde
1293 1772 1416 1802 magna
1431 1762 1594 1803 praesidia

891 1812 986 1843 nobis
1002 1812 1034 1843 in
1052 1817 1164 1844 vestra
1177 1812 1326 1843 amicitia
1342 1811 1439 1844 fore.'

935 1863 1034 1894 Haud
1049 1865 1204 1903 integrum
1220 1863 1320 1903 vobis]
1337 1863 1413 1894 Hoc
1427 1866 1491 1902 est,
1507 1862 1518 1881 ‘
1535 1863 1592 1894 vix

893 1913 999 1945 licet.’
1042 1914 1096 1945 Ita
1112 1914 1235 1945 Cicero
1251 1913 1396 1946 alicubi:
1420 1914 1429 1930 ‘
1441 1912 1527 1944 haud
1543 1914 1592 1945 in·

895 1968 1027 2001 tegrum
1043 1961 1150 1994 mihi-²

937 2013 1024 2044 Date
1045 2013 1147 2052 igitur
1169 2012 1241 2044 belli
1261 2013 1399 2054 signum]
1422 2013 1496 2044 Liv.
1509 2021 1589 2045 xxt.

893 2066 903 2080 ‘
917 2062 1005 2093 Tum
1022 2062 1206 2102 Romanus,
1232 2063 1305 2094 sinu
1328 2073 1371 2094 ex
1389 2068 1468 2103 toga
1485 2063 1591 2103 facto,

894 2116 903 2130 ‘
912 2112 1005 2151 Hic‚’
1015 2111 1099 2153 (leg.
1111 2112 1203 2152 hoc‚)
1214 2112 1336 2153 inquit,
1347 2114 1356 2130 ‘
1366 2112 1458 2142 vobis
1467 2112 1593 2143 bellum

894 2167 930 2194 et
956 2171 1072 2202 pacem
1104 2166 1291 2202 portamus,
1322 2167 1434 2193 utrum
1465 2162 1591 2203 placet,

894 2212 1016 2242 sumite
1031 2211 1059 2243 :'
1075 2211 1136 2242 sub
1150 2211 1235 2243 hanc
1250 2221 1366 2243 vocem
1380 2211 1469 2242 haud
1483 2212 1591 2243 minus

894 2261 1068 2301 ferociter,
1084 2261 1182 2292 daret
1199 2265 1311 2293 utrum
1328 2262 1442 2303 vellet,
1462 2264 1591 2294 succla-

895 2315 1022 2342 matum
1038 2309 1114 2350 est,’
1128 2313 1192 2342 &c-

936 2359 1111 2391 Adversum
1147 2361 1266 2400 legatos
1295 2362 1410 2393 AEneas
1446 2362 1588 2405 dixerat]

894 2411 978 2443 Cum
1005 2415 1118 2443 tamen
1135 2416 1253 2452 postea
1269 2412 1391 2444 AEneas
1407 2414 1590 2445 reddendae

894 2462 1039 2494 Helenae
1064 2462 1222 2503 pertinax
1247 2463 1370 2495 author
1385 2462 1474 2503 fuit;
1498 2474 1590 2496 cum-

893 2522 959 2554 que
982 2512 1076 2544 addit
1101 2511 1247 2552 Aussnor,
1272 2513 1350 2545 odio
1381 2514 1477 2554 regni
1506 2514 1592 2555 ejus,

893 2566 1031 2593 constat
1067 2559 1207 2592 AEneam
1242 2561 1278 2593 in
1315 2562 1459 2594 Graecos
1503 2563 1589 2596 adeo

893 2612 1016 2643 acerbe
1044 2611 1227 2651 invectum,
1257 2613 1378 2644 saltem
1407 2617 1445 2644 ut
1469 2618 1590 2645 contra

893 2661 1054 2702 Trojanos
1071 2662 1179 2702 majus
1194 2662 1361 2694 excitaret
1382 2663 1588 2696 incendium.

936 2713 954 2753 ξ
981 2714 1022 2743 27
1048 2712 1242 2752 Gargarum]
1272 2714 1355 2753 Leg.
1379 2713 1590 2754 ‘Gargarinss

895 2762 1018 2795 Graece
1030 2762 1117 2793 enim
1131 2767 1182 2794 est
1198 2761 1346 2804 rap-yoipts
1358 2763 1391 2794 in
1407 2764 1552 2796 Troade.

939 2811 1140 2854 Gergithum]
1155 2813 1236 2854 Leg.
1252 2814 1261 2831 ‘
1278 2813 1513 2856 Gergemam:
1529 2823 1588 2846 un-
