1889 3194
523 386 585 415 DE
616 386 770 416 BELLO
801 386 1025 416 'PROJANO
1063 386 1155 417 [AB.
1190 388 1254 416 lv.

1512 379 1598 419 467

216 481 372 522 Cetera
391 480 566 521 fraterni
588 479 748 520 Martis
767 491 995 520 numerosa
1016 482 1219 533 potestas·

160 548 310 590 Ductu
330 559 547 601 quemque
566 559 646 587 suo
667 546 872 587 discretis
892 546 1097 587 fulminat
1116 547 1240 587 ausis
1262 560 1270 584 :

159 614 224 656 Ut
243 619 349 668 quot
368 614 630 663 Priamidas,
651 618 717 655 tot
731 615 876 668 jurent
894 613 1120 654 Hectoras
1137 627 1235 655 esse
1252 627 1262 655 ε

161 681 284 731 Quot
303 680 463 730 Troiis,
485 685 550 722 tot
571 680 717 721 Marte
738 693 867 733 pares
888 681 985 732 tibi,
1007 680 1171 730 Trosse,
1191 681 1354 721 dicant.

160 747 294 789 Nunc
313 748 492 796 utinam,
510 760 598 800 quo
619 747 806 800 quisque
829 747 990 799 animo,
1012 761 1100 801 quo
1120 748 1289 788 fulserit
1309 760 1396 798 ore,

1539 748 1597 789 35

160 813 278 864 Quis
297 815 501 854 membris
524 814 763 867 inscriptus
784 813 944 861 honos,
963 815 1065 867 quis
1085 817 1265 867 pectora
1282 819 1429 856 motus

158 880 394 930 Extulerit‚
413 881 665 921 meminisse
685 892 859 933 queam,
879 880 1108 934 vultusque
1130 885 1349 933 peremtos

158 948 359 989 Suscitet
377 947 542 1001 eloquii
564 947 713 994 virtus,
735 947 967 1000 oculisque
987 948 1148 1001 sepulti

162 1014 422 1056 Pectoribus
442 1015 609 1064 vivant,
630 1013 795 1067 scripto
816 1026 1035 1067 praecone,
1060 1015 1245 1068 tyranni.

215 1081 291 1122 Sic
307 1081 414 1122 olim
435 1082 607 1134 positos
626 1081 806 1134 populis
827 1081 1087 1121 mirantibus
1109 1081 1232 1122 offert

1542 1081 1598 1122 40

158 1148 357 1202 Elinguis
378 1148 548 1200 pictura
567 1147 714 1188 viros:
745 1147 810 1188 sic
832 1148 953 1188 culta
975 1148 1176 1200 profatur

158 1215 323 1258 Charta
344 1215 492 1264 duces,
512 1215 652 1255 oculis
673 1213 770 1255 haec
791 1213 1007 1263 blandior,
1027 1214 1204 1255 auribus
1223 1214 1315 1255 illa.

214 1282 347 1324 Celsa
368 1281 469 1322 duci
489 1281 664 1323 Priamo
685 1281 776 1321 late
798 1281 1076 1333 surgentibus
1098 1280 1230 1321 armis

157 1349 337 1391 Effulcit
352 1361 525 1390 roseum
545 1349 696 1389 cervix
721 1352 872 1400 caput,
894 1348 1032 1388 ardua
1053 1348 1249 1388 scribunt

157 1415 363 1457 Membra
378 1415 533 1464 virum,
552 1415 806 1468 blandoque
827 1427 964 1467 genas
988 1419 1148 1454 terrore
1163 1414 1356 1455 minaces

1542 1416 1598 1457 45

155 1483 324 1535 Regius
342 1486 462 1523 ornat
481 1481 644 1522 honos:
674 1481 868 1534 placidae
889 1493 980 1522 vox
1000 1481 1154 1521 nuntia
1172 1481 1329 1520 mentis

156 1548 236 1590 Nil
251 1547 477 1597 tumidum,
498 1548 558 1588 nil
573 1547 698 1588 triste
721 1551 862 1596 sonat,
882 1548 1149 1600 propiorque
1171 1547 1369 1600 precanti

156 1615 371 1657 Mollibus
390 1615 585 1669 imperiis
605 1614 868 1655 famulantes
890 1614 1064 1655 instruit
1081 1627 1224 1655 aures.

807 1700 947 1732 NOTAE

195 1769 238 1799 39
264 1767 391 1807 Vivant,
410 1766 524 1806 scripto
537 1775 689 1806 praecone,
704 1765 847 1806 tyranni]

108 1827 112 1830 ·
155 1817 205 1848 Eo
222 1817 371 1857 pertinet
386 1815 526 1847 Pindari
541 1815 710 1846 sententia
724 1816 847 1847 Neme—

155 1877 205 1899 or.
221 1870 253 1898 7.
277 1866 334 1908 qui
354 1866 509 1897 tenebras
535 1865 714 1897 illustrium
739 1863 846 1896 facto-

155 1926 228 1948 rum
252 1916 386 1956 hymnis
406 1915 579 1955 pellendas
605 1915 663 1950 ait,
695 1915 752 1956 qui
779 1915 846 1946 sint

153 1966 327 2005 speculum
356 1964 512 1995 virtutis:
536 1969 572 1995 et
594 1964 729 2004 Sappho
756 1964 846 2004 apud

153 2014 375 2046 Plutarchum
399 2014 548 2054 egregie,
571 2014 765 2045 κατθανοῦσα
785 2012 846 2044 κεί-

156 2075 237 2102 σεαι,
257 2064 326 2096 οὐδὲ
349 2076 395 2097 τις
420 2062 599 2103 μναμοσύνα
619 2062 708 2095 σέθεν
732 2062 846 2096 ἔσεται.

154 2115 191 2146 οὗ
212 2114 274 2155 γὰρ
295 2114 439 2153 μετέχεις
459 2112 554 2153 ῥόδων
572 2114 635 2144 τῶν
657 2113 691 2144 ἐκ
712 2112 845 2153 Πιερίας.

156 2164 293 2196 Horatii
306 2163 386 2194 illud
399 2168 512 2194 notum
526 2167 579 2194 est
590 2162 630 2192 de
640 2162 690 2192 his
701 2163 756 2202 qui
774 2168 782 2180 ‘
794 2172 845 2193 sa-

155 2223 214 2245 cro
229 2217 306 2244 vate
321 2212 526 2252 caruerunt‚’
549 2221 651 2242 carm.
662 2220 712 2244 1v.
726 2215 757 2243 9.
800 2213 845 2243 Et

157 2263 205 2295 M.
221 2262 359 2294 Antonii
377 2261 531 2292 Flaminii
546 2271 586 2292 ea
602 2261 644 2291 de
661 2270 695 2291 re
712 2270 844 2291 carmen

154 2312 284 2352 insigne
300 2319 351 2343 est
368 2311 390 2344 l.
403 2321 459 2343 ιιι.
490 2311 639 2342 Maxime
655 2310 794 2341 excellit
809 2310 843 2340 in

154 2362 219 2393 ista
228 2361 335 2403 γνώμῃ
350 2360 448 2392 Anna
462 2360 575 2392 Alexii
591 2359 751 2391 Comneni
763 2358 844 2397 filia,

155 2411 254 2442 initio
270 2410 442 2442 Alexiadis
453 2419 534 2449 suae,
549 2419 647 2450 quam
662 2409 747 2440 bono
761 2408 842 2448 pnb·

155 2462 222 2492 lico
252 2461 294 2492 de
324 2461 502 2492 literatura
530 2459 653 2490 Graeca
683 2458 844 2498 praeclare

155 2511 293 2543 meritus
305 2511 369 2542 luci
388 2510 538 2541 restituit
555 2508 780 2540 Hoeschelins.

195 2562 238 2591 40
259 2559 314 2590 Sic
334 2559 407 2589 olim
426 2558 558 2599 positos]
587 2557 693 2588 Positz·
717 2557 769 2587 vel
790 2556 847 2588 siti

153 2615 233 2642 sunt
244 2610 379 2646 mortui,
394 2609 423 2640 οἱ
437 2607 576 2648 κείμενοι.
618 2607 714 2643 Virg.
732 2611 741 2624 ‘
758 2607 845 2646 posi-

154 2666 225 2692 tum
241 2659 336 2692 affati
359 2659 524 2691 discedite
550 2656 695 2698 corpus)
720 2656 844 2696 Papin⁸

153 2709 260 2742 Theb.
280 2718 332 2741 lx.
366 2709 582 2750 ‘positusque
606 2707 707 2737 beata
729 2706 843 2736 Morte

153 2759 277 2801 pater!
312 2759 457 2800 AEgroti‚
478 2759 488 2776 ‘
505 2755 672 2798 depositi.’
721 2756 842 2796 Virgil-

152 2810 210 2842 lib.
233 2819 300 2842 xn.
344 2814 353 2828 ‘
369 2810 432 2841 Ille
449 2813 486 2841 ut
506 2808 653 2849 depositi
677 2805 845 2847 proferret

150 2861 227 2893 fata
260 2859 435 2902 parentis.'
499 2859 635 2898 Cicero,
669 2857 847 2897 ‘deposita

154 2910 368 2953 respublica?
412 2909 468 2943 Ita
483 2909 638 2951 Euripidi
661 2908 694 2941 in
711 2908 842 2941 Alcest.

897 1764 979 1801 Ἤδη
993 1764 1152 1804 προνωπής
1173 1765 1240 1795 ἐστι
1265 1762 1316 1795 καὶ
1331 1764 1536 1804 ψυχοῤῥαγεῖ,
1555 1764 1597 1796 de

902 1815 1078 1852 morituro,
1095 1820 1130 1845 et
1148 1815 1179 1845 in
1196 1815 1310 1845 limine
1325 1815 1534 1845 collocando.

944 1864 999 1895 Sic
1011 1864 1082 1894 olim
1095 1865 1224 1904 positos,
1236 1862 1308 1904 Sym]
1331 1864 1533 1895 Plutarchus
1546 1865 1597 1895 Si-

900 1914 1026 1945 monidi
1043 1914 1162 1945 tribuit
1178 1915 1258 1944 illud
1276 1913 1378 1952 ὅμοιον
1388 1920 1421 1945 et
1438 1913 1596 1953 ἀνάλογον

900 1963 1049 1994 Poeseos
1066 1969 1102 1994 et
1117 1963 1282 1999 Picturae,
1298 1964 1384 1994 libro
1398 1963 1440 1994 de
1456 1964 1597 1995 Atheni·

899 2013 1048 2053 ensibus,
1064 2018 1172 2044 utrum
1187 2013 1288 2052 bello,
1308 2014 1360 2044 vel
1379 2023 1462 2053 pace
1479 2014 1595 2044 melio-

900 2072 954 2094 res
969 2073 976 2093 :
1001 2063 1018 2093 ὀ
1047 2062 1212 2101 Σιμωνίδης
1236 2063 1296 2100 τὴν
1328 2062 1386 2101 μὲν
1414 2063 1595 2104 ζωγραφίαν

898 2112 1022 2149 ποίησιν
1035 2114 1199 2143 σιωπῶσαν
1222 2112 1455 2154 προσαγορεύει,
1481 2113 1539 2151 τὴν
1560 2112 1593 2145 δὲ

898 2163 1021 2200 ποίησιν
1036 2161 1216 2203 ζωγραφίαν
1238 2163 1410 2194 λαλοῦσαν.
1450 2164 1594 2204 Repetit

898 2212 979 2243 illud
994 2213 1078 2243 libro
1096 2213 1136 2242 de
1154 2212 1329 2242 audiendis
1348 2212 1486 2251 Poet153
1510 2213 1591 2245 item

898 2262 930 2292 in
947 2262 1058 2292 libello
1082 2261 1124 2292 de
1150 2262 1335 2292 Adulatore
1351 2264 1594 2300 cognoscendo.

897 2312 1127 2342 Philostratus
1141 2311 1235 2341 initio
1250 2310 1373 2342 εἰκόνων
1383 2311 1472 2342 idem
1486 2313 1593 2354 ponit,

897 2365 931 2391 et
948 2361 1099 2400 agnoscit
1112 2360 1217 2391 Arist.
1228 2370 1256 2392 c.
1270 2364 1302 2392 6.
1318 2360 1471 2391 Poetices
1485 2372 1493 2392 τ
1509 2362 1591 2392 item

896 2409 1027 2441 Auctor
1039 2408 1081 2440 ad
1099 2410 1318 2440 Herennium.
1335 2410 1542 2441 Prudentius
1554 2412 1592 2442 li-

899 2459 958 2490 bro
973 2464 1060 2499 post.
1075 2464 1192 2490 contra
1204 2459 1452 2499 Symmachum,
1462 2462 1514 2490 40.
1527 2462 1591 2492 διοὓ

898 2507 1063 2539 Alludere
1077 2508 1211 2539 videtur
1228 2509 1335 2540 Clem.
1349 2508 1449 2540 Alex.
1466 2509 1589 2541 Sti-om.

900 2561 1036 2590 v1.463.
1058 2557 1088 2588 οἱ
1108 2557 1275 2598 φιλόσοφοι
1305 2557 1482 2599 ζωγραφίας
1507 2560 1593 2599 δίκην

898 2607 1121 2647 ἆπομιμοῦνται
1136 2608 1194 2646 τὴν
1209 2608 1363 2646 ἀλήθειαν.

938 2661 979 2690 43
1007 2659 1096 2690 Celsa
1124 2660 1195 2690 duci
1229 2658 1374 2698 Priamo]
1412 2659 1589 2692 Picturam

896 2718 961 2740 nou
975 2709 1155 2740 sublestam
1180 2709 1231 2739 vel
1256 2707 1429 2739 ὑπόλισπον
1449 2710 1587 2741 heroum

897 2759 1028 2790 illorum
1064 2758 1167 2789 habes
1203 2760 1293 2800 apud
1326 2759 1523 2791 Pausaniam
1554 2760 1588 2792 in

898 2809 1055 2840 Phocicis
1071 2818 1105 2849 p.
1120 2811 1195 2840 348.
1211 2809 1452 2842 Philostratum
1467 2809 1501 2842 in
1516 2811 1588 2844 Hes

900 2858 1001 2891 roicis
1015 2862 1051 2891 et
1065 2858 1236 2892 leonibus.
