1889 3194
579 316 639 345 DE
673 314 827 345 BELLO
860 314 1083 345 TROJANO
1117 314 1210 344 Lm.
1244 315 1311 345 lv.

1575 306 1661 348 475

217 408 382 450 Lenius
402 412 448 450 ut
469 410 634 462 pressis
655 410 847 451 insidant
867 410 995 451 basia
1014 409 1161 459 labris,

216 476 408 516 Parcius
428 475 473 516 in
494 488 668 517 roseum
690 481 956 529 consurgunt
976 488 1053 517 ora
1073 479 1302 517 tumorem.

1575 476 1660 518 185

218 541 384 582 Fundit
402 555 521 595 apex
542 542 756 593 humeros,
776 556 975 596 pressum
995 543 1102 595 tegit
1117 543 1253 583 ubera
1269 548 1443 596 pectus,

217 608 304 649 Ilia
325 609 541 659 succingit
561 609 738 659 levitas,
759 614 1010 663 tractusque
1028 609 1238 650 lacertos:

215 674 305 715 Pes
323 675 470 715 brevis
494 676 667 715 incessu
686 681 841 716 terram
864 676 1027 716 libante
1047 676 1204 728 supino

215 740 449 781 Lascivum
472 742 704 795 suspendit
720 743 816 790 iter,
839 755 1096 796 crurumque
1118 742 1280 783 decora

217 807 450 848 Mobilitas
464 813 609 849 comto
629 808 856 850 libramine
877 809 1096 862 ponderat
1112 814 1247 850 artus.

1574 809 1658 849 190

214 874 319 915 Sola
339 874 585 927 superciliis
603 875 729 915 labes
750 875 949 916 interflua
964 876 1072 917 raris

214 939 388 981 Audaci
410 941 585 981 macula
605 946 757 982 tenues
780 941 1052 983 discriminat
1073 948 1210 984 artus.

269 1005 332 1047 At
352 1007 483 1047 nimis
501 1007 694 1060 insignes
714 1008 909 1049 latebras
930 1010 1147 1050 secretius
1164 1012 1303 1059 ornat,

213 1072 481 1127 Vitalesque
504 1074 611 1114 colit
631 1074 865 1124 thalamos,
887 1080 932 1116 et
953 1076 1109 1128 digerit
1129 1077 1281 1117 urbem

214 1139 403 1180 Interior
424 1145 582 1181 natura
603 1154 752 1181 suam:
784 1154 860 1182 cor
879 1143 1076 1196 principe
1093 1146 1210 1183 motu

1570 1142 1656 1183 195

212 1206 440 1247 Libratum
462 1206 662 1260 disponit
678 1220 792 1261 opus
811 1219 822 1246 ε
852 1209 1146 1250 modulamina
1166 1209 1327 1262 linguae

864 1356 895 1388 N
902 1355 1005 1388 OTAE

256 1442 318 1472 186
342 1441 462 1473 Fundit
492 1452 572 1482 apex
602 1441 759 1481 humeros]
793 1442 908 1482 Caput

212 1489 373 1522 diffundit
388 1491 555 1531 humeros,
568 1491 745 1522 descendit
760 1493 850 1522 enim
865 1490 907 1522 ab

210 1548 290 1570 arce
307 1539 348 1570 ad
368 1539 537 1571 inferiora.

254 1592 314 1620 187
333 1589 396 1620 Ilia
410 1590 563 1629 succingit
579 1588 703 1629 levitas]
721 1588 824 1620 ovid.
840 1589 849 1605 ‘
862 1589 907 1621 Et

208 1639 394 1678 castigatus
421 1639 557 1669 suberat
582 1640 643 1669 sub
668 1644 805 1679 pectore
828 1648 906 1668 ven-

209 1688 288 1720 ter.'
333 1689 342 1705 ‘
360 1689 558 1730 Succingit‚’
582 1695 618 1720 ut
641 1690 764 1730 Papin.
782 1688 824 1719 de
842 1690 906 1719 Lu-

208 1749 272 1770 na:
297 1740 306 1757 ‘
325 1744 428 1781 atque
453 1741 574 1771 iterum
594 1740 718 1770 mundo
734 1739 908 1771 succincta

209 1788 357 1819 latenti!

253 1841 315 1869 188
340 1839 403 1869 Pes
417 1838 516 1870 brevis
530 1839 649 1870 incessu
664 1842 781 1871 terrum
795 1839 910 1871 libante

207 1889 314 1928 supino
333 1888 496 1919 Lascivum
512 1889 668 1928 suspendit
683 1889 759 1929 iter]
774 1890 908 1930 Talipe-

208 1937 346 1968 dantem
366 1939 436 1969 sive
454 1938 611 1978 supinum
627 1939 794 1969 incessum
811 1949 909 1979 argu-

207 1993 359 2018 mentum
391 1988 464 2018 vult
496 1987 657 2026 lasciviae,
691 1988 748 2019 alii
787 1986 907 2028 fastus,

208 2037 297 2067 unde
321 2038 478 2068 Persius:
512 2036 522 2052 ‘
540 2038 630 2068 Italo
661 2038 748 2078 quod
780 2038 907 2069 honore

209 2086 373 2127 supinus.¹
428 2087 597 2118 Prudent.
630 2087 639 2103 ‘
659 2087 747 2128 quod
774 2088 906 2118 vultuo-

209 2145 278 2171 sus,
303 2135 392 2176 quod
415 2136 566 2175 supinus,
592 2136 680 2176 quod
705 2134 843 2175 rigens!
865 2144 906 2166 11.

210 2186 247 2216 M
254 2195 324 2216 acc.
342 2189 391 2217 15.
408 2185 488 2224 μετὰ
501 2184 606 2223 πάσης
619 2184 799 2224 ἀλαζονείας
814 2186 906 2225 ὑψαυ-

210 2237 323 2273 χενῶν.
369 2235 521 2266 Seneca:
545 2236 555 2252 ‘
574 2236 653 2276 quid
676 2241 856 2274 tantopere
874 2239 908 2266 te

209 2286 344 2325 supinet
355 2284 379 2315 ?'
402 2294 442 2316 1¹.
457 2285 500 2316 de
513 2285 631 2316 Benef.
649 2285 780 2316 Graecis
796 2285 908 2326 supini

212 2332 397 2374 ὑψαύχενες,
427 2333 668 2373 ἐξυπτιάζοντες.
721 2335 806 2365 Vide
845 2335 908 2365 Ca-

210 2385 394 2415 sanbonnm
410 2384 452 2415 ad
469 2385 562 2415 Tert.
581 2394 656 2424 pag.
669 2386 743 2416 163.
786 2384 908 2425 Siquis

208 2434 250 2464 ad
269 2434 459 2473 Lascivum,
474 2433 564 2474 quod
588 2435 752 2475 sequitur,
775 2443 908 2473 respec-

208 2488 279 2514 tum
310 2483 427 2521 habet,
455 2483 496 2513 de
524 2483 717 2514 casabunda
743 2483 908 2514 comitiali

207 2532 264 2574 (ut
279 2532 414 2574 quidem
433 2533 547 2564 Dousa
570 2537 606 2563 et
631 2532 822 2564 Gulelmius
848 2542 906 2562 ex-

210 2587 340 2623 ponunt
356 2582 472 2613 Plauti
489 2582 594 2613 verba
611 2587 718 2623 nupta
733 2583 766 2613 in
784 2581 906 2622 Persa)

208 2631 402 2674 χαμαιτύπῃ,
428 2632 639 2672 χαμαικλίνει,
658 2639 692 2664 et
705 2632 906 2673 χαμαιρῥέπει

208 2684 401 2724 intelliget:
426 2693 467 2714 eo
492 2682 618 2714 referet
642 2684 722 2714 illud
740 2683 856 2715 Alexis
872 2683 905 2714 in

207 2732 371 2764 Isostasio
404 2732 494 2772 apud
519 2731 720 2763 Athenaeum
752 2741 836 2764 xnl.
873 2742 907 2773 p.

209 2785 285 2813 568.
306 2780 365 2818 τήν
379 2793 415 2812 τε
430 2782 572 2821 κεφαλὴν
584 2781 633 2812 ἐπὶ
647 2782 702 2813 τὸν
718 2782 798 2822 ὠμὸν
814 2794 909 2814 κατα·

209 2830 339 2867 βάλλων
351 2831 519 2873 ἐξέρχεται.
543 2833 679 2865 Videsis
693 2833 778 2866 Isid.
794 2833 911 2865 Pelus.

962 1450 1017 1473 111.
1035 1441 1147 1482 Epist.
1163 1443 1238 1474 224.

1005 1494 1064 1522 191
1103 1491 1178 1522 Sola
1207 1491 1392 1531 superciliis,
1420 1491 1490 1532 lya]
1526 1492 1657 1524 Seneca

960 1540 1069 1581 Epist.
1085 1542 1138 1570 33.
1163 1539 1173 1555 ‘
1190 1541 1267 1571 Non
1284 1545 1337 1571 est
1354 1539 1501 1571 formosa
1524 1541 1657 1576 mulier,

961 1591 1058 1630 cujus
1075 1600 1151 1621 crus
1168 1590 1327 1621 laudatur
1343 1595 1377 1621 et
1396 1589 1580 1629 brachium,
1596 1590 1656 1622 sed

959 1639 1029 1674 illa,
1045 1639 1140 1679 cujus
1162 1639 1321 1669 universa
1337 1637 1441 1670 facies
1462 1639 1655 1671 admiratio-

960 1698 1036 1720 nem
1053 1689 1192 1728 singulis
1208 1689 1361 1729 partibus
1377 1688 1541 1720 abstulit!
1584 1690 1657 1720 Da-

961 1748 1014 1769 res
1031 1738 1194 1769 describit
1210 1738 1377 1769 Helenam
1401 1738 1492 1769 inter
1516 1738 1582 1770 duo
1603 1749 1657 1769 su-

961 1788 1103 1828 percilia
1132 1792 1245 1818 notam
1271 1787 1466 1819 habentem.
1512 1788 1658 1820 Ovidius

960 1837 1051 1879 apud
1076 1839 1237 1868 Senecam
1260 1846 1300 1869 ιι.
1325 1841 1433 1869 contr.
1454 1840 1506 1869 10.
1533 1838 1658 1878 aiebat,

961 1888 971 1906 ⁴
985 1888 1215 1919 decentiorem
1232 1886 1352 1918 faciem
1368 1896 1454 1925 esse,
1470 1887 1503 1918 in
1519 1897 1582 1928 qua
1599 1889 1658 1919 ali-

962 1937 1037 1978 quis
1061 1936 1199 1969 naevusl
1242 1937 1392 1968 Lucilius
1411 1946 1504 1968 xvu.
1527 1939 1535 1952 ‘
1553 1938 1657 1969 Hele-

960 1996 1038 2018 nam
1055 1987 1160 2027 ipsam
1178 1985 1324 2026 denique
1341 1986 1418 2017 nolo
1428 1986 1568 2022 Dicere,
1582 1992 1656 2018 tute

961 2037 1051 2076 vide,
1068 2042 1169 2077 atque
1191 2036 1384 2077 disyllabon
1408 2037 1497 2077 elige
1514 2037 1657 2078 quodvis

960 2087 1023 2125 Τὴν
1047 2085 1080 2118 εὖ
1104 2086 1223 2128 πίειραν
1243 2088 1389 2128 aliquam
1407 2096 1475 2117 rem
1491 2088 1656 2126 insignem

960 2137 1130 2176 habuisse,
1146 2138 1346 2175 Verrucam,
1368 2145 1499 2167 naevum
1516 2136 1657 2176 pictum,

961 2187 1097 2218 dentem
1114 2186 1295 2217 eminulum
1312 2184 1436 2216 unum.'

1005 2238 1067 2267 194
1096 2235 1273 2275 Vitalesque
1287 2235 1362 2265 colit
1378 2235 1540 2274 thalamos,
1562 2236 1593 2265 et
1607 2233 1657 2265 di-

961 2285 1045 2324 gerit
1069 2285 1174 2316 urbem
1188 2284 1328 2315 Interior
1342 2287 1456 2314 natura
1471 2283 1572 2324 suam]
1596 2283 1656 2314 In-

963 2335 1122 2365 teriorem
1137 2333 1304 2364 hominem
1325 2332 1517 2363 describens
1533 2341 1657 2372 corpus

963 2385 973 2401 ‘
987 2383 1120 2415 urbem’
1134 2383 1299 2422 nominat,
1314 2387 1351 2413 ut
1364 2382 1530 2413 Prudent.
1541 2383 1658 2421 ψυχομ.

961 2436 1036 2464 818.
1057 2433 1068 2451 ‘
1085 2433 1221 2473 purgati
1237 2433 1389 2472 corporis
1406 2430 1547 2462 urbem.'
1577 2431 1659 2461 Phi-

961 2483 1008 2522 lo,
1029 2481 1061 2513 τὶ
1087 2482 1145 2519 τῆς
1172 2482 1276 2521 ψυχῆς
1303 2480 1471 2521 συνέδριον,
1498 2480 1586 2511 libro
1612 2480 1656 2512 de

962 2526 1103 2563 Consus.
1120 2531 1219 2571 Ling.
1236 2540 1270 2571 p.
1282 2534 1358 2562 261.
1375 2535 1412 2561 ut
1425 2530 1585 2561 Manilius
1601 2540 1657 2562 ca-

961 2585 1024 2622 put
1047 2589 1182 2611 arcem:
1211 2580 1220 2596 ‘
1233 2580 1331 2610 stetit
1363 2588 1448 2610 unus
1478 2579 1512 2609 in
1543 2588 1654 2611 arcem

959 2631 1104 2661 Erectus
1121 2628 1242 2669 capitis
1254 2628 1275 2660 :²
1291 2633 1326 2660 et
1341 2628 1449 2659 Prud.
1467 2629 1477 2645 ‘
1493 2628 1656 2660 animum-

960 2689 1026 2720 que
1042 2681 1158 2711 levans
1168 2679 1307 2709 rationis
1319 2678 1362 2709 ad
1380 2677 1516 2709 arcem.’
1537 2678 1657 2710 Claud.

960 2729 1003 2760 de
1021 2738 1074 2762 lv.
1091 2729 1191 2760 Cous.
1208 2729 1297 2759 Hon.
1330 2727 1341 2744 ‘
1356 2728 1443 2758 hanc
1458 2727 1517 2758 alti
1534 2727 1657 2768 capitis

961 2779 1113 2811 fundarit
1138 2779 1173 2810 in
1200 2787 1278 2810 arce
1301 2776 1550 2809 Mandatricem
1575 2786 1657 2818 ope-

963 2828 1062 2862 rnm.'
