<?xml version="1.0" encoding="UTF-8"?>
<!DOCTYPE html PUBLIC "-//W3C//DTD XHTML 1.0 Transitional//EN"
    "http://www.w3.org/TR/xhtml1/DTD/xhtml1-transitional.dtd">
<html xmlns="http://www.w3.org/1999/xhtml" xml:lang="en" lang="en">
 <head>
  <title>
</title>
<meta http-equiv="Content-Type" content="text/html;charset=utf-8" />
  <meta name='ocr-system' content='tesseract 3.04.00' />
  <meta name='ocr-capabilities' content='ocr_page ocr_carea ocr_par ocr_line ocrx_word'/>
</head>
<body>
  <div class='ocr_page' id='page_1' title='image "./dictyscretensise02dictuoft_0065.png"; bbox 0 0 1889 3194; ppageno 0'>
   <div class='ocr_carea' id='block_1_1' title="bbox 560 286 1287 318">
    <p class='ocr_par' dir='ltr' id='par_1_1' title="bbox 560 286 1287 318">
     <span class='ocr_line' id='line_1_1' title="bbox 560 286 1287 318; baseline -0.003 0"><span class='ocrx_word' id='word_1_1' title='bbox 560 288 621 318; x_wconf 77' lang='lat' dir='ltr'><strong>DE</strong></span> <span class='ocrx_word' id='word_1_2' title='bbox 656 287 811 318; x_wconf 76' lang='lat' dir='ltr'><strong>BEbLO</strong></span> <span class='ocrx_word' id='word_1_3' title='bbox 844 286 1070 317; x_wconf 72' lang='lat' dir='ltr'><strong>&#39;l&#39;ROJANO</strong></span> <span class='ocrx_word' id='word_1_4' title='bbox 1108 286 1200 316; x_wconf 69' lang='grc' dir='ltr'><strong>[ΑΒ.</strong></span> <span class='ocrx_word' id='word_1_5' title='bbox 1235 287 1287 316; x_wconf 88' lang='lat' dir='ltr'><strong>ll.</strong></span> 
     </span>
    </p>
   </div>
   <div class='ocr_carea' id='block_1_2' title="bbox 1559 277 1645 317">
    <p class='ocr_par' dir='ltr' id='par_1_2' title="bbox 1559 277 1645 317">
     <span class='ocr_line' id='line_1_2' title="bbox 1559 277 1645 317; baseline 0.012 -1"><span class='ocrx_word' id='word_1_6' title='bbox 1559 277 1645 317; x_wconf 80' lang='grc'>409</span> 
     </span>
    </p>
   </div>
   <div class='ocr_carea' id='block_1_3' title="bbox 197 377 1283 503">
    <p class='ocr_par' dir='ltr' id='par_1_3' title="bbox 197 377 1283 503">
     <span class='ocr_line' id='line_1_3' title="bbox 197 377 1153 435; baseline -0.001 -13"><span class='ocrx_word' id='word_1_7' title='bbox 197 381 352 423; x_wconf 85' lang='lat' dir='ltr'><strong>Cetera</strong></span> <span class='ocrx_word' id='word_1_8' title='bbox 371 377 607 435; x_wconf 83' lang='lat' dir='ltr'><strong>multiplici</strong></span> <span class='ocrx_word' id='word_1_9' title='bbox 627 382 807 423; x_wconf 82' lang='lat' dir='ltr'><strong>lascivit</strong></span> <span class='ocrx_word' id='word_1_10' title='bbox 825 380 946 423; x_wconf 85' lang='lat' dir='ltr'><strong>curia</strong></span> <span class='ocrx_word' id='word_1_11' title='bbox 965 381 1124 435; x_wconf 89' lang='lat' dir='ltr'><strong>plausu</strong></span> <span class='ocrx_word' id='word_1_12' title='bbox 1143 394 1153 422; x_wconf 91' lang='lat'>:</span> 
     </span>
     <span class='ocr_line' id='line_1_4' title="bbox 200 447 1283 503; baseline -0.001 -15"><span class='ocrx_word' id='word_1_13' title='bbox 200 447 312 489; x_wconf 88' lang='lat' dir='ltr'><strong>Pars</strong></span> <span class='ocrx_word' id='word_1_14' title='bbox 333 448 479 502; x_wconf 88' lang='lat' dir='ltr'><strong>syrtis,</strong></span> <span class='ocrx_word' id='word_1_15' title='bbox 501 461 604 502; x_wconf 89' lang='lat' dir='ltr'><strong>pars</strong></span> <span class='ocrx_word' id='word_1_16' title='bbox 626 452 746 501; x_wconf 87' lang='lat' dir='ltr'><strong>grata</strong></span> <span class='ocrx_word' id='word_1_17' title='bbox 765 449 885 503; x_wconf 83' lang='lat' dir='ltr'><strong>lyris,</strong></span> <span class='ocrx_word' id='word_1_18' title='bbox 904 461 1008 502; x_wconf 89' lang='lat' dir='ltr'><strong>pars</strong></span> <span class='ocrx_word' id='word_1_19' title='bbox 1028 461 1101 489; x_wconf 90' lang='lat' dir='ltr'><strong>ore</strong></span> <span class='ocrx_word' id='word_1_20' title='bbox 1120 459 1283 488; x_wconf 88' lang='lat' dir='ltr'><strong>canoro</strong></span> 
     </span>
    </p>
   </div>
   <div class='ocr_carea' id='block_1_4' title="bbox 200 513 1622 568">
    <p class='ocr_par' dir='ltr' id='par_1_4' title="bbox 200 513 1622 568">
     <span class='ocr_line' id='line_1_5' title="bbox 200 513 1622 568; baseline 0 -14"><span class='ocrx_word' id='word_1_21' title='bbox 200 513 246 554; x_wconf 95' lang='lat' dir='ltr'>N</span> <span class='ocrx_word' id='word_1_22' title='bbox 249 515 393 555; x_wconf 87' lang='lat' dir='ltr'><strong>ativas</strong></span> <span class='ocrx_word' id='word_1_23' title='bbox 415 519 608 556; x_wconf 82' lang='lat' dir='ltr'><strong>ostentat</strong></span> <span class='ocrx_word' id='word_1_24' title='bbox 629 528 754 568; x_wconf 83' lang='lat' dir='ltr'><strong>opeS,</strong></span> <span class='ocrx_word' id='word_1_25' title='bbox 774 518 1070 568; x_wconf 81' lang='lat' dir='ltr'><strong>contentaque</strong></span> <span class='ocrx_word' id='word_1_26' title='bbox 1091 515 1240 555; x_wconf 89' lang='lat' dir='ltr'><strong>nervis</strong></span> <span class='ocrx_word' id='word_1_27' title='bbox 1581 516 1622 554; x_wconf 69' lang='grc' dir='ltr'><strong>ἔ).</strong></span> 
     </span>
    </p>
   </div>
   <div class='ocr_carea' id='block_1_5' title="bbox 196 578 1423 834">
    <p class='ocr_par' dir='ltr' id='par_1_5' title="bbox 196 578 1423 834">
     <span class='ocr_line' id='line_1_6' title="bbox 197 578 1266 634; baseline 0 -14"><span class='ocrx_word' id='word_1_28' title='bbox 197 578 403 629; x_wconf 77' lang='lat' dir='ltr'><strong>Arteriac,</strong></span> <span class='ocrx_word' id='word_1_29' title='bbox 422 594 508 621; x_wconf 90' lang='lat' dir='ltr'><strong>non</strong></span> <span class='ocrx_word' id='word_1_30' title='bbox 530 582 636 622; x_wconf 85' lang='lat' dir='ltr'><strong>artis</strong></span> <span class='ocrx_word' id='word_1_31' title='bbox 656 594 802 634; x_wconf 92' lang='lat' dir='ltr'><strong>opem,</strong></span> <span class='ocrx_word' id='word_1_32' title='bbox 823 594 909 623; x_wconf 91' lang='lat' dir='ltr'><strong>non</strong></span> <span class='ocrx_word' id='word_1_33' title='bbox 931 582 1126 622; x_wconf 88' lang='lat' dir='ltr'><strong>carmina</strong></span> <span class='ocrx_word' id='word_1_34' title='bbox 1145 580 1266 621; x_wconf 88' lang='lat' dir='ltr'><strong>nervi</strong></span> 
     </span>
     <span class='ocr_line' id='line_1_7' title="bbox 196 645 1275 702; baseline 0.001 -15"><span class='ocrx_word' id='word_1_35' title='bbox 196 645 270 687; x_wconf 89' lang='lat' dir='ltr'><strong>Ad</strong></span> <span class='ocrx_word' id='word_1_36' title='bbox 293 647 418 688; x_wconf 84' lang='lat' dir='ltr'><strong>vocis</strong></span> <span class='ocrx_word' id='word_1_37' title='bbox 438 647 661 689; x_wconf 85' lang='lat' dir='ltr'><strong>mendicat</strong></span> <span class='ocrx_word' id='word_1_38' title='bbox 681 661 798 701; x_wconf 87' lang='lat' dir='ltr'><strong>opus</strong></span> <span class='ocrx_word' id='word_1_39' title='bbox 817 661 826 689; x_wconf 92' lang='lat'>:</span> <span class='ocrx_word' id='word_1_40' title='bbox 859 660 906 689; x_wconf 92' lang='lat' dir='ltr'><strong>se</strong></span> <span class='ocrx_word' id='word_1_41' title='bbox 926 648 1133 702; x_wconf 89' lang='lat' dir='ltr'><strong>quaelibet</strong></span> <span class='ocrx_word' id='word_1_42' title='bbox 1151 651 1275 688; x_wconf 90' lang='lat' dir='ltr'><strong>ornat</strong></span> 
     </span>
     <span class='ocr_line' id='line_1_8' title="bbox 197 711 1423 769; baseline 0.002 -17"><span class='ocrx_word' id='word_1_43' title='bbox 197 711 333 754; x_wconf 87' lang='lat' dir='ltr'><strong>Musa</strong></span> <span class='ocrx_word' id='word_1_44' title='bbox 353 715 506 764; x_wconf 88' lang='lat' dir='ltr'><strong>libens,</strong></span> <span class='ocrx_word' id='word_1_45' title='bbox 529 728 629 767; x_wconf 84' lang='lat' dir='ltr'><strong>quae</strong></span> <span class='ocrx_word' id='word_1_46' title='bbox 647 728 759 756; x_wconf 86' lang='lat' dir='ltr'><strong>voce</strong></span> <span class='ocrx_word' id='word_1_47' title='bbox 778 715 947 769; x_wconf 88' lang='lat' dir='ltr'><strong>placet,</strong></span> <span class='ocrx_word' id='word_1_48' title='bbox 969 727 1068 769; x_wconf 85' lang='lat' dir='ltr'><strong>quae</strong></span> <span class='ocrx_word' id='word_1_49' title='bbox 1091 715 1192 755; x_wconf 90' lang='lat' dir='ltr'><strong>dote</strong></span> <span class='ocrx_word' id='word_1_50' title='bbox 1213 713 1423 767; x_wconf 86' lang='lat' dir='ltr'><strong>superbit.</strong></span> 
     </span>
     <span class='ocr_line' id='line_1_9' title="bbox 198 779 1417 834; baseline 0.002 -14"><span class='ocrx_word' id='word_1_51' title='bbox 198 779 307 820; x_wconf 92' lang='lat' dir='ltr'><strong>Non</strong></span> <span class='ocrx_word' id='word_1_52' title='bbox 328 783 471 821; x_wconf 89' lang='lat' dir='ltr'><strong>tamen</strong></span> <span class='ocrx_word' id='word_1_53' title='bbox 491 781 713 834; x_wconf 86' lang='lat' dir='ltr'><strong>indulgent</strong></span> <span class='ocrx_word' id='word_1_54' title='bbox 733 782 891 823; x_wconf 89' lang='lat' dir='ltr'><strong>studiis</strong></span> <span class='ocrx_word' id='word_1_55' title='bbox 914 783 1218 823; x_wconf 90' lang='lat' dir='ltr'><strong>communibus</strong></span> <span class='ocrx_word' id='word_1_56' title='bbox 1239 794 1417 822; x_wconf 88' lang='lat' dir='ltr'><strong>omnes:</strong></span> 
     </span>
    </p>
   </div>
   <div class='ocr_carea' id='block_1_6' title="bbox 196 846 1235 900">
    <p class='ocr_par' dir='ltr' id='par_1_6' title="bbox 196 846 1235 900">
     <span class='ocr_line' id='line_1_10' title="bbox 196 846 1235 900; baseline 0.004 -14"><span class='ocrx_word' id='word_1_57' title='bbox 196 846 399 887; x_wconf 88' lang='lat' dir='ltr'><strong>AEtatum</strong></span> <span class='ocrx_word' id='word_1_58' title='bbox 422 848 592 900; x_wconf 87' lang='lat' dir='ltr'><strong>parium</strong></span> <span class='ocrx_word' id='word_1_59' title='bbox 612 849 769 889; x_wconf 86' lang='lat' dir='ltr'><strong>similis</strong></span> <span class='ocrx_word' id='word_1_60' title='bbox 791 849 1056 890; x_wconf 87' lang='lat' dir='ltr'><strong>concordia:</strong></span> <span class='ocrx_word' id='word_1_61' title='bbox 1086 853 1235 889; x_wconf 88' lang='lat' dir='ltr'><strong>narrat</strong></span> 
     </span>
    </p>
   </div>
   <div class='ocr_carea' id='block_1_7' title="bbox 1558 847 1645 887">
    <p class='ocr_par' dir='ltr' id='par_1_7' title="bbox 1558 847 1645 887">
     <span class='ocr_line' id='line_1_11' title="bbox 1558 847 1645 887; baseline -0.023 0"><span class='ocrx_word' id='word_1_62' title='bbox 1558 847 1645 887; x_wconf 42' lang='lat'><strong>‘100</strong></span> 
     </span>
    </p>
   </div>
   <div class='ocr_carea' id='block_1_8' title="bbox 194 911 1304 1101">
    <p class='ocr_par' dir='ltr' id='par_1_8' title="bbox 194 911 1304 1101">
     <span class='ocr_line' id='line_1_12' title="bbox 196 911 1304 968; baseline 0.002 -16"><span class='ocrx_word' id='word_1_63' title='bbox 196 911 308 953; x_wconf 87' lang='lat' dir='ltr'><strong>Cum</strong></span> <span class='ocrx_word' id='word_1_64' title='bbox 330 926 433 953; x_wconf 92' lang='lat' dir='ltr'><strong>sene</strong></span> <span class='ocrx_word' id='word_1_65' title='bbox 455 914 667 963; x_wconf 82' lang='lat' dir='ltr'><strong>canicies,</strong></span> <span class='ocrx_word' id='word_1_66' title='bbox 688 914 803 954; x_wconf 90' lang='lat' dir='ltr'><strong>ludit</strong></span> <span class='ocrx_word' id='word_1_67' title='bbox 822 928 920 955; x_wconf 89' lang='lat' dir='ltr'><strong>cum</strong></span> <span class='ocrx_word' id='word_1_68' title='bbox 942 915 1062 967; x_wconf 90' lang='lat' dir='ltr'><strong>pube</strong></span> <span class='ocrx_word' id='word_1_69' title='bbox 1077 914 1304 968; x_wconf 86' lang='lat' dir='ltr'><strong>juventus.</strong></span> 
     </span>
     <span class='ocr_line' id='line_1_13' title="bbox 194 978 1304 1033; baseline 0.003 -15"><span class='ocrx_word' id='word_1_70' title='bbox 194 979 259 1018; x_wconf 89' lang='lat' dir='ltr'><strong>At</strong></span> <span class='ocrx_word' id='word_1_71' title='bbox 278 978 443 1020; x_wconf 89' lang='lat' dir='ltr'><strong>moduli</strong></span> <span class='ocrx_word' id='word_1_72' title='bbox 465 980 650 1021; x_wconf 81' lang='lat' dir='ltr'><strong>alternat</strong></span> <span class='ocrx_word' id='word_1_73' title='bbox 669 981 877 1021; x_wconf 84' lang='lat' dir='ltr'><strong>libamina</strong></span> <span class='ocrx_word' id='word_1_74' title='bbox 898 981 1041 1033; x_wconf 86' lang='lat' dir='ltr'><strong>prima</strong></span> <span class='ocrx_word' id='word_1_75' title='bbox 1061 980 1304 1021; x_wconf 82' lang='lat' dir='ltr'><strong>Choraules</strong></span> 
     </span>
     <span class='ocr_line' id='line_1_14' title="bbox 194 1043 1302 1101; baseline 0.001 -16"><span class='ocrx_word' id='word_1_76' title='bbox 194 1043 413 1095; x_wconf 84' lang='lat' dir='ltr'><strong>Praevius,</strong></span> <span class='ocrx_word' id='word_1_77' title='bbox 433 1050 476 1088; x_wconf 89' lang='lat' dir='ltr'><strong>et</strong></span> <span class='ocrx_word' id='word_1_78' title='bbox 495 1046 652 1087; x_wconf 87' lang='lat' dir='ltr'><strong>docilis</strong></span> <span class='ocrx_word' id='word_1_79' title='bbox 672 1047 756 1088; x_wconf 91' lang='lat' dir='ltr'><strong>hoc</strong></span> <span class='ocrx_word' id='word_1_80' title='bbox 779 1048 979 1101; x_wconf 86' lang='lat' dir='ltr'><strong>explicat</strong></span> <span class='ocrx_word' id='word_1_81' title='bbox 999 1060 1072 1089; x_wconf 86' lang='lat' dir='ltr'><strong>ore</strong></span> <span class='ocrx_word' id='word_1_82' title='bbox 1093 1047 1276 1089; x_wconf 83' lang='lat' dir='ltr'><strong>choreas</strong></span> <span class='ocrx_word' id='word_1_83' title='bbox 1294 1060 1302 1085; x_wconf 93' lang='lat'>:</span> 
     </span>
    </p>
   </div>
   <div class='ocr_carea' id='block_1_9' title="bbox 853 1176 993 1209">
    <p class='ocr_par' dir='ltr' id='par_1_9' title="bbox 853 1176 993 1209">
     <span class='ocr_line' id='line_1_15' title="bbox 853 1176 993 1209; baseline 0 -1"><span class='ocrx_word' id='word_1_84' title='bbox 853 1176 993 1209; x_wconf 82' lang='lat' dir='ltr'>NOTAE</span> 
     </span>
    </p>
   </div>
   <div class='ocr_carea' id='block_1_10' title="bbox 186 1249 894 2839">
    <p class='ocr_par' dir='ltr' id='par_1_10' title="bbox 189 1249 894 2038">
     <span class='ocr_line' id='line_1_16' title="bbox 193 1249 892 1291; baseline 0.001 -10"><span class='ocrx_word' id='word_1_85' title='bbox 193 1250 458 1290; x_wconf 84' lang='lat' dir='ltr'><strong>Praepcdiuntur</strong></span> <span class='ocrx_word' id='word_1_86' title='bbox 474 1249 483 1267; x_wconf 90' lang='lat'>‘</span> <span class='ocrx_word' id='word_1_87' title='bbox 498 1250 606 1282; x_wconf 86' lang='lat' dir='ltr'><strong>Crura</strong></span> <span class='ocrx_word' id='word_1_88' title='bbox 622 1251 809 1291; x_wconf 80' lang='lat' dir='ltr'><strong>vacillanti,</strong></span> <span class='ocrx_word' id='word_1_89' title='bbox 824 1255 892 1283; x_wconf 85' lang='lat' dir='ltr'><strong>tar-</strong></span> 
     </span>
     <span class='ocr_line' id='line_1_17' title="bbox 193 1299 892 1339; baseline 0.001 -9"><span class='ocrx_word' id='word_1_90' title='bbox 193 1299 302 1331; x_wconf 82' lang='lat' dir='ltr'><strong>descit</strong></span> <span class='ocrx_word' id='word_1_91' title='bbox 315 1300 440 1339; x_wconf 85' lang='lat' dir='ltr'><strong>lingua,</strong></span> <span class='ocrx_word' id='word_1_92' title='bbox 451 1299 566 1331; x_wconf 87' lang='lat' dir='ltr'><strong>madet</strong></span> <span class='ocrx_word' id='word_1_93' title='bbox 581 1308 685 1336; x_wconf 88' lang='lat' dir='ltr'><strong>mens,</strong></span> <span class='ocrx_word' id='word_1_94' title='bbox 702 1301 798 1332; x_wconf 88' lang='lat' dir='ltr'><strong>Nant</strong></span> <span class='ocrx_word' id='word_1_95' title='bbox 813 1310 892 1332; x_wconf 89' lang='lat' dir='ltr'><strong>ocu-</strong></span> 
     </span>
     <span class='ocr_line' id='line_1_18' title="bbox 192 1347 891 1390; baseline 0.004 -12"><span class='ocrx_word' id='word_1_96' title='bbox 192 1347 240 1378; x_wconf 88' lang='lat' dir='ltr'><strong>li.’</strong></span> <span class='ocrx_word' id='word_1_97' title='bbox 293 1348 440 1380; x_wconf 88' lang='lat' dir='ltr'><strong>Gemina</strong></span> <span class='ocrx_word' id='word_1_98' title='bbox 465 1349 555 1388; x_wconf 87' lang='lat' dir='ltr'><strong>apud</strong></span> <span class='ocrx_word' id='word_1_99' title='bbox 583 1350 748 1381; x_wconf 84' lang='lat' dir='ltr'><strong>Senecam</strong></span> <span class='ocrx_word' id='word_1_100' title='bbox 779 1350 891 1390; x_wconf 81' lang='lat' dir='ltr'><strong>Epist.</strong></span> 
     </span>
     <span class='ocr_line' id='line_1_19' title="bbox 193 1397 894 1439; baseline 0.004 -12"><span class='ocrx_word' id='word_1_101' title='bbox 193 1399 247 1427; x_wconf 82' lang='lat'><strong>83.</strong></span> <span class='ocrx_word' id='word_1_102' title='bbox 291 1397 337 1428; x_wconf 88' lang='lat' dir='ltr'><strong>Et</strong></span> <span class='ocrx_word' id='word_1_103' title='bbox 356 1397 581 1438; x_wconf 85' lang='lat' dir='ltr'><strong>Bacchylides</strong></span> <span class='ocrx_word' id='word_1_104' title='bbox 602 1408 645 1430; x_wconf 93' lang='lat'><strong>11.</strong></span> <span class='ocrx_word' id='word_1_105' title='bbox 671 1398 762 1439; x_wconf 85' lang='lat' dir='ltr'><strong>apud</strong></span> <span class='ocrx_word' id='word_1_106' title='bbox 786 1399 894 1431; x_wconf 83' lang='lat' dir='ltr'><strong>Athe-</strong></span> 
     </span>
     <span class='ocr_line' id='line_1_20' title="bbox 192 1448 891 1487; baseline 0.007 -12"><span class='ocrx_word' id='word_1_107' title='bbox 192 1454 303 1476; x_wconf 84' lang='lat' dir='ltr'><strong>naeum</strong></span> <span class='ocrx_word' id='word_1_108' title='bbox 326 1448 497 1487; x_wconf 73' lang='grc' dir='ltr'><strong><em>γραφικῶς.</em></strong></span> <span class='ocrx_word' id='word_1_109' title='bbox 542 1448 594 1479; x_wconf 87' lang='lat' dir='ltr'><strong>De</strong></span> <span class='ocrx_word' id='word_1_110' title='bbox 613 1448 793 1480; x_wconf 87' lang='lat' dir='ltr'><strong>Ebrietate</strong></span> <span class='ocrx_word' id='word_1_111' title='bbox 810 1459 891 1481; x_wconf 90' lang='lat' dir='ltr'><strong>vero</strong></span> 
     </span>
     <span class='ocr_line' id='line_1_21' title="bbox 191 1495 890 1537; baseline 0.006 -11"><span class='ocrx_word' id='word_1_112' title='bbox 191 1495 270 1526; x_wconf 88' lang='lat' dir='ltr'><strong>vide</strong></span> <span class='ocrx_word' id='word_1_113' title='bbox 306 1496 425 1527; x_wconf 81' lang='lat' dir='ltr'><strong>Basilii</strong></span> <span class='ocrx_word' id='word_1_114' title='bbox 466 1496 679 1537; x_wconf 83' lang='lat' dir='ltr'><strong>Orationem,</strong></span> <span class='ocrx_word' id='word_1_115' title='bbox 715 1498 890 1530; x_wconf 84' lang='lat' dir='ltr'><strong>Philonem</strong></span> 
     </span>
     <span class='ocr_line' id='line_1_22' title="bbox 190 1544 890 1588; baseline 0.007 -13"><span class='ocrx_word' id='word_1_116' title='bbox 190 1544 259 1586; x_wconf 76' lang='grc' dir='ltr'>περὶ</span> <span class='ocrx_word' id='word_1_117' title='bbox 281 1545 480 1586; x_wconf 72' lang='grc' dir='ltr'><strong><em>φυτουργίας,</em></strong></span> <span class='ocrx_word' id='word_1_118' title='bbox 510 1552 546 1577; x_wconf 92' lang='lat' dir='ltr'><strong>et</strong></span> <span class='ocrx_word' id='word_1_119' title='bbox 567 1547 624 1579; x_wconf 88' lang='lat' dir='ltr'><strong>lib.</strong></span> <span class='ocrx_word' id='word_1_120' title='bbox 649 1549 810 1588; x_wconf 81' lang='lat' dir='ltr'><strong>singulari</strong></span> <span class='ocrx_word' id='word_1_121' title='bbox 835 1561 890 1580; x_wconf 81' lang='grc' dir='ltr'><strong>πε·</strong></span> 
     </span>
     <span class='ocr_line' id='line_1_23' title="bbox 190 1595 890 1636; baseline 0.009 -10"><span class='ocrx_word' id='word_1_122' title='bbox 190 1595 219 1636; x_wconf 79' lang='grc' dir='ltr'><strong>ρὶ</strong></span> <span class='ocrx_word' id='word_1_123' title='bbox 245 1595 352 1636; x_wconf 85' lang='grc' dir='ltr'><strong><em>μέθης,</em></strong></span> <span class='ocrx_word' id='word_1_124' title='bbox 386 1596 493 1627; x_wconf 78' lang='lat' dir='ltr'><strong>clem.</strong></span> <span class='ocrx_word' id='word_1_125' title='bbox 531 1596 631 1628; x_wconf 84' lang='lat' dir='ltr'><strong>Alex.</strong></span> <span class='ocrx_word' id='word_1_126' title='bbox 665 1607 706 1629; x_wconf 85' lang='lat'><strong>11.</strong></span> <span class='ocrx_word' id='word_1_127' title='bbox 737 1602 769 1630; x_wconf 98' lang='grc'><strong>2.</strong></span> <span class='ocrx_word' id='word_1_128' title='bbox 800 1599 890 1632; x_wconf 85' lang='lat' dir='ltr'><strong>Plin.</strong></span> 
     </span>
     <span class='ocr_line' id='line_1_24' title="bbox 190 1646 888 1690; baseline 0.003 -13"><span class='ocrx_word' id='word_1_129' title='bbox 190 1654 271 1677; x_wconf 78' lang='lat' dir='ltr'><strong>xlv.</strong></span> <span class='ocrx_word' id='word_1_130' title='bbox 286 1649 340 1677; x_wconf 83' lang='lat'><strong>22.</strong></span> <span class='ocrx_word' id='word_1_131' title='bbox 363 1646 537 1677; x_wconf 86' lang='lat' dir='ltr'><strong>Stobaeum</strong></span> <span class='ocrx_word' id='word_1_132' title='bbox 553 1646 597 1677; x_wconf 91' lang='lat' dir='ltr'><strong>de</strong></span> <span class='ocrx_word' id='word_1_133' title='bbox 621 1647 753 1680; x_wconf 89' lang='lat' dir='ltr'><strong>Ebriet.</strong></span> <span class='ocrx_word' id='word_1_134' title='bbox 781 1649 888 1690; x_wconf 87' lang='lat' dir='ltr'><strong>Chry-</strong></span> 
     </span>
     <span class='ocr_line' id='line_1_25' title="bbox 189 1695 886 1736; baseline 0.003 -8"><span class='ocrx_word' id='word_1_135' title='bbox 189 1700 272 1728; x_wconf 80' lang='lat' dir='ltr'><strong>sost.</strong></span> <span class='ocrx_word' id='word_1_136' title='bbox 290 1697 331 1727; x_wconf 89' lang='lat' dir='ltr'><strong>ad</strong></span> <span class='ocrx_word' id='word_1_137' title='bbox 351 1696 513 1736; x_wconf 91' lang='lat' dir='ltr'><strong>populum</strong></span> <span class='ocrx_word' id='word_1_138' title='bbox 532 1695 737 1728; x_wconf 86' lang='lat' dir='ltr'><strong>Antiochen.</strong></span> <span class='ocrx_word' id='word_1_139' title='bbox 756 1697 886 1730; x_wconf 87' lang='lat' dir='ltr'><strong>Homil.</strong></span> 
     </span>
     <span class='ocr_line' id='line_1_26' title="bbox 190 1745 892 1788; baseline 0.006 -12"><span class='ocrx_word' id='word_1_140' title='bbox 190 1754 217 1777; x_wconf 70' lang='grc' dir='ltr'><strong>ι.</strong></span> <span class='ocrx_word' id='word_1_141' title='bbox 234 1746 318 1777; x_wconf 87' lang='lat' dir='ltr'><strong>etin</strong></span> <span class='ocrx_word' id='word_1_142' title='bbox 333 1745 445 1786; x_wconf 87' lang='lat' dir='ltr'><strong>Epist.</strong></span> <span class='ocrx_word' id='word_1_143' title='bbox 462 1745 504 1776; x_wconf 89' lang='lat' dir='ltr'><strong>ad</strong></span> <span class='ocrx_word' id='word_1_144' title='bbox 522 1746 620 1777; x_wconf 89' lang='lat' dir='ltr'><strong>Rom.</strong></span> <span class='ocrx_word' id='word_1_145' title='bbox 637 1746 696 1787; x_wconf 85' lang='lat' dir='ltr'><strong>qui</strong></span> <span class='ocrx_word' id='word_1_146' title='bbox 712 1747 806 1788; x_wconf 79' lang='grc' dir='ltr'>ὑγρὸν</span> <span class='ocrx_word' id='word_1_147' title='bbox 820 1747 892 1784; x_wconf 85' lang='grc' dir='ltr'>βίον</span> 
     </span>
     <span class='ocr_line' id='line_1_27' title="bbox 191 1796 891 1838; baseline 0.006 -11"><span class='ocrx_word' id='word_1_148' title='bbox 191 1800 228 1828; x_wconf 84' lang='lat' dir='ltr'><strong>et</strong></span> <span class='ocrx_word' id='word_1_149' title='bbox 242 1796 463 1836; x_wconf 84' lang='grc' dir='ltr'>διακεχυμένον</span> <span class='ocrx_word' id='word_1_150' title='bbox 478 1797 581 1829; x_wconf 86' lang='lat' dir='ltr'><strong>toties</strong></span> <span class='ocrx_word' id='word_1_151' title='bbox 608 1803 644 1829; x_wconf 90' lang='lat' dir='ltr'><strong>et</strong></span> <span class='ocrx_word' id='word_1_152' title='bbox 665 1798 746 1838; x_wconf 85' lang='lat' dir='ltr'><strong>jure</strong></span> <span class='ocrx_word' id='word_1_153' title='bbox 770 1800 891 1831; x_wconf 88' lang='lat' dir='ltr'><strong>merito</strong></span> 
     </span>
     <span class='ocr_line' id='line_1_28' title="bbox 189 1847 892 1882; baseline 0.006 -4"><span class='ocrx_word' id='word_1_154' title='bbox 189 1847 348 1879; x_wconf 88' lang='lat' dir='ltr'><strong>Homiliis</strong></span> <span class='ocrx_word' id='word_1_155' title='bbox 359 1848 426 1879; x_wconf 81' lang='lat' dir='ltr'><strong>suis</strong></span> <span class='ocrx_word' id='word_1_156' title='bbox 437 1858 519 1880; x_wconf 90' lang='lat' dir='ltr'><strong>auro</strong></span> <span class='ocrx_word' id='word_1_157' title='bbox 529 1853 652 1880; x_wconf 82' lang='lat' dir='ltr'><strong>contra</strong></span> <span class='ocrx_word' id='word_1_158' title='bbox 662 1848 789 1881; x_wconf 82' lang='lat' dir='ltr'><strong>differt.</strong></span> <span class='ocrx_word' id='word_1_159' title='bbox 817 1850 892 1882; x_wconf 80' lang='lat' dir='ltr'><strong>Ves-</strong></span> 
     </span>
     <span class='ocr_line' id='line_1_29' title="bbox 189 1898 890 1939; baseline 0.004 -11"><span class='ocrx_word' id='word_1_160' title='bbox 189 1898 272 1937; x_wconf 80' lang='lat' dir='ltr'><strong>tigia</strong></span> <span class='ocrx_word' id='word_1_161' title='bbox 297 1899 425 1939; x_wconf 83' lang='lat' dir='ltr'><strong>nutent]</strong></span> <span class='ocrx_word' id='word_1_162' title='bbox 451 1898 576 1939; x_wconf 88' lang='lat' dir='ltr'><strong>Papin.</strong></span> <span class='ocrx_word' id='word_1_163' title='bbox 589 1899 698 1932; x_wconf 86' lang='lat' dir='ltr'><strong>Theb.</strong></span> <span class='ocrx_word' id='word_1_164' title='bbox 712 1908 763 1931; x_wconf 83' lang='lat' dir='ltr'><strong>lv.</strong></span> <span class='ocrx_word' id='word_1_165' title='bbox 775 1901 818 1931; x_wconf 88' lang='lat' dir='ltr'><strong>de</strong></span> <span class='ocrx_word' id='word_1_166' title='bbox 835 1910 890 1931; x_wconf 88' lang='lat' dir='ltr'><strong>ea-</strong></span> 
     </span>
     <span class='ocr_line' id='line_1_30' title="bbox 189 1947 890 1990; baseline 0.004 -11"><span class='ocrx_word' id='word_1_167' title='bbox 189 1947 268 1979; x_wconf 87' lang='lat' dir='ltr'><strong>dem</strong></span> <span class='ocrx_word' id='word_1_168' title='bbox 282 1957 333 1988; x_wconf 90' lang='lat' dir='ltr'><strong>re,</strong></span> <span class='ocrx_word' id='word_1_169' title='bbox 354 1949 364 1965; x_wconf 92' lang='lat'>‘</span> <span class='ocrx_word' id='word_1_170' title='bbox 379 1948 601 1990; x_wconf 86' lang='lat' dir='ltr'><strong>succiduique</strong></span> <span class='ocrx_word' id='word_1_171' title='bbox 617 1949 767 1989; x_wconf 67' lang='lat' dir='ltr'><strong>gradus?</strong></span> <span class='ocrx_word' id='word_1_172' title='bbox 823 1950 890 1982; x_wconf 88' lang='lat' dir='ltr'><strong>An-</strong></span> 
     </span>
     <span class='ocr_line' id='line_1_31' title="bbox 189 1997 807 2038; baseline 0.002 -9"><span class='ocrx_word' id='word_1_173' title='bbox 189 1997 273 2029; x_wconf 83' lang='lat' dir='ltr'><strong>thol.</strong></span> <span class='ocrx_word' id='word_1_174' title='bbox 291 2006 341 2029; x_wconf 81' lang='grc' dir='ltr'><strong>ιν.</strong></span> <span class='ocrx_word' id='word_1_175' title='bbox 357 1997 554 2038; x_wconf 84' lang='grc' dir='ltr'>μεθυσφαλὲς</span> <span class='ocrx_word' id='word_1_176' title='bbox 567 1998 657 2038; x_wconf 70' lang='grc' dir='ltr'>ἴχνος</span> <span class='ocrx_word' id='word_1_177' title='bbox 674 1999 807 2031; x_wconf 83' lang='grc' dir='ltr'>ἑλίσσει.</span> 
     </span>
    </p>

    <p class='ocr_par' dir='ltr' id='par_1_11' title="bbox 188 2047 890 2287">
     <span class='ocr_line' id='line_1_32' title="bbox 232 2047 889 2090; baseline 0.003 -13"><span class='ocrx_word' id='word_1_178' title='bbox 232 2049 274 2078; x_wconf 82' lang='grc'><strong>94</strong></span> <span class='ocrx_word' id='word_1_179' title='bbox 291 2047 374 2078; x_wconf 78' lang='lat' dir='ltr'><strong>Pars</strong></span> <span class='ocrx_word' id='word_1_180' title='bbox 384 2048 494 2088; x_wconf 71' lang='lat' dir='ltr'><strong>syrtis,</strong></span> <span class='ocrx_word' id='word_1_181' title='bbox 507 2058 582 2088; x_wconf 81' lang='lat' dir='ltr'><strong>pars</strong></span> <span class='ocrx_word' id='word_1_182' title='bbox 595 2052 690 2087; x_wconf 81' lang='lat' dir='ltr'><strong>grata</strong></span> <span class='ocrx_word' id='word_1_183' title='bbox 705 2049 798 2090; x_wconf 82' lang='lat' dir='ltr'><strong>lyris]</strong></span> <span class='ocrx_word' id='word_1_184' title='bbox 814 2051 889 2089; x_wconf 82' lang='grc' dir='ltr'>Συρ-</span> 
     </span>
     <span class='ocr_line' id='line_1_33' title="bbox 188 2093 890 2138; baseline 0.006 -13"><span class='ocrx_word' id='word_1_185' title='bbox 188 2093 229 2126; x_wconf 77' lang='grc' dir='ltr'><strong>τὰ</strong></span> <span class='ocrx_word' id='word_1_186' title='bbox 255 2095 363 2126; x_wconf 86' lang='lat' dir='ltr'><strong>refero</strong></span> <span class='ocrx_word' id='word_1_187' title='bbox 380 2096 424 2126; x_wconf 89' lang='lat' dir='ltr'><strong>ad</strong></span> <span class='ocrx_word' id='word_1_188' title='bbox 447 2096 547 2127; x_wconf 77' lang='lat' dir='ltr'><strong>tubas</strong></span> <span class='ocrx_word' id='word_1_189' title='bbox 571 2096 739 2128; x_wconf 83' lang='lat' dir='ltr'><strong>ductiles:</strong></span> <span class='ocrx_word' id='word_1_190' title='bbox 773 2098 890 2138; x_wconf 80' lang='grc' dir='ltr'>ὄργανα</span> 
     </span>
     <span class='ocr_line' id='line_1_34' title="bbox 191 2144 890 2179; baseline 0.006 -4"><span class='ocrx_word' id='word_1_191' title='bbox 191 2144 308 2176; x_wconf 79' lang='grc' dir='ltr'>ἐντατὰ</span> <span class='ocrx_word' id='word_1_192' title='bbox 323 2145 477 2177; x_wconf 91' lang='lat' dir='ltr'><strong>nominat</strong></span> <span class='ocrx_word' id='word_1_193' title='bbox 496 2146 725 2178; x_wconf 89' lang='lat' dir='ltr'><strong>Nicomachus</strong></span> <span class='ocrx_word' id='word_1_194' title='bbox 743 2147 890 2179; x_wconf 85' lang='lat' dir='ltr'><strong>Gerase-</strong></span> 
     </span>
     <span class='ocr_line' id='line_1_35' title="bbox 190 2196 889 2229; baseline 0.004 -3"><span class='ocrx_word' id='word_1_195' title='bbox 190 2205 254 2226; x_wconf 82' lang='lat' dir='ltr'><strong>nus</strong></span> <span class='ocrx_word' id='word_1_196' title='bbox 268 2196 420 2227; x_wconf 85' lang='lat' dir='ltr'><strong>Musices</strong></span> <span class='ocrx_word' id='word_1_197' title='bbox 442 2203 468 2226; x_wconf 82' lang='grc' dir='ltr'><strong>ῐ.</strong></span> <span class='ocrx_word' id='word_1_198' title='bbox 484 2198 538 2226; x_wconf 87' lang='grc'><strong>65.</strong></span> <span class='ocrx_word' id='word_1_199' title='bbox 562 2196 677 2227; x_wconf 85' lang='lat' dir='ltr'><strong>Sacrae</strong></span> <span class='ocrx_word' id='word_1_200' title='bbox 699 2197 807 2229; x_wconf 85' lang='lat' dir='ltr'><strong>literae</strong></span> <span class='ocrx_word' id='word_1_201' title='bbox 823 2197 889 2229; x_wconf 86' lang='lat' dir='ltr'><strong>fre-</strong></span> 
     </span>
     <span class='ocr_line' id='line_1_36' title="bbox 198 2243 771 2287; baseline 0.002 -11"><span class='ocrx_word' id='word_1_202' title='bbox 198 2249 357 2287; x_wconf 84' lang='lat' dir='ltr'><strong>quenter,</strong></span> <span class='ocrx_word' id='word_1_203' title='bbox 375 2245 408 2276; x_wconf 84' lang='grc' dir='ltr'><strong>ἐν</strong></span> <span class='ocrx_word' id='word_1_204' title='bbox 422 2243 576 2285; x_wconf 72' lang='grc' dir='ltr'>ὀργάνοις,</span> <span class='ocrx_word' id='word_1_205' title='bbox 591 2244 771 2286; x_wconf 82' lang='grc' dir='ltr'>κερατίναις.</span> 
     </span>
    </p>

    <p class='ocr_par' dir='ltr' id='par_1_12' title="bbox 186 2297 892 2784">
     <span class='ocr_line' id='line_1_37' title="bbox 233 2297 892 2338; baseline 0.002 -10"><span class='ocrx_word' id='word_1_206' title='bbox 233 2297 316 2328; x_wconf 82' lang='lat' dir='ltr'><strong>Pars</strong></span> <span class='ocrx_word' id='word_1_207' title='bbox 326 2306 378 2328; x_wconf 84' lang='lat' dir='ltr'><strong>ore</strong></span> <span class='ocrx_word' id='word_1_208' title='bbox 389 2305 500 2327; x_wconf 84' lang='lat' dir='ltr'><strong>canoro</strong></span> <span class='ocrx_word' id='word_1_209' title='bbox 512 2297 546 2326; x_wconf 94' lang='grc' dir='ltr'><em>Ν</em></span> <span class='ocrx_word' id='word_1_210' title='bbox 547 2297 649 2327; x_wconf 80' lang='lat' dir='ltr'><strong>ativas</strong></span> <span class='ocrx_word' id='word_1_211' title='bbox 663 2300 795 2329; x_wconf 79' lang='lat' dir='ltr'><strong>ostentat</strong></span> <span class='ocrx_word' id='word_1_212' title='bbox 805 2297 892 2338; x_wconf 82' lang='lat' dir='ltr'><strong>opes]</strong></span> 
     </span>
     <span class='ocr_line' id='line_1_38' title="bbox 190 2348 890 2388; baseline 0 -8"><span class='ocrx_word' id='word_1_213' title='bbox 190 2348 312 2380; x_wconf 83' lang='lat' dir='ltr'><strong>Assam</strong></span> <span class='ocrx_word' id='word_1_214' title='bbox 341 2348 474 2379; x_wconf 84' lang='lat' dir='ltr'><strong>scilicet</strong></span> <span class='ocrx_word' id='word_1_215' title='bbox 501 2357 633 2386; x_wconf 87' lang='lat' dir='ltr'><strong>vocem,</strong></span> <span class='ocrx_word' id='word_1_216' title='bbox 656 2358 756 2388; x_wconf 89' lang='lat' dir='ltr'><strong>quam</strong></span> <span class='ocrx_word' id='word_1_217' title='bbox 783 2348 890 2381; x_wconf 84' lang='lat' dir='ltr'><strong>Arist.</strong></span> 
     </span>
     <span class='ocr_line' id='line_1_39' title="bbox 190 2395 888 2437; baseline 0 -8"><span class='ocrx_word' id='word_1_218' title='bbox 190 2406 276 2430; x_wconf 81' lang='lat' dir='ltr'><strong>vm.</strong></span> <span class='ocrx_word' id='word_1_219' title='bbox 290 2397 398 2429; x_wconf 89' lang='lat' dir='ltr'><strong>Polit.</strong></span> <span class='ocrx_word' id='word_1_220' title='bbox 412 2401 444 2428; x_wconf 88' lang='grc'><strong>5.</strong></span> <span class='ocrx_word' id='word_1_221' title='bbox 468 2395 583 2437; x_wconf 79' lang='grc' dir='ltr'><strong>ψιλήν;</strong></span> <span class='ocrx_word' id='word_1_222' title='bbox 609 2396 788 2436; x_wconf 85' lang='lat' dir='ltr'><strong>distinguit</strong></span> <span class='ocrx_word' id='word_1_223' title='bbox 799 2398 888 2429; x_wconf 90' lang='lat' dir='ltr'><strong>enim</strong></span> 
     </span>
     <span class='ocr_line' id='line_1_40' title="bbox 188 2446 890 2488; baseline 0 -9"><span class='ocrx_word' id='word_1_224' title='bbox 188 2448 342 2488; x_wconf 85' lang='lat' dir='ltr'><strong>pluribus</strong></span> <span class='ocrx_word' id='word_1_225' title='bbox 364 2448 456 2479; x_wconf 88' lang='lat' dir='ltr'><strong>inter</strong></span> <span class='ocrx_word' id='word_1_226' title='bbox 479 2446 560 2487; x_wconf 74' lang='grc' dir='ltr'>ᾠδὴν</span> <span class='ocrx_word' id='word_1_227' title='bbox 582 2451 617 2478; x_wconf 88' lang='lat' dir='ltr'><strong>et</strong></span> <span class='ocrx_word' id='word_1_228' title='bbox 641 2446 782 2484; x_wconf 78' lang='grc' dir='ltr'><strong>αὔλησιν,</strong></span> <span class='ocrx_word' id='word_1_229' title='bbox 799 2452 838 2479; x_wconf 92' lang='lat' dir='ltr'><strong>ut</strong></span> <span class='ocrx_word' id='word_1_230' title='bbox 854 2453 890 2479; x_wconf 90' lang='lat' dir='ltr'><strong>et</strong></span> 
     </span>
     <span class='ocr_line' id='line_1_41' title="bbox 190 2495 889 2538; baseline -0.003 -9"><span class='ocrx_word' id='word_1_231' title='bbox 190 2498 351 2538; x_wconf 83' lang='lat' dir='ltr'><strong>Fulgent.</strong></span> <span class='ocrx_word' id='word_1_232' title='bbox 371 2506 429 2529; x_wconf 80' lang='grc' dir='ltr'><strong>ιιι.</strong></span> <span class='ocrx_word' id='word_1_233' title='bbox 446 2496 595 2537; x_wconf 90' lang='lat' dir='ltr'><strong>Mythol.</strong></span> <span class='ocrx_word' id='word_1_234' title='bbox 610 2495 653 2527; x_wconf 90' lang='lat' dir='ltr'><strong>de</strong></span> <span class='ocrx_word' id='word_1_235' title='bbox 676 2496 837 2536; x_wconf 85' lang='lat' dir='ltr'><strong>Apolline</strong></span> <span class='ocrx_word' id='word_1_236' title='bbox 853 2501 889 2528; x_wconf 88' lang='lat' dir='ltr'><strong>et</strong></span> 
     </span>
     <span class='ocr_line' id='line_1_42' title="bbox 187 2545 889 2587; baseline -0.003 -8"><span class='ocrx_word' id='word_1_237' title='bbox 187 2548 340 2587; x_wconf 80' lang='lat' dir='ltr'><strong>Marsya.</strong></span> <span class='ocrx_word' id='word_1_238' title='bbox 363 2547 498 2587; x_wconf 88' lang='lat' dir='ltr'><strong>Longus</strong></span> <span class='ocrx_word' id='word_1_239' title='bbox 522 2555 563 2578; x_wconf 83' lang='lat' dir='ltr'><strong>n.</strong></span> <span class='ocrx_word' id='word_1_240' title='bbox 598 2546 841 2586; x_wconf 86' lang='lat' dir='ltr'><strong>Pastoralium,</strong></span> <span class='ocrx_word' id='word_1_241' title='bbox 868 2545 889 2583; x_wconf 80' lang='grc' dir='ltr'>ἦ</span> 
     </span>
     <span class='ocr_line' id='line_1_43' title="bbox 186 2595 890 2639; baseline -0.004 -10"><span class='ocrx_word' id='word_1_242' title='bbox 186 2596 245 2637; x_wconf 81' lang='grc' dir='ltr'><strong>μὲν</strong></span> <span class='ocrx_word' id='word_1_243' title='bbox 264 2596 359 2639; x_wconf 68' lang='grc' dir='ltr'>ᾖσεν,</span> <span class='ocrx_word' id='word_1_244' title='bbox 393 2596 437 2628; x_wconf 78' lang='grc' dir='ltr'><strong>ὅδ’</strong></span> <span class='ocrx_word' id='word_1_245' title='bbox 474 2595 626 2638; x_wconf 81' lang='grc' dir='ltr'>ἐσύρισεν.</span> <span class='ocrx_word' id='word_1_246' title='bbox 685 2595 890 2636; x_wconf 88' lang='lat' dir='ltr'><strong>Phrynicus,</strong></span> 
     </span>
     <span class='ocr_line' id='line_1_44' title="bbox 187 2645 888 2688; baseline -0.003 -10"><span class='ocrx_word' id='word_1_247' title='bbox 187 2646 280 2688; x_wconf 77' lang='grc' dir='ltr'>ψιλὸς</span> <span class='ocrx_word' id='word_1_248' title='bbox 301 2646 452 2687; x_wconf 78' lang='grc' dir='ltr'><strong>αὐλητὴς,</strong></span> <span class='ocrx_word' id='word_1_249' title='bbox 474 2656 567 2678; x_wconf 86' lang='lat' dir='ltr'><strong>assus</strong></span> <span class='ocrx_word' id='word_1_250' title='bbox 597 2645 739 2685; x_wconf 89' lang='lat' dir='ltr'><strong>tibicen,</strong></span> <span class='ocrx_word' id='word_1_251' title='bbox 771 2655 804 2686; x_wconf 91' lang='lat' dir='ltr'><strong>p.</strong></span> <span class='ocrx_word' id='word_1_252' title='bbox 833 2647 888 2677; x_wconf 88' lang='grc'><strong>29.</strong></span> 
     </span>
     <span class='ocr_line' id='line_1_45' title="bbox 187 2695 888 2735; baseline -0.001 -7"><span class='ocrx_word' id='word_1_253' title='bbox 187 2698 246 2729; x_wconf 90' lang='lat' dir='ltr'><strong>De</strong></span> <span class='ocrx_word' id='word_1_254' title='bbox 273 2707 348 2728; x_wconf 86' lang='lat' dir='ltr'><strong>assa</strong></span> <span class='ocrx_word' id='word_1_255' title='bbox 368 2706 452 2728; x_wconf 87' lang='lat' dir='ltr'><strong>voce</strong></span> <span class='ocrx_word' id='word_1_256' title='bbox 478 2696 556 2727; x_wconf 82' lang='lat' dir='ltr'><strong>vide</strong></span> <span class='ocrx_word' id='word_1_257' title='bbox 582 2695 738 2735; x_wconf 88' lang='lat' dir='ltr'><strong>Conject.</strong></span> <span class='ocrx_word' id='word_1_258' title='bbox 765 2695 888 2735; x_wconf 82' lang='lat' dir='ltr'><strong>Scalig.</strong></span> 
     </span>
     <span class='ocr_line' id='line_1_46' title="bbox 190 2744 853 2784; baseline -0.003 -6"><span class='ocrx_word' id='word_1_259' title='bbox 190 2749 264 2779; x_wconf 83' lang='lat'><strong>121.</strong></span> <span class='ocrx_word' id='word_1_260' title='bbox 281 2747 472 2777; x_wconf 85' lang='lat' dir='ltr'><strong>Varronem</strong></span> <span class='ocrx_word' id='word_1_261' title='bbox 488 2745 523 2776; x_wconf 89' lang='lat' dir='ltr'><strong>in</strong></span> <span class='ocrx_word' id='word_1_262' title='bbox 541 2744 763 2784; x_wconf 77' lang='lat' dir='ltr'><strong>Logistorico,</strong></span> <span class='ocrx_word' id='word_1_263' title='bbox 778 2746 853 2776; x_wconf 87' lang='grc'><strong>291.</strong></span> 
     </span>
    </p>

    <p class='ocr_par' dir='ltr' id='par_1_13' title="bbox 232 2796 889 2839">
     <span class='ocr_line' id='line_1_47' title="bbox 232 2796 889 2839; baseline -0.005 -9"><span class='ocrx_word' id='word_1_264' title='bbox 232 2801 276 2830; x_wconf 84' lang='grc'><strong>96</strong></span> <span class='ocrx_word' id='word_1_265' title='bbox 300 2799 515 2839; x_wconf 80' lang='lat' dir='ltr'><strong>Contentaque</strong></span> <span class='ocrx_word' id='word_1_266' title='bbox 527 2797 631 2829; x_wconf 77' lang='lat' dir='ltr'><strong>nervis</strong></span> <span class='ocrx_word' id='word_1_267' title='bbox 643 2796 798 2837; x_wconf 81' lang='lat' dir='ltr'><strong>Arteriae]</strong></span> <span class='ocrx_word' id='word_1_268' title='bbox 820 2797 889 2837; x_wconf 85' lang='grc' dir='ltr'><strong>Ἀρ-</strong></span> 
     </span>
    </p>
   </div>
   <div class='ocr_carea' id='block_1_11' title="bbox 942 1250 1647 2834">
    <p class='ocr_par' dir='ltr' id='par_1_14' title="bbox 946 1250 1645 1531">
     <span class='ocr_line' id='line_1_48' title="bbox 947 1250 1645 1294; baseline 0.003 -12"><span class='ocrx_word' id='word_1_269' title='bbox 947 1251 1046 1292; x_wconf 74' lang='grc' dir='ltr'><strong>τηρία.</strong></span> <span class='ocrx_word' id='word_1_270' title='bbox 1091 1252 1217 1292; x_wconf 87' lang='lat' dir='ltr'><strong>Itaque</strong></span> <span class='ocrx_word' id='word_1_271' title='bbox 1244 1261 1307 1292; x_wconf 87' lang='lat' dir='ltr'><strong>per</strong></span> <span class='ocrx_word' id='word_1_272' title='bbox 1322 1250 1485 1282; x_wconf 84' lang='grc' dir='ltr'>συνέπειαν</span> <span class='ocrx_word' id='word_1_273' title='bbox 1499 1252 1645 1294; x_wconf 87' lang='lat' dir='ltr'><strong>trisylla-</strong></span> 
     </span>
     <span class='ocr_line' id='line_1_49' title="bbox 947 1300 1645 1341; baseline 0.003 -10"><span class='ocrx_word' id='word_1_274' title='bbox 947 1301 1027 1332; x_wconf 90' lang='lat' dir='ltr'><strong>bum</strong></span> <span class='ocrx_word' id='word_1_275' title='bbox 1038 1302 1104 1332; x_wconf 89' lang='lat' dir='ltr'><strong>erit</strong></span> <span class='ocrx_word' id='word_1_276' title='bbox 1118 1311 1127 1340; x_wconf 89' lang='lat'>;</span> <span class='ocrx_word' id='word_1_277' title='bbox 1145 1306 1181 1331; x_wconf 88' lang='lat' dir='ltr'><strong>ut</strong></span> <span class='ocrx_word' id='word_1_278' title='bbox 1193 1300 1314 1333; x_wconf 88' lang='lat' dir='ltr'><strong>Horat.</strong></span> <span class='ocrx_word' id='word_1_279' title='bbox 1326 1303 1335 1319; x_wconf 93' lang='lat'>‘</span> <span class='ocrx_word' id='word_1_280' title='bbox 1347 1301 1517 1341; x_wconf 85' lang='lat' dir='ltr'><strong>luscinia,&#39;</strong></span> <span class='ocrx_word' id='word_1_281' title='bbox 1527 1306 1563 1333; x_wconf 87' lang='lat' dir='ltr'><strong>et</strong></span> <span class='ocrx_word' id='word_1_282' title='bbox 1573 1303 1645 1333; x_wconf 89' lang='lat' dir='ltr'><strong>vin-</strong></span> 
     </span>
     <span class='ocr_line' id='line_1_50' title="bbox 947 1350 1644 1391; baseline 0.003 -10"><span class='ocrx_word' id='word_1_283' title='bbox 947 1350 1124 1382; x_wconf 85' lang='lat' dir='ltr'><strong>demiator.</strong></span> <span class='ocrx_word' id='word_1_284' title='bbox 1158 1350 1214 1381; x_wconf 90' lang='lat' dir='ltr'><strong>Ita</strong></span> <span class='ocrx_word' id='word_1_285' title='bbox 1230 1351 1261 1380; x_wconf 88' lang='lat' dir='ltr'><strong>in</strong></span> <span class='ocrx_word' id='word_1_286' title='bbox 1279 1351 1386 1381; x_wconf 83' lang='lat' dir='ltr'><strong>veteri</strong></span> <span class='ocrx_word' id='word_1_287' title='bbox 1401 1350 1644 1391; x_wconf 83' lang='lat' dir='ltr'><strong>epigrammate</strong></span> 
     </span>
     <span class='ocr_line' id='line_1_51' title="bbox 946 1400 1644 1441; baseline 0 -10"><span class='ocrx_word' id='word_1_288' title='bbox 946 1400 1038 1441; x_wconf 87' lang='lat' dir='ltr'><strong>apud</strong></span> <span class='ocrx_word' id='word_1_289' title='bbox 1068 1400 1216 1431; x_wconf 86' lang='lat' dir='ltr'><strong>Plinium</strong></span> <span class='ocrx_word' id='word_1_290' title='bbox 1246 1408 1366 1432; x_wconf 83' lang='lat' dir='ltr'><strong>xxxv.</strong></span> <span class='ocrx_word' id='word_1_291' title='bbox 1395 1402 1447 1430; x_wconf 90' lang='grc'><strong>10.</strong></span> <span class='ocrx_word' id='word_1_292' title='bbox 1480 1400 1489 1417; x_wconf 89' lang='lat'><em>‘</em></span> <span class='ocrx_word' id='word_1_293' title='bbox 1504 1400 1644 1432; x_wconf 82' lang='lat' dir='ltr'><strong>Marcus</strong></span> 
     </span>
     <span class='ocr_line' id='line_1_52' title="bbox 946 1448 1644 1481; baseline 0.001 -1"><span class='ocrx_word' id='word_1_294' title='bbox 946 1449 1076 1480; x_wconf 88' lang='lat' dir='ltr'><strong>Ludius</strong></span> <span class='ocrx_word' id='word_1_295' title='bbox 1088 1450 1204 1481; x_wconf 89' lang='lat' dir='ltr'><strong>Elotas</strong></span> <span class='ocrx_word' id='word_1_296' title='bbox 1216 1448 1340 1479; x_wconf 85' lang='lat' dir='ltr'><strong>AEtolia</strong></span> <span class='ocrx_word' id='word_1_297' title='bbox 1349 1448 1534 1480; x_wconf 83' lang='lat' dir='ltr'><strong>oriundus.’</strong></span> <span class='ocrx_word' id='word_1_298' title='bbox 1556 1449 1644 1481; x_wconf 87' lang='lat' dir='ltr'><strong>Vide</strong></span> 
     </span>
     <span class='ocr_line' id='line_1_53' title="bbox 947 1499 1334 1531; baseline 0 0"><span class='ocrx_word' id='word_1_299' title='bbox 947 1510 999 1531; x_wconf 81' lang='lat' dir='ltr'><strong>vr.</strong></span> <span class='ocrx_word' id='word_1_300' title='bbox 1016 1503 1091 1531; x_wconf 73' lang='lat'><strong>384.</strong></span> <span class='ocrx_word' id='word_1_301' title='bbox 1108 1504 1144 1531; x_wconf 87' lang='lat' dir='ltr'><strong>et</strong></span> <span class='ocrx_word' id='word_1_302' title='bbox 1160 1499 1245 1530; x_wconf 82' lang='lat' dir='ltr'><strong>infra</strong></span> <span class='ocrx_word' id='word_1_303' title='bbox 1262 1502 1334 1531; x_wconf 87' lang='grc'><strong>126.</strong></span> 
     </span>
    </p>

    <p class='ocr_par' dir='ltr' id='par_1_15' title="bbox 942 1549 1646 2087">
     <span class='ocr_line' id='line_1_54' title="bbox 988 1549 1642 1590; baseline 0 -10"><span class='ocrx_word' id='word_1_304' title='bbox 988 1553 1050 1581; x_wconf 87' lang='grc'><strong>100</strong></span> <span class='ocrx_word' id='word_1_305' title='bbox 1074 1551 1198 1581; x_wconf 77' lang='lat' dir='ltr'><strong>Narrat</strong></span> <span class='ocrx_word' id='word_1_306' title='bbox 1215 1550 1293 1580; x_wconf 77' lang='lat' dir='ltr'><strong>Cum</strong></span> <span class='ocrx_word' id='word_1_307' title='bbox 1307 1559 1377 1580; x_wconf 85' lang='lat' dir='ltr'><strong>sene</strong></span> <span class='ocrx_word' id='word_1_308' title='bbox 1392 1549 1539 1590; x_wconf 80' lang='lat' dir='ltr'><strong>canicies]</strong></span> <span class='ocrx_word' id='word_1_309' title='bbox 1557 1549 1642 1580; x_wconf 82' lang='lat' dir='ltr'><strong>Gar·</strong></span> 
     </span>
     <span class='ocr_line' id='line_1_55' title="bbox 942 1597 1645 1639; baseline -0.003 -9"><span class='ocrx_word' id='word_1_310' title='bbox 942 1600 988 1630; x_wconf 81' lang='lat' dir='ltr'><strong>ric</strong></span> <span class='ocrx_word' id='word_1_311' title='bbox 1021 1600 1149 1638; x_wconf 88' lang='lat' dir='ltr'><strong>malim,</strong></span> <span class='ocrx_word' id='word_1_312' title='bbox 1178 1597 1418 1639; x_wconf 82' lang='grc' dir='ltr'>λεσχηνεύεται,</span> <span class='ocrx_word' id='word_1_313' title='bbox 1447 1598 1645 1639; x_wconf 74' lang='grc' dir='ltr'><strong>λαρυγγίζει,</strong></span> 
     </span>
     <span class='ocr_line' id='line_1_56' title="bbox 943 1647 1644 1690; baseline 0 -10"><span class='ocrx_word' id='word_1_314' title='bbox 943 1649 1035 1690; x_wconf 89' lang='lat' dir='ltr'><strong>quod</strong></span> <span class='ocrx_word' id='word_1_315' title='bbox 1052 1650 1138 1680; x_wconf 88' lang='lat' dir='ltr'><strong>solet</strong></span> <span class='ocrx_word' id='word_1_316' title='bbox 1154 1648 1225 1680; x_wconf 84' lang='lat' dir='ltr'><strong>fieri</strong></span> <span class='ocrx_word' id='word_1_317' title='bbox 1248 1650 1281 1679; x_wconf 85' lang='grc' dir='ltr'><strong>ἐν</strong></span> <span class='ocrx_word' id='word_1_318' title='bbox 1296 1647 1509 1680; x_wconf 79' lang='grc' dir='ltr'>ἐπικυλικεῖοις</span> <span class='ocrx_word' id='word_1_319' title='bbox 1522 1648 1644 1688; x_wconf 75' lang='grc' dir='ltr'><strong>λόγοις,</strong></span> 
     </span>
     <span class='ocr_line' id='line_1_57' title="bbox 944 1697 1645 1731; baseline 0.001 -1"><span class='ocrx_word' id='word_1_320' title='bbox 944 1704 982 1730; x_wconf 86' lang='lat' dir='ltr'><strong>nt</strong></span> <span class='ocrx_word' id='word_1_321' title='bbox 998 1699 1113 1731; x_wconf 77' lang='lat' dir='ltr'><strong>Graeci</strong></span> <span class='ocrx_word' id='word_1_322' title='bbox 1130 1703 1265 1730; x_wconf 85' lang='lat' dir='ltr'><strong>vocant.</strong></span> <span class='ocrx_word' id='word_1_323' title='bbox 1310 1698 1457 1730; x_wconf 78' lang='lat' dir='ltr'><strong>casaub.</strong></span> <span class='ocrx_word' id='word_1_324' title='bbox 1476 1697 1602 1730; x_wconf 85' lang='lat' dir='ltr'><strong>Athen.</strong></span> <span class='ocrx_word' id='word_1_325' title='bbox 1618 1707 1645 1731; x_wconf 88' lang='lat'><strong>1.</strong></span> 
     </span>
     <span class='ocr_line' id='line_1_58' title="bbox 945 1747 1643 1788; baseline -0.004 -7"><span class='ocrx_word' id='word_1_326' title='bbox 945 1749 1001 1781; x_wconf 90' lang='lat' dir='ltr'><strong>Ita</strong></span> <span class='ocrx_word' id='word_1_327' title='bbox 1015 1749 1137 1780; x_wconf 82' lang='lat' dir='ltr'><strong>Horat.</strong></span> <span class='ocrx_word' id='word_1_328' title='bbox 1152 1752 1161 1766; x_wconf 86' lang='lat'><em>‘</em></span> <span class='ocrx_word' id='word_1_329' title='bbox 1173 1748 1300 1788; x_wconf 84' lang='lat' dir='ltr'><strong>garrire</strong></span> <span class='ocrx_word' id='word_1_330' title='bbox 1316 1747 1472 1779; x_wconf 89' lang='lat' dir='ltr'><strong>libellos.&#39;</strong></span> <span class='ocrx_word' id='word_1_331' title='bbox 1494 1748 1643 1788; x_wconf 89' lang='lat' dir='ltr'><strong>Proper-</strong></span> 
     </span>
     <span class='ocr_line' id='line_1_59' title="bbox 945 1798 1642 1840; baseline -0.003 -10"><span class='ocrx_word' id='word_1_332' title='bbox 945 1799 1025 1838; x_wconf 84' lang='lat' dir='ltr'><strong>tius,</strong></span> <span class='ocrx_word' id='word_1_333' title='bbox 1042 1799 1052 1816; x_wconf 94' lang='lat'>‘</span> <span class='ocrx_word' id='word_1_334' title='bbox 1065 1807 1162 1840; x_wconf 90' lang='lat' dir='ltr'><strong>quam</strong></span> <span class='ocrx_word' id='word_1_335' title='bbox 1175 1798 1279 1828; x_wconf 88' lang='lat' dir='ltr'><strong>multa</strong></span> <span class='ocrx_word' id='word_1_336' title='bbox 1294 1798 1450 1838; x_wconf 90' lang='lat' dir='ltr'><strong>apposita</strong></span> <span class='ocrx_word' id='word_1_337' title='bbox 1467 1806 1642 1828; x_wconf 86' lang='lat' dir='ltr'><strong>narramus</strong></span> 
     </span>
     <span class='ocr_line' id='line_1_60' title="bbox 946 1846 1646 1888; baseline -0.004 -9"><span class='ocrx_word' id='word_1_338' title='bbox 946 1848 1051 1879; x_wconf 85' lang='lat' dir='ltr'><strong>verba</strong></span> <span class='ocrx_word' id='word_1_339' title='bbox 1063 1847 1226 1883; x_wconf 88' lang='lat' dir='ltr'><strong>lucerna,&#39;</strong></span> <span class='ocrx_word' id='word_1_340' title='bbox 1237 1846 1326 1888; x_wconf 91' lang='lat' dir='ltr'><strong>quod</strong></span> <span class='ocrx_word' id='word_1_341' title='bbox 1338 1846 1500 1878; x_wconf 88' lang='lat' dir='ltr'><strong>Suetonio</strong></span> <span class='ocrx_word' id='word_1_342' title='bbox 1511 1847 1544 1877; x_wconf 92' lang='lat' dir='ltr'><strong>in</strong></span> <span class='ocrx_word' id='word_1_343' title='bbox 1556 1846 1646 1886; x_wconf 88' lang='lat' dir='ltr'><strong>Aug.</strong></span> 
     </span>
     <span class='ocr_line' id='line_1_61' title="bbox 944 1896 1644 1936; baseline -0.001 -8"><span class='ocrx_word' id='word_1_344' title='bbox 944 1899 952 1915; x_wconf 90' lang='lat'>‘</span> <span class='ocrx_word' id='word_1_345' title='bbox 969 1897 1169 1929; x_wconf 80' lang='lat' dir='ltr'><strong>summissim</strong></span> <span class='ocrx_word' id='word_1_346' title='bbox 1185 1896 1355 1928; x_wconf 85' lang='lat' dir='ltr'><strong>fabulari.&#39;</strong></span> <span class='ocrx_word' id='word_1_347' title='bbox 1401 1897 1506 1936; x_wconf 88' lang='lat' dir='ltr'><strong>Long.</strong></span> <span class='ocrx_word' id='word_1_348' title='bbox 1522 1897 1644 1928; x_wconf 84' lang='lat' dir='ltr'><strong>Pasto-</strong></span> 
     </span>
     <span class='ocr_line' id='line_1_62' title="bbox 946 1945 1645 1986; baseline -0.001 -8"><span class='ocrx_word' id='word_1_349' title='bbox 946 1948 1007 1979; x_wconf 90' lang='lat' dir='ltr'><strong>ral.</strong></span> <span class='ocrx_word' id='word_1_350' title='bbox 1023 1957 1065 1979; x_wconf 81' lang='grc' dir='ltr'><strong>ιι.</strong></span> <span class='ocrx_word' id='word_1_351' title='bbox 1085 1950 1117 1979; x_wconf 86' lang='grc'><strong>2.</strong></span> <span class='ocrx_word' id='word_1_352' title='bbox 1140 1946 1192 1978; x_wconf 82' lang='grc' dir='ltr'><strong>καὶ</strong></span> <span class='ocrx_word' id='word_1_353' title='bbox 1216 1945 1280 1978; x_wconf 77' lang='grc' dir='ltr'>οῖον</span> <span class='ocrx_word' id='word_1_354' title='bbox 1301 1946 1338 1983; x_wconf 79' lang='grc' dir='ltr'><strong>δὴ</strong></span> <span class='ocrx_word' id='word_1_355' title='bbox 1361 1945 1507 1986; x_wconf 72' lang='grc' dir='ltr'>’γέροντες</span> <span class='ocrx_word' id='word_1_356' title='bbox 1533 1947 1645 1982; x_wconf 81' lang='grc' dir='ltr'>ὑποβε·</span> 
     </span>
     <span class='ocr_line' id='line_1_63' title="bbox 944 1995 1644 2038; baseline -0.001 -10"><span class='ocrx_word' id='word_1_357' title='bbox 944 1995 1110 2038; x_wconf 74' lang='grc' dir='ltr'>βρεγμένοι</span> <span class='ocrx_word' id='word_1_358' title='bbox 1142 1996 1217 2037; x_wconf 81' lang='grc' dir='ltr'>πρὸς</span> <span class='ocrx_word' id='word_1_359' title='bbox 1253 1995 1412 2033; x_wconf 78' lang='grc' dir='ltr'>ἀλλήλους</span> <span class='ocrx_word' id='word_1_360' title='bbox 1440 1996 1548 2028; x_wconf 80' lang='grc' dir='ltr'>πολλὰ</span> <span class='ocrx_word' id='word_1_361' title='bbox 1576 1995 1644 2027; x_wconf 75' lang='grc' dir='ltr'>ἔλε-</span> 
     </span>
     <span class='ocr_line' id='line_1_64' title="bbox 943 2058 1013 2087; baseline 0 -8"><span class='ocrx_word' id='word_1_362' title='bbox 943 2058 1013 2087; x_wconf 76' lang='grc' dir='ltr'><strong>γον.</strong></span> 
     </span>
    </p>

    <p class='ocr_par' dir='ltr' id='par_1_16' title="bbox 942 2096 1647 2834">
     <span class='ocr_line' id='line_1_65' title="bbox 987 2096 1647 2138; baseline -0.005 -8"><span class='ocrx_word' id='word_1_363' title='bbox 987 2101 1050 2130; x_wconf 90' lang='grc'><strong>102</strong></span> <span class='ocrx_word' id='word_1_364' title='bbox 1063 2098 1232 2129; x_wconf 76' lang='lat' dir='ltr'><strong>Choraules</strong></span> <span class='ocrx_word' id='word_1_365' title='bbox 1246 2096 1409 2137; x_wconf 79' lang='lat' dir='ltr'><strong>Proevz&#39;us]</strong></span> <span class='ocrx_word' id='word_1_366' title='bbox 1422 2097 1488 2130; x_wconf 85' lang='lat' dir='ltr'><strong>Qui</strong></span> <span class='ocrx_word' id='word_1_367' title='bbox 1502 2097 1548 2138; x_wconf 78' lang='grc' dir='ltr'><strong>τῷ</strong></span> <span class='ocrx_word' id='word_1_368' title='bbox 1561 2098 1647 2137; x_wconf 73' lang='grc' dir='ltr'>χορῷ·</span> 
     </span>
     <span class='ocr_line' id='line_1_66' title="bbox 944 2147 1644 2188; baseline -0.001 -9"><span class='ocrx_word' id='word_1_369' title='bbox 944 2148 1046 2188; x_wconf 76' lang='grc' dir='ltr'>αὐλεῖ,</span> <span class='ocrx_word' id='word_1_370' title='bbox 1073 2148 1114 2179; x_wconf 90' lang='lat' dir='ltr'><strong>ad</strong></span> <span class='ocrx_word' id='word_1_371' title='bbox 1144 2149 1282 2179; x_wconf 88' lang='lat' dir='ltr'><strong>chorum</strong></span> <span class='ocrx_word' id='word_1_372' title='bbox 1309 2147 1394 2179; x_wconf 86' lang='lat' dir='ltr'><strong>tibia</strong></span> <span class='ocrx_word' id='word_1_373' title='bbox 1420 2147 1533 2179; x_wconf 85' lang='lat' dir='ltr'><strong>canit:</strong></span> <span class='ocrx_word' id='word_1_374' title='bbox 1559 2147 1644 2178; x_wconf 84' lang='lat' dir='ltr'><strong>alius</strong></span> 
     </span>
     <span class='ocr_line' id='line_1_67' title="bbox 945 2197 1645 2240; baseline -0.004 -9"><span class='ocrx_word' id='word_1_375' title='bbox 945 2210 1026 2231; x_wconf 86' lang='lat' dir='ltr'><strong>vero</strong></span> <span class='ocrx_word' id='word_1_376' title='bbox 1043 2200 1100 2240; x_wconf 91' lang='lat' dir='ltr'><strong>qui</strong></span> <span class='ocrx_word' id='word_1_377' title='bbox 1115 2200 1230 2240; x_wconf 86' lang='lat' dir='ltr'><strong>digitis</strong></span> <span class='ocrx_word' id='word_1_378' title='bbox 1251 2199 1464 2230; x_wconf 87' lang='lat' dir='ltr'><strong>chironomus</strong></span> <span class='ocrx_word' id='word_1_379' title='bbox 1489 2203 1524 2228; x_wconf 89' lang='lat' dir='ltr'><strong>et</strong></span> <span class='ocrx_word' id='word_1_380' title='bbox 1548 2197 1645 2238; x_wconf 89' lang='lat' dir='ltr'><strong>pedi-</strong></span> 
     </span>
     <span class='ocr_line' id='line_1_68' title="bbox 945 2245 1643 2288; baseline -0.003 -8"><span class='ocrx_word' id='word_1_381' title='bbox 945 2249 1007 2280; x_wconf 83' lang='lat' dir='ltr'><strong>bus</strong></span> <span class='ocrx_word' id='word_1_382' title='bbox 1022 2249 1171 2288; x_wconf 73' lang='lat' dir='ltr'><strong>gestiens</strong></span> <span class='ocrx_word' id='word_1_383' title='bbox 1189 2257 1271 2278; x_wconf 90' lang='lat' dir='ltr'><strong>voce</strong></span> <span class='ocrx_word' id='word_1_384' title='bbox 1288 2247 1446 2278; x_wconf 87' lang='lat' dir='ltr'><strong>tibiarum</strong></span> <span class='ocrx_word' id='word_1_385' title='bbox 1463 2250 1499 2277; x_wconf 91' lang='lat' dir='ltr'><strong>et</strong></span> <span class='ocrx_word' id='word_1_386' title='bbox 1512 2245 1643 2278; x_wconf 87' lang='lat' dir='ltr'><strong>fistula-</strong></span> 
     </span>
     <span class='ocr_line' id='line_1_69' title="bbox 944 2295 1643 2335; baseline -0.004 -5"><span class='ocrx_word' id='word_1_387' title='bbox 944 2309 1018 2330; x_wconf 88' lang='lat' dir='ltr'><strong>rum</strong></span> <span class='ocrx_word' id='word_1_388' title='bbox 1034 2307 1150 2329; x_wconf 86' lang='lat' dir='ltr'><strong>sonum</strong></span> <span class='ocrx_word' id='word_1_389' title='bbox 1165 2297 1328 2328; x_wconf 88' lang='lat' dir='ltr'><strong>imitatur.</strong></span> <span class='ocrx_word' id='word_1_390' title='bbox 1359 2295 1527 2335; x_wconf 81' lang='lat' dir='ltr'><strong>Sidonius,</strong></span> <span class='ocrx_word' id='word_1_391' title='bbox 1542 2296 1551 2312; x_wconf 89' lang='lat'>‘</span> <span class='ocrx_word' id='word_1_392' title='bbox 1562 2295 1643 2327; x_wconf 86' lang='lat' dir='ltr'><strong>date</strong></span> 
     </span>
     <span class='ocr_line' id='line_1_70' title="bbox 944 2344 1642 2387; baseline -0.004 -8"><span class='ocrx_word' id='word_1_393' title='bbox 944 2348 1076 2379; x_wconf 88' lang='lat' dir='ltr'><strong>ravulos</strong></span> <span class='ocrx_word' id='word_1_394' title='bbox 1092 2345 1294 2387; x_wconf 87' lang='lat' dir='ltr'><strong>choraulas‚&#39;</strong></span> <span class='ocrx_word' id='word_1_395' title='bbox 1305 2348 1369 2377; x_wconf 66' lang='grc' dir='ltr'><strong>διο.</strong></span> <span class='ocrx_word' id='word_1_396' title='bbox 1414 2344 1503 2376; x_wconf 87' lang='lat' dir='ltr'><strong>Vide</strong></span> <span class='ocrx_word' id='word_1_397' title='bbox 1519 2345 1642 2385; x_wconf 85' lang='lat' dir='ltr'><strong>Scalig.</strong></span> 
     </span>
     <span class='ocr_line' id='line_1_71' title="bbox 944 2393 1643 2436; baseline -0.004 -7"><span class='ocrx_word' id='word_1_398' title='bbox 944 2397 986 2429; x_wconf 85' lang='lat' dir='ltr'><strong>ad</strong></span> <span class='ocrx_word' id='word_1_399' title='bbox 1013 2398 1174 2436; x_wconf 90' lang='lat' dir='ltr'><strong>Propert.</strong></span> <span class='ocrx_word' id='word_1_400' title='bbox 1203 2398 1278 2427; x_wconf 80' lang='grc'><strong>284.</strong></span> <span class='ocrx_word' id='word_1_401' title='bbox 1335 2395 1392 2426; x_wconf 89' lang='lat' dir='ltr'><strong>Ita</strong></span> <span class='ocrx_word' id='word_1_402' title='bbox 1416 2393 1560 2435; x_wconf 83' lang='grc' dir='ltr'>λυρῳδὸς,</span> <span class='ocrx_word' id='word_1_403' title='bbox 1585 2395 1643 2436; x_wconf 82' lang='lat' dir='ltr'><strong>qui</strong></span> 
     </span>
     <span class='ocr_line' id='line_1_72' title="bbox 943 2444 1641 2489; baseline -0.006 -10"><span class='ocrx_word' id='word_1_404' title='bbox 943 2449 1030 2489; x_wconf 87' lang='lat' dir='ltr'><strong>lyra,</strong></span> <span class='ocrx_word' id='word_1_405' title='bbox 1056 2445 1203 2485; x_wconf 79' lang='grc' dir='ltr'>αὐλῳδὸς,</span> <span class='ocrx_word' id='word_1_406' title='bbox 1223 2445 1279 2486; x_wconf 89' lang='lat' dir='ltr'><strong>qui</strong></span> <span class='ocrx_word' id='word_1_407' title='bbox 1308 2444 1351 2475; x_wconf 89' lang='lat' dir='ltr'><strong>ad</strong></span> <span class='ocrx_word' id='word_1_408' title='bbox 1378 2444 1508 2476; x_wconf 88' lang='lat' dir='ltr'><strong>tibiam.</strong></span> <span class='ocrx_word' id='word_1_409' title='bbox 1552 2444 1641 2475; x_wconf 90' lang='lat' dir='ltr'><strong>Vide</strong></span> 
     </span>
     <span class='ocr_line' id='line_1_73' title="bbox 943 2493 1642 2529; baseline -0.004 0"><span class='ocrx_word' id='word_1_410' title='bbox 943 2497 1085 2529; x_wconf 83' lang='lat' dir='ltr'><strong>eundem</strong></span> <span class='ocrx_word' id='word_1_411' title='bbox 1113 2497 1145 2527; x_wconf 92' lang='lat' dir='ltr'><strong>in</strong></span> <span class='ocrx_word' id='word_1_412' title='bbox 1170 2494 1370 2526; x_wconf 87' lang='lat' dir='ltr'><strong>Eusebianis</strong></span> <span class='ocrx_word' id='word_1_413' title='bbox 1384 2493 1543 2526; x_wconf 86' lang='lat' dir='ltr'><strong>Animad.</strong></span> <span class='ocrx_word' id='word_1_414' title='bbox 1568 2497 1642 2526; x_wconf 83' lang='lat'><strong>155.</strong></span> 
     </span>
     <span class='ocr_line' id='line_1_74' title="bbox 942 2542 1640 2587; baseline -0.001 -10"><span class='ocrx_word' id='word_1_415' title='bbox 942 2551 979 2578; x_wconf 90' lang='lat' dir='ltr'><strong>et</strong></span> <span class='ocrx_word' id='word_1_416' title='bbox 1004 2546 1134 2587; x_wconf 85' lang='lat' dir='ltr'><strong>prolixe</strong></span> <span class='ocrx_word' id='word_1_417' title='bbox 1159 2544 1263 2576; x_wconf 89' lang='lat' dir='ltr'><strong>etiam</strong></span> <span class='ocrx_word' id='word_1_418' title='bbox 1287 2542 1434 2574; x_wconf 88' lang='lat' dir='ltr'><strong>Casaub.</strong></span> <span class='ocrx_word' id='word_1_419' title='bbox 1451 2543 1493 2574; x_wconf 90' lang='lat' dir='ltr'><strong>ad</strong></span> <span class='ocrx_word' id='word_1_420' title='bbox 1511 2543 1640 2576; x_wconf 87' lang='lat' dir='ltr'><strong>Athen.</strong></span> 
     </span>
     <span class='ocr_line' id='line_1_75' title="bbox 943 2593 1638 2629; baseline 0 -3"><span class='ocrx_word' id='word_1_421' title='bbox 943 2604 1017 2628; x_wconf 80' lang='lat' dir='ltr'><strong>xrv.</strong></span> <span class='ocrx_word' id='word_1_422' title='bbox 1031 2597 1063 2626; x_wconf 89' lang='grc'><strong>2.</strong></span> <span class='ocrx_word' id='word_1_423' title='bbox 1080 2596 1156 2625; x_wconf 85' lang='grc'><strong>562.</strong></span> <span class='ocrx_word' id='word_1_424' title='bbox 1171 2594 1181 2610; x_wconf 91' lang='lat'>‘</span> <span class='ocrx_word' id='word_1_425' title='bbox 1194 2593 1309 2624; x_wconf 77' lang='lat' dir='ltr'><strong>Malus</strong></span> <span class='ocrx_word' id='word_1_426' title='bbox 1323 2593 1513 2629; x_wconf 87' lang='lat' dir='ltr'><strong>choraules,</strong></span> <span class='ocrx_word' id='word_1_427' title='bbox 1530 2593 1638 2626; x_wconf 90' lang='lat' dir='ltr'><strong>bonus</strong></span> 
     </span>
     <span class='ocr_line' id='line_1_76' title="bbox 942 2641 1640 2686; baseline 0 -10"><span class='ocrx_word' id='word_1_428' title='bbox 942 2641 1224 2686; x_wconf 66' lang='lat' dir='ltr'><strong>symphoniacus)</strong></span> <span class='ocrx_word' id='word_1_429' title='bbox 1264 2642 1447 2683; x_wconf 88' lang='lat' dir='ltr'><strong>Augustin.</strong></span> <span class='ocrx_word' id='word_1_430' title='bbox 1474 2642 1581 2676; x_wconf 87' lang='lat' dir='ltr'><strong>Arist.</strong></span> <span class='ocrx_word' id='word_1_431' title='bbox 1607 2648 1640 2676; x_wconf 89' lang='lat'><strong>8.</strong></span> 
     </span>
     <span class='ocr_line' id='line_1_77' title="bbox 944 2693 1639 2734; baseline -0.001 -9"><span class='ocrx_word' id='word_1_432' title='bbox 944 2695 1049 2725; x_wconf 89' lang='lat' dir='ltr'><strong>Polit.</strong></span> <span class='ocrx_word' id='word_1_433' title='bbox 1063 2696 1095 2725; x_wconf 87' lang='grc'><strong>6.</strong></span> <span class='ocrx_word' id='word_1_434' title='bbox 1112 2698 1270 2733; x_wconf 83' lang='lat' dir='ltr'><strong>tanquam</strong></span> <span class='ocrx_word' id='word_1_435' title='bbox 1289 2701 1398 2723; x_wconf 89' lang='lat' dir='ltr'><strong>rarum</strong></span> <span class='ocrx_word' id='word_1_436' title='bbox 1410 2697 1520 2734; x_wconf 89' lang='lat' dir='ltr'><strong>notat,</strong></span> <span class='ocrx_word' id='word_1_437' title='bbox 1537 2693 1570 2724; x_wconf 87' lang='grc' dir='ltr'><strong>ἐν</strong></span> <span class='ocrx_word' id='word_1_438' title='bbox 1579 2699 1639 2724; x_wconf 77' lang='grc' dir='ltr'><strong>Λα-</strong></span> 
     </span>
     <span class='ocr_line' id='line_1_78' title="bbox 943 2741 1640 2784; baseline 0 -9"><span class='ocrx_word' id='word_1_439' title='bbox 943 2741 1098 2782; x_wconf 76' lang='grc' dir='ltr'>κεδαίμονί</span> <span class='ocrx_word' id='word_1_440' title='bbox 1111 2753 1159 2774; x_wconf 75' lang='grc' dir='ltr'><strong>τις</strong></span> <span class='ocrx_word' id='word_1_441' title='bbox 1184 2741 1322 2782; x_wconf 72' lang='grc' dir='ltr'><strong><em>Χορηγὸς</em></strong></span> <span class='ocrx_word' id='word_1_442' title='bbox 1343 2741 1435 2774; x_wconf 75' lang='grc' dir='ltr'><strong>αὐτὸς</strong></span> <span class='ocrx_word' id='word_1_443' title='bbox 1458 2742 1577 2781; x_wconf 79' lang='grc' dir='ltr'>αὔλησε</span> <span class='ocrx_word' id='word_1_444' title='bbox 1590 2746 1640 2784; x_wconf 72' lang='grc' dir='ltr'><strong>τῷ</strong></span> 
     </span>
     <span class='ocr_line' id='line_1_79' title="bbox 942 2792 1495 2834; baseline 0 -9"><span class='ocrx_word' id='word_1_445' title='bbox 942 2794 1042 2834; x_wconf 78' lang='grc' dir='ltr'><em>χορῷ,“</em></span> <span class='ocrx_word' id='word_1_446' title='bbox 1062 2796 1138 2825; x_wconf 87' lang='lat' dir='ltr'><strong>erat</strong></span> <span class='ocrx_word' id='word_1_447' title='bbox 1153 2792 1240 2823; x_wconf 89' lang='lat' dir='ltr'><strong>enim</strong></span> <span class='ocrx_word' id='word_1_448' title='bbox 1256 2792 1291 2823; x_wconf 87' lang='lat' dir='ltr'><strong>id</strong></span> <span class='ocrx_word' id='word_1_449' title='bbox 1308 2792 1495 2826; x_wconf 80' lang='lat' dir='ltr'><strong>Choraulae.</strong></span> 
     </span>
    </p>
   </div>
  </div>
 </body>
</html>
