1889 3194
416 293 587 325 ULtht
621 291 867 322 OBRECHTI
902 290 1043 323 NOTAE
1079 291 1128 321 lN
1164 291 1259 321 LtB.
1292 291 1322 321 1.

154 386 195 418 ad
211 387 277 418 hoc
291 385 419 426 fanum,
431 385 473 417 ad
489 386 621 417 isthanc
633 384 767 417 modum
780 393 845 414 non

153 436 261 468 veniri
277 437 385 468 solet.’
428 435 527 469 Quod
542 441 654 467 autem
669 435 757 475 apud
769 435 846 465 Ser-

154 487 244 517 vium
273 487 446 527 sequitur:
472 486 584 517 ‘unde
607 485 845 516 hostimentum

155 537 376 578 aequationem
391 535 412 575 ς’
428 546 494 567 non
507 541 602 567 recte
615 535 733 566 habet:
750 536 759 552 ‘
772 535 846 565 hos-

154 586 342 618 timentum'
355 587 443 617 enim
451 596 516 617 nou
528 586 568 617 ab
581 589 590 603 ‘
601 584 774 622 hostiare:
786 584 846 615 sed

156 635 199 666 ab
216 634 388 667 ‘hostire’
414 635 543 666 dictum
571 639 636 670 est,
661 634 748 674 quod
775 633 847 664 ‘fe-

155 685 238 716 rire'
261 684 427 724 significat
445 696 453 716 :
477 685 556 716 inde
578 686 587 703 ‘
602 685 847 716 redhostimen·

156 734 252 774 tum,'
277 735 375 767 talio:
401 735 495 776 cujus
520 735 692 775 praecipue
709 735 744 766 in
759 733 848 765 refe-

155 785 273 816 riendo
296 785 354 825 jus
385 785 609 816 consistebat:
640 784 741 824 juxta
766 783 847 815 illud

156 836 165 852 ‘
179 836 312 866 oculum
335 844 397 876 pro
410 835 518 870 oculo,
535 834 671 865 dentem
690 843 750 874 pro
767 833 848 863 den-

156 883 214 916 te.'

198 934 216 974 §
230 935 270 964 1⁷
291 932 433 972 Aliisque
446 931 626 972 sexaginta]
648 931 703 963 Sic
719 931 800 972 Arg.
816 932 848 962 in

156 993 222 1024 quo
240 988 350 1013 tamen
372 982 460 1013 male
485 991 546 1021 pro
567 981 714 1020 ‘naveS,’
736 982 745 998 ‘
759 982 850 1012 navi-

156 1032 219 1063 bus
233 1042 242 1063 ε
257 1031 267 1046 ’
288 1041 354 1062 non
378 1032 466 1062 enim
484 1031 548 1061 nisi
563 1031 742 1071 sexaginta
759 1030 848 1061 navi·

157 1083 218 1113 bns
234 1082 470 1122 Agapenorem
489 1080 649 1121 praefecit
675 1081 851 1119 Agamem-

155 1141 235 1162 non.
280 1131 381 1162 Hom.
405 1131 446 1162 Il.
472 1135 506 1162 Β.
529 1132 595 1161 Τῶν
616 1129 685 1170 ἦρχ’
696 1131 851 1169 Ἀγκαίοιο

156 1181 228 1214 πάῖς
243 1180 349 1222 κρείων
363 1181 547 1221 Ἀγαπήνωρ
560 1180 727 1220 Ἐξήκοντα
742 1182 828 1212 νεῶν.

199 1232 372 1272 Elephenor
406 1241 447 1263 ex
482 1232 600 1262 Euboea
628 1231 851 1272 quadraginta]

158 1283 240 1323 Arg.
251 1284 262 1300 ‘
274 1281 499 1323 quadraginta
511 1281 633 1312 Fleuus
646 1291 686 1311 ex
699 1280 851 1312 Euboia?

157 1332 254 1364 Med.
271 1332 464 1372 ‘Eupherus
480 1341 522 1362 ex
538 1330 666 1362 Euboea
680 1329 746 1362 40?
762 1332 851 1370 vulg.

156 1385 166 1400 ‘
179 1383 370 1422 Elephenor
379 1391 422 1413 ex
430 1381 560 1412 Euboea
574 1378 736 1419 triginta-⁹
751 1380 851 1411 Horu.

158 1433 201 1464 11.
217 1437 252 1464 Β.
269 1432 311 1463 de
328 1431 540 1472 Elephenore
555 1440 563 1461 ε
585 1430 634 1469 Τῷ
649 1429 676 1460 δ’
695 1428 758 1468 ἅμα
778 1439 852 1460 τεσ-

158 1483 334 1524 σαράκοντα
347 1481 489 1521 μέλαιναι
504 1481 572 1517 νῆες
586 1478 710 1511 ἕποντο.

203 1535 391 1574 Tlepolemus
408 1532 526 1565 Rhodo.
540 1530 670 1570 aliisque
689 1529 773 1560 circa
786 1538 853 1559 eam

157 1584 281 1623 insulis,
312 1580 436 1620 novem]
480 1579 564 1620 Arg.
600 1579 609 1596 ‘
630 1579 852 1618 Propolemus

159 1633 281 1665 Rhodo
295 1633 436 1673 aliisque
460 1631 550 1661 circa
565 1639 639 1661 eam
657 1628 773 1660 insulis
788 1627 852 1660 rx.'

159 1683 255 1715 Med.
270 1687 279 1701 ¹
291 1682 502 1723 Nepolemus
517 1678 634 1711 Rhodo
649 1679 790 1718 aliisque
803 1678 852 1708 in-

159 1735 242 1766 sulis
264 1744 339 1775 quae
366 1733 458 1765 circa
481 1741 554 1762 eam
578 1735 688 1765 erant,
715 1729 854 1760 novem!

158 1783 261 1816 Quod
282 1783 403 1814 iterum
428 1782 596 1813 Homerus
620 1784 740 1810 contra
763 1778 854 1818 vulg.

159 1833 218 1864 ubi
254 1835 264 1851 ⁴
281 1832 386 1871 octo‚’
414 1832 528 1864 firmat
545 1841 553 1862 :
593 1828 797 1867 Τληπόλεμος
826 1828 854 1860 δ’

160 1883 370 1925 Ἡρακλείδης,
390 1882 445 1921 ἠΰς
459 1894 493 1913 τε
507 1881 607 1921 μέγας
620 1893 669 1918 τε,
679 1881 735 1911 Ἐκ
748 1878 856 1911 Ῥόδου

159 1934 248 1967 ε’ννέα
268 1936 342 1973 νῆας
356 1933 433 1973 ἄγεν
444 1932 566 1964 Ῥοδίων
580 1929 753 1971 ἆγερῶχων.
797 1930 855 1961 In-

159 1985 248 2016 sulas
265 1991 377 2016 autem
392 1984 484 2015 circa
510 1981 662 2013 Rhodum
686 1979 855 2020 Septimio

160 2035 376 2066 Chelidonias
392 2032 535 2073 intelligi
559 2036 655 2072 puto,
678 2030 720 2061 de
735 2029 854 2071 quibus

161 2085 344 2125 Dionysius
362 2084 394 2114 in
417 2081 617 2123 περιηγήσεις
643 2079 744 2112 Ῥόδος
770 2079 857 2111 ἐστὶν

159 2133 321 2171 ’Ῑηλυσίων
334 2132 427 2164 πέδον
440 2132 568 2171 ἀνδρῶν.
582 2131 645 2168 Τὴν
660 2129 694 2161 δὲ
707 2129 787 2168 μέτ’,
803 2130 855 2161 ἆν-

160 2184 315 2222 τολίηνδε,
327 2182 498 2215 Χελιδόνιαι
511 2180 648 2221 γεγάασι
661 2181 747 2220 Τρεῖς
758 2180 855 2217 νῆσοι.

161 2235 250 2266 Nam
275 2234 450 2273 ‘Lindum,
475 2232 643 2272 Jalysum,
666 2228 858 2261 Camirum'

161 2294 227 2315 non
243 2284 365 2315 insulas
380 2283 472 2314 circa
488 2280 657 2320 Rhodum,
673 2279 733 2310 sed
751 2281 760 2296 ¹
775 2288 857 2319 opu-

163 2335 271 2366 lentas
295 2332 404 2365 Rhodi
420 2331 521 2363 urbes
534 2330 543 2344 '
565 2329 669 2361 fuisse
685 2329 757 2370 ipse
774 2328 858 2359 infe-

162 2384 232 2415 rius
247 2383 427 2424 profitetur
440 2383 532 2413 ΝΑ.
561 2381 596 2412 Si
607 2380 664 2420 qui
680 2377 857 2419 aliquando

162 2434 217 2465 hic
247 2433 384 2473 det-epti
410 2436 502 2471 sunt,
524 2435 660 2471 oportet
687 2438 744 2459 eos
768 2428 857 2469 apud

163 2483 349 2515 Homerum
368 2482 501 2520 legisse,
522 2480 561 2512 Οἱ
585 2478 693 2511 Ῥόδον
707 2478 780 2518 ἄμφ’
796 2476 859 2509 ἐνέ·

164 2547 272 2574 μοντο,
288 2544 348 2575 pro
362 2534 401 2565 Οἱ
413 2531 519 2565 Ῥόδον
533 2529 757 2571 ἆμφενέμοντο.
791 2529 859 2560 Res

164 2587 206 2618 de
228 2593 354 2618 caetero
372 2586 472 2626 plana
487 2589 551 2614 est.
596 2582 764 2614 Nimirum
782 2580 858 2611 Lin-

163 2636 239 2676 dus,
277 2636 427 2676 Jalysms,
455 2633 610 2666 Camirus
636 2631 737 2662 urbes
762 2630 859 2661 unius

163 2687 279 2718 insulae
296 2685 461 2716 diversam
479 2692 622 2725 quaeque
639 2681 735 2713 initio
751 2686 787 2711 et
800 2689 859 2721 pe·

164 2737 324 2769 culiarem
338 2736 578 2777 rempublicam
594 2734 860 2768 constituerant3

166 2792 284 2826 postea
301 2787 334 2818 in
351 2787 447 2817 unius
463 2784 613 2816 civitatis
628 2791 752 2823 corpus
772 2780 860 2821 juris

168 2846 208 2868 ac
223 2836 356 2878 imperii
367 2835 600 2868 commuuione
612 2833 789 2870 coaluere3
804 2838 862 2861 uo·

1504 280 1588 321 607

896 384 987 415 mine
1017 383 1183 415 communi
1211 382 1329 414 insulae
1357 382 1392 413 in
1422 391 1486 423 qua
1514 382 1588 413 sitae

896 439 993 465 erant
1023 439 1215 474 assumpto:
1241 434 1289 464 ita
1313 437 1351 464 ut
1379 432 1588 472 conjunctim

897 483 1047 521 Rhodus,
1068 493 1131 514 nec
1148 488 1217 514 tres
1234 483 1404 519 civitates,
1416 482 1474 512 sed
1492 481 1588 512 unius

895 533 1043 564 civitatis
1060 537 1128 563 tres
1142 532 1246 562 veluti
1261 531 1365 563 tribus
1380 530 1590 561 dicerentur.

896 584 1088 615 Homerus:
1111 581 1150 614 Οἳ
1169 582 1274 614 Ῥόδον
1292 580 1502 621 ἀμφενέμοντο
1525 578 1591 610 δισί-

895 645 990 673 τριχα
1004 632 1220 671 κοσμηθέντες,
1233 631 1353 668 Λίνδον,
1366 630 1532 669 Ἰηλυσο-όν
1541 642 1591 668 τε,

897 684 946 715 καὶ
982 683 1166 725 ἀργινόεντα
1192 682 1355 723 Κάμειρον.
1414 683 1459 713 Et
1490 682 1592 721 paulo

898 739 993 774 post:
1019 734 1137 776 Τριχθὰ
1161 733 1194 765 δὲ
1222 733 1340 773 ᾤκηθεν
1361 731 1592 772 καταφυλαδόν.

899 785 1054 825 Denique
1071 785 1159 815 bello
1176 783 1478 824 Peloponnesiaco.
1495 788 1532 814 ut
1556 792 1592 812 se

899 833 1033 865 facilius
1062 833 1222 865 adversus
1251 832 1510 865 Atheniensium
1542 832 1592 863 in-

899 885 1006 915 sultus
1020 888 1196 915 tuerentur
1212 884 1244 914 in
1261 893 1358 914 unam
1372 882 1490 913 urbem
1502 891 1594 913 com-

898 933 1141 973 migraverunt,
1160 932 1212 963 cui
1228 941 1352 962 nomen
1374 930 1482 962 Rhodi
1500 940 1594 961 man-

899 983 955 1014 sit.
1001 983 1116 1014 Conon
1144 983 1283 1014 Narrat.
1303 985 1356 1013 47.
1390 980 1430 1012 Αἱ
1454 980 1487 1012 δὲ
1510 981 1595 1021 τρεῖς

899 1031 1007 1063 πόλεις
1022 1031 1065 1063 εἷς
1085 1032 1158 1071 μίαν
1177 1032 1427 1063 ἆποκλεισθεῖσαι
1451 1029 1595 1070 μεγάλην

900 1082 950 1114 καὶ
973 1082 1146 1121 εὐδαίμονα,
1173 1082 1289 1113 ταύτὸν
1315 1081 1410 1121 ὄνομα
1438 1083 1483 1123 τῇ
1512 1082 1595 1120 νήσῳ

898 1131 1005 1164 Ῥόδον
1016 1132 1128 1164 ἔδοσαν
1138 1135 1308 1164 καλεῖσθαι.
1323 1132 1413 1164 Add.
1431 1133 1594 1164 Eustath-

901 1184 951 1215 ius
968 1184 999 1214 in
1017 1183 1155 1214 Homeri
1172 1184 1280 1214 locum
1299 1183 1453 1221 superius
1470 1182 1596 1214 adduc·

902 1239 986 1271 tum,
1005 1234 1232 1274 Thucydides,
1256 1232 1436 1271 Diodorus,
1461 1232 1596 1263 strabo.

900 1283 1004 1314 Νᾶσος
1027 1282 1166 1322 τρίπολις
1198 1287 1337 1313 vocatur
1366 1280 1517 1312 Pindaro
1546 1282 1596 1312 0-

901 1333 1004 1373 lymp.
1028 1336 1060 1364 7.
1089 1338 1125 1363 et
1151 1332 1282 1372 Scylaci
1305 1330 1539 1370 Caryandensi
1562 1331 1596 1361 iu

901 1383 1054 1423 Periplo,
1071 1387 1107 1413 ut
1134 1382 1241 1419 Νῆσος
1268 1381 1409 1421 τρίπολις
1433 1380 1597 1412 describi-

902 1437 969 1463 tur.
1015 1432 1114 1465 Quod
1133 1436 1331 1472 argumenta
1343 1441 1457 1462 eorum
1472 1440 1597 1469 augere

903 1487 1031 1522 potest,
1063 1482 1119 1522 qui
1150 1482 1347 1521 scriptorem
1378 1481 1466 1512 hunc
1501 1480 1597 1511 Darii

904 1532 1010 1564 Nothi
1037 1532 1246 1572 temporibus
1274 1540 1340 1562 non
1371 1540 1447 1562 esse
1479 1539 1597 1562 recen-

904 1582 1037 1617 tiorem,
1052 1581 1275 1612 contendunt.

947 1632 1096 1670 Triginta
1118 1641 1158 1662 ex
1174 1630 1284 1661 insulis
1301 1630 1358 1666 Co,
1376 1629 1545 1669 Carpatho,
1567 1633 1597 1659 et

901 1682 989 1723 aliis]
1015 1681 1161 1712 Merceri
1179 1680 1288 1711 Codd.
1303 1680 1475 1718 ‘Triginta
1491 1689 1531 1709 ex
1549 1678 1598 1709 in-

902 1732 982 1762 sulis
998 1729 1239 1770 congregatis)
1268 1729 1352 1769 Arg.
1370 1730 1379 1746 ‘
1392 1729 1543 1768 Triginta
1556 1737 1597 1758 ex

904 1782 1020 1812 insulis
1032 1779 1277 1819 congregatas!
1299 1778 1395 1810 Med.
1409 1780 1419 1795 ⁴
1429 1788 1473 1808 ex
1485 1778 1600 1808 insulis

905 1831 1134 1871 Eutaphrates
1150 1829 1213 1862 303
1257 1829 1383 1860 Venet.
1403 1831 1412 1845 ¹
1426 1837 1468 1858 ex
1486 1827 1600 1858 insulis

904 1882 1031 1922 Nisyro
1055 1881 1203 1920 Caprate
1227 1878 1298 1910 Coo
1330 1876 1600 1918 Eutrapllrates.'

904 1932 934 1962 E
957 1930 1077 1972 quibus
1102 1927 1257 1959 omnibus
1277 1936 1343 1958 non
1368 1936 1466 1967 quam
1484 1925 1602 1966 genui-

905 1990 982 2012 nam
1013 1983 1267 2020 praestaremus,
1291 1976 1349 2007 sed
1381 1985 1481 2016 quam
1503 1975 1601 2005 mini-

905 2039 995 2060 mum
1028 2039 1047 2059 a
1070 2028 1214 2068 genuina
1236 2026 1476 2057 abhorrentem
1503 2029 1600 2065 puta-

906 2079 1038 2119 bamus,
1067 2078 1247 2110 lectionem
1282 2074 1434 2107 exhiberi
1469 2075 1600 2106 curavi-

905 2139 991 2161 mus.

950 2178 1158 2209 Thessandrus
1169 2186 1257 2217 quem
1268 2173 1427 2215 Polynicis
1437 2182 1531 2213 supra
1543 2181 1603 2202 me-

905 2228 1105 2265 mor-avimus,
1125 2226 1235 2257 Thebis
1249 2233 1341 2256 naves
1359 2221 1601 2263 quinquaginta]

906 2277 1044 2309 Thebas
1073 2275 1233 2316 Epigoni,
1262 2274 1380 2305 decem
1408 2273 1503 2303 annis
1527 2276 1604 2312 post

907 2332 1041 2368 patrum
1057 2324 1203 2363 cladem,
1218 2329 1349 2363 septem
1365 2326 1401 2353 et
1413 2320 1531 2361 viginti
1546 2329 1604 2351 au-

909 2381 943 2408 te
965 2381 1099 2416 raptum
1124 2374 1280 2413 Helenae,
1303 2374 1464 2412 ceperant
1488 2370 1604 2400 moeni-

909 2427 1039 2466 busque
1055 2424 1278 2462 nudaverant,
1303 2426 1404 2461 atque
1431 2420 1480 2450 ita
1500 2418 1605 2449 Thes-

908 2475 1032 2508 sandro
1048 2473 1220 2514 Polynicis
1237 2471 1463 2503 tradiderant.
1499 2468 1602 2508 Apol-

907 2526 1045 2558 lodorus
1062 2533 1119 2555 ιιι.
1134 2522 1266 2562 Ἀργεῖοι
1280 2519 1312 2551 δὲ
1327 2519 1381 2550 τὸν
1394 2517 1528 2558 δρασμὸν
1542 2519 1605 2548 τῶν

907 2574 1051 2614 Θηβαίων
1068 2572 1216 2613 μαθόντες
1234 2570 1362 2602 εἰσίασιν
1376 2567 1417 2599 εἷς
1431 2567 1489 2604 τὴν
1503 2566 1605 2605 πόλιν,

908 2627 959 2659 καὶ
982 2622 1212 2664 συναθροίζουσι
1235 2621 1295 2658 τὴν
1316 2618 1404 2650 λείαν
1429 2616 1479 2648 καὶ
1504 2620 1606 2648 καθαι-

908 2676 995 2718 ροῦσι
1020 2674 1061 2705 τὰ
1075 2672 1183 2711 τείχη.
1226 2668 1411 2702 Pausanias
1428 2668 1460 2698 in
1481 2667 1605 2698 Boeoti-

909 2727 979 2758 cis:
1001 2725 1063 2756 Τὰς
1092 2721 1124 2754 δὲ
1145 2721 1251 2758 Θήβας
1277 2718 1403 2750 ἑλόντες
1425 2717 1454 2748 οἱ
1472 2716 1604 2757 Ἀργεῖοι

908 2773 1107 2817 παραδιδόασι
1118 2769 1298 2812 Θερσάνδρῳ
1312 2765 1515 2800 Πολυνείκους
1535 2778 1605 2798 παι-

909 2826 949 2860 δί.
992 2825 1062 2858 Sed
1090 2822 1258 2855 Homerus
1285 2820 1318 2852 in
1347 2817 1512 2859 Catalogo
1542 2826 1606 2848 nec
