1889 3194
548 345 610 376 DE
647 343 802 374 BELLo
837 341 1064 373 'l'ROJANo
1102 340 1197 370 [AB.
1233 340 1296 369 vr.
1556 326 1641 367 547

193 439 431 481 Immensae
450 439 614 492 pariter
634 450 943 491 nemorumque
963 436 1192 490 virumque
1212 434 1366 475 ruinae.

195 507 333 548 Haud
354 519 484 548 secus
503 506 660 547 heroes
682 510 895 560 perstant,
916 517 995 545 nec
1017 505 1191 544 vincere
1207 515 1395 556 pronum

193 574 395 625 Teucris,
416 575 534 615 mille
554 575 660 615 licet
681 577 845 615 mortes
865 572 966 612 hinc
989 571 1091 612 inde
1110 570 1317 622 fatigent,

196 641 295 682 Nec
311 644 407 695 jam
428 641 682 682 vulneribus
704 643 859 694 pateat
878 639 1027 679 lOcus:
1058 638 1257 691 improba
1278 637 1423 677 donec

196 709 305 762 Ipsa
323 709 466 750 virum
487 710 626 750 virtus
647 708 814 749 fractos
838 710 1145 748 consumserat
1166 718 1306 746 enses.

1555 705 1641 746 450

197 775 308 817 Mox
333 775 528 829 Phryges
548 776 805 816 incumbunt
823 773 1023 828 propius,
1043 773 1335 826 prolapsaque
1356 772 1549 814 nondum

197 841 433 895 Congestis
455 843 624 896 clypeis
646 855 803 883 casura
826 841 1047 884 cadavera
1068 841 1152 890 fisi,

199 908 328 960 Quos
350 914 571 963 nequeunt
589 910 738 959 armis,
764 922 980 950 armorum
1002 908 1196 961 pondere
1216 908 1413 949 vincunt.

254 977 395 1027 Vidit,
418 983 462 1018 et
482 977 669 1018 ultorem
693 977 894 1018 Phoebus
916 981 1174 1017 curvaverat
1195 989 1360 1025 arcum,

197 1043 313 1086 Tela
333 1045 470 1085 dabat
490 1045 656 1095 Pallas,
673 1045 813 1085 vetuit
827 1044 964 1086 Pater
984 1045 1097 1097 igne,
1118 1044 1296 1096 sagittis

1556 1044 1611 1084 ἐ

1616 1044 1644 1084 vr

200 1110 374 1152 Obvius
396 1111 592 1160 intentis,
614 1114 656 1151 et
677 1123 834 1164 pacem
856 1110 1033 1151 fulmine
1055 1111 1216 1151 sanxit.

198 1177 372 1219 Gaudet
392 1177 661 1227 Alexander,
683 1178 858 1219 faveant
879 1191 959 1218 ceu
981 1179 1157 1218 numina
1176 1177 1323 1227 stactis,

198 1245 256 1286 Et
277 1244 457 1298 placeat
477 1245 595 1285 fraus
614 1245 691 1286 illa
713 1245 843 1286 Deis:
876 1246 1120 1299 avibusque
1142 1245 1348 1298 ferisque,

196 1312 336 1360 (Proh
357 1312 500 1353 scelus
516 1313 543 1362 !)
565 1317 762 1353 extorres
784 1316 906 1353 artus
927 1317 971 1353 et
1002 1313 1155 1353 funera
1176 1313 1298 1353 nuda

199 1379 473 1433 Projecisset
494 1385 640 1421 atrox:
676 1380 832 1420 melior
851 1380 895 1419 ni
911 1379 1037 1432 justa
1058 1385 1258 1420 moneret

1563 1382 1648 1422 460

200 1446 369 1496 Frater,
390 1452 436 1487 et
458 1447 662 1487 infandas
686 1447 885 1487 Helenus
908 1450 1211 1499 compesceret
1232 1447 1334 1487 iras.

254 1513 383 1554 Heu!
406 1526 517 1566 quas
539 1513 716 1566 lugendi
733 1514 890 1563 facies,
920 1527 1034 1567 quos
1056 1514 1248 1567 undique
1269 1514 1421 1555 vultus

198 1579 459 1621 Communis
478 1580 684 1621 Danaum
714 1581 842 1621 dolor
862 1580 1030 1621 induit!
1063 1580 1170 1620 Inde
1194 1581 1403 1633 querelae,

198 1647 318 1689 Hinc
340 1647 564 1701 lacrymae,
585 1660 687 1688 cum
709 1649 814 1689 bina
836 1648 1000 1688 ducum
1018 1648 1189 1689 cervice
1211 1648 1395 1688 redirent

847 1749 992 1782 NOTAE

239 1818 303 1847 448
327 1816 419 1847 Mille
433 1816 505 1848 licet
520 1819 634 1848 mortes
649 1815 720 1846 hinc
734 1815 896 1853 indefati-

195 1866 290 1906 gent]
320 1866 443 1907 Papin.
468 1867 529 1899 lib.
556 1875 606 1898 lx.
643 1867 763 1897 ‘Mille
789 1867 897 1897 modis

198 1917 258 1947 leti
276 1917 415 1948 miseros
427 1926 516 1948 mors
529 1927 596 1948 una
608 1916 755 1957 fatigat-⁹
799 1915 897 1947 Idem

202 1975 253 1997 vr.
276 1967 284 1983 ‘
300 1967 395 1997 Mille
421 1972 520 1998 cavet
543 1968 653 2008 lapsas
670 1967 795 1998 circum
813 1976 899 1997 cava

200 2021 354 2057 tempora
372 2016 522 2049 monera.5
552 2018 703 2056 Prosper
719 2015 902 2057 Aquitani-

200 2076 282 2097 cus:
318 2071 327 2084 ‘
341 2067 437 2098 Mille
460 2067 567 2098 modis
591 2067 730 2098 miseros
745 2076 834 2097 mors
852 2076 903 2096 ra·

201 2116 254 2156 pit
270 2125 335 2146 una
351 2116 527 2147 homines.'

202 2166 299 2197 simul
317 2167 376 2197 leti
393 2166 524 2199 facies!

244 2219 309 2248 1¹49
332 2217 401 2248 Nec
406 2216 475 2255 jam
490 2217 668 2249 vulneribus
684 2220 789 2258 pateat
805 2216 902 2257 locus]

201 2267 259 2298 Sic
275 2265 363 2297 infra
378 2269 453 2298 777.
478 2267 487 2283 ‘
500 2277 542 2298 an
556 2271 698 2298 cunctos
716 2268 748 2298 in
763 2267 903 2298 vulnera

204 2321 382 2356 computet
405 2315 522 2348 artus.'
548 2316 650 2347 Ovid.
677 2325 733 2346 ln.
759 2316 901 2347 Metam.

203 2368 212 2384 ⁴
235 2366 313 2398 Jarn
342 2367 418 2397 loca
449 2366 641 2397 vulneribus
674 2366 822 2407 desunt,'
851 2376 903 2398 vr.

205 2418 214 2434 ‘
230 2417 304 2448 Nec
320 2417 499 2458 quicquam
517 2417 581 2447 nisi
593 2417 709 2448 vulnus
726 2416 825 2453 erat,’
842 2426 905 2448 xv.

203 2468 211 2483 ⁴
232 2476 400 2508 unumque
437 2473 512 2498 erat
549 2468 660 2499 omnia
690 2468 832 2508 vulnus,’
871 2469 903 2498 in

206 2518 302 2548 Ibin:
329 2518 460 2548 ‘Unum
485 2517 539 2558 qni
565 2523 636 2549 toto
664 2528 806 2559 corpore
834 2519 903 2549 vul-

205 2577 267 2598 nus
297 2567 394 2598 erat!
438 2568 527 2598 Illud
555 2568 671 2599 Ovidii
699 2570 801 2599 exiam
829 2573 902 2598 est:

205 2620 215 2636 ‘
231 2618 308 2650 Non
324 2618 428 2650 habet
445 2619 478 2650 in
495 2619 590 2650 nobis
604 2619 678 2659 jam
695 2629 782 2649 nova
803 2619 902 2658 plaga

205 2668 339 2700 locum-²
384 2669 540 2700 Lucanus
564 2670 714 2700 imitatur
741 2668 901 2700 Ovidium

206 2728 249 2751 n.
284 2721 292 2736 ‘
307 2724 507 2762 aequataque
545 2720 686 2750 vulnera
721 2717 904 2758 membris‚’

206 2778 257 2800 lx.
274 2769 402 2801 ‘totum
429 2773 482 2800 est
511 2779 571 2810 pro
596 2770 732 2800 vulnere
757 2767 906 2809 corpus!

206 2819 371 2860 Papinius
387 2820 490 2852 etiam
510 2829 543 2851 v.
569 2821 766 2860 ‘totumque
783 2819 815 2850 in
834 2820 903 2850 vul-

208 2878 289 2902 nere
304 2869 458 2911 corpus:'
489 2875 525 2902 et
546 2870 644 2902 Silius
667 2879 705 2901 x.
720 2870 811 2901 ‘tum
829 2874 902 2901 toto

571 2116 670 2147 Silius
695 2125 748 2148 ιν.
781 2117 790 2133 ⁴
806 2116 902 2147 Mille

950 1824 1095 1855 corpore
1113 1813 1260 1845 vulnus?

992 1868 1054 1897 453
1081 1866 1166 1901 Quos
1186 1867 1339 1905 nequeunt
1365 1864 1473 1904 armis,
1495 1873 1652 1895 armorum

949 1915 1233 1955 ponder-evincunt]
1257 1916 1386 1946 Lucan.
1398 1925 1449 1947 lv.
1467 1917 1476 1932 ‘
1491 1916 1652 1947 Telorum

951 1966 1065 1997 nimbo
1082 1967 1233 2007 peritura
1250 1971 1284 1997 et
1300 1966 1451 2006 pondere
1468 1965 1576 1997 ferri.’

993 2019 1057 2047 454
1085 2016 1225 2047 Ultorem
1242 2016 1375 2047 Phoebus
1399 2019 1583 2048 curvaverat
1600 2025 1653 2047 ar-

951 2065 1036 2105 cum]
1068 2065 1220 2105 Propter
1237 2066 1304 2097 loci
1320 2066 1519 2107 religionem
1537 2066 1653 2107 prof-a-

952 2121 1082 2148 natam.
1140 2115 1368 2147 Philostratus
1406 2115 1572 2147 Achillem
1610 2116 1653 2147 ab

955 2167 1113 2207 Apolline
1138 2170 1174 2197 et
1191 2166 1319 2197 Paride
1336 2165 1553 2197 interfectum
1570 2166 1653 2197 scri-

955 2216 1027 2255 bit;
1045 2216 1204 2255 Ovidius,
1228 2226 1247 2246 a
1266 2215 1415 2254 Paride3
1440 2215 1595 2255 Coimus,
1610 2215 1653 2246 ab

958 2265 1138 2306 Apolline3
1154 2266 1224 2296 Dio
1236 2265 1411 2305 Clirysost.
1427 2264 1468 2295 ab
1487 2265 1654 2296 Hectore.

953 2317 1042 2347 Vide
1074 2318 1174 2347 etiam
1205 2316 1381 2347 Libanium
1412 2315 1444 2345 in
1472 2314 1653 2356 vituperio

954 2367 1096 2398 Achillis
1114 2377 1147 2406 p.
1165 2369 1237 2397 101.

996 2420 1060 2448 456
1084 2416 1343 2454 Pacemsulmine
1358 2416 1482 2456 sanxit]
1513 2412 1654 2456 Apollo-

955 2467 1027 2497 dori
1049 2468 1081 2497 in
1108 2467 1174 2497 alia
1198 2475 1232 2496 re
1257 2466 1374 2497 similis
1397 2465 1489 2497 fictio
1509 2474 1550 2496 n.
1582 2465 1655 2497 Ζεὺς

952 2516 1018 2553 ἵησι
1045 2516 1142 2555 μέσον
1172 2516 1272 2546 αὐτῶν
1296 2514 1451 2556 κεραυνόν.
1496 2515 1655 2556 Hyginus

955 2566 1024 2599 fab,
1053 2571 1106 2598 31.
1139 2567 1302 2607 ‘Jupiter
1327 2568 1415 2598 inter
1440 2575 1499 2598 eos
1526 2566 1655 2599 fulmen

956 2617 1049 2648 misit
1066 2622 1164 2657 atque
1182 2617 1227 2647 ita
1243 2626 1301 2648 eos
1317 2615 1503 2648 distraxit.'

998 2671 1062 2699 459
1086 2668 1211 2698 Funera
1232 2668 1316 2698 nuda
1339 2666 1527 2705 Projecisset
1544 2667 1653 2708 atrox]

956 2718 1136 2759 Projicere
1153 2719 1325 2760 proprium
1342 2719 1404 2750 hac
1430 2719 1463 2749 in
1488 2728 1536 2755 re,
1552 2720 1654 2760 ἐκρίπ-

956 2771 1074 2800 τεσθαι.
1118 2768 1207 2799 Vide
1248 2768 1392 2801 Heraldi
1421 2768 1579 2801 Animae.
1611 2770 1654 2801 nd

956 2819 1180 2852 Iamblichum
1198 2821 1251 2851 10.
