1889 3194
563 375 626 404 DE
660 374 816 405 BELLO
849 372 1072 403 TROJANO
1107 372 1202 402 1113.
1237 373 1303 401 lV.

205 468 440 511 Defessum
460 469 677 519 excubiis,
696 472 856 510 teretes
874 467 1118 509 cumulatur
1134 467 1179 507 in
1193 471 1312 507 artus

1558 361 1644 403 473

1555 466 1639 506 150

204 535 378 576 Carnea
397 547 546 575 massa
566 539 753 584 tumens,
772 535 992 588 animique
1009 534 1160 575 ebullit
1176 533 1362 586 Erinnys

203 602 260 642 In
278 605 430 653 caput,
450 602 492 641 in
513 614 675 654 corpus
694 602 911 655 reliquum
928 613 938 640 ε
971 600 1148 641 livescit
1166 599 1363 640 inustum

205 667 468 719 Sanguineis
489 672 644 721 pectus
659 668 861 717 maculis,
883 680 992 720 gena
1012 667 1207 720 disputat
1224 665 1395 719 hydris,

206 734 384 775 Indicio
406 734 554 787 pejore
574 734 741 784 virens,
762 738 805 776 et
823 735 980 775 mentis
1000 733 1180 774 anhelas

205 799 435 841 Accusant
453 801 592 841 furias
612 800 825 841 flammati
846 799 1051 841 incendia
1071 799 1217 840 crinis.

1558 798 1643 838 155

266 867 320 907 In
340 867 532 907 medium
550 866 712 908 librata
731 871 894 908 statum
916 866 1081 906 Briseis
1101 865 1261 906 heriles

211 932 381 974 Promit
401 933 444 973 in
466 932 670 974 affectum
692 934 854 983 vultus,
872 933 1057 974 nodatur
1074 933 1120 972 in
1137 944 1291 985 aequos

207 999 423 1040 Planities
440 1001 595 1040 crinita
615 999 753 1050 sinus,
772 1001 1025 1052 umbraeque
1046 998 1225 1039 minoris

207 1066 413 1108 Delicias
433 1067 590 1107 oculus
607 1066 787 1119 junctos
812 1065 1044 1119 suspendit
1061 1065 1106 1104 in
1128 1069 1249 1106 artus
1268 1077 1279 1115 ;

207 1133 390 1174 Divitiis
411 1132 562 1174 formae
584 1136 755 1173 certant
774 1132 959 1185 insignia
976 1143 1162 1181 morum,

1565 1128 1650 1169 160

208 1198 372 1239 Sobria
389 1199 666 1252 simplicitas,
689 1199 826 1239 comis
847 1199 1004 1251 pudor,
1022 1197 1146 1238 arida
1167 1208 1393 1249 nunquam

211 1265 430 1306 Poscenti
451 1267 611 1319 pietas,
633 1269 674 1306 et
693 1265 816 1305 fandi
835 1265 974 1318 gratia
994 1265 1122 1305 lenis.

266 1331 531 1385 Tyndaridis
553 1331 736 1383 geminis
758 1331 974 1383 geminum
993 1330 1115 1379 nihil,
1136 1330 1290 1370 unicus
1313 1330 1469 1370 ambos

211 1397 311 1438 Oris
325 1398 466 1439 honos
482 1398 617 1438 ambit
634 1411 644 1436 z
681 1398 839 1438 similis
855 1397 1055 1438 flavescit
1069 1397 1246 1448 utrique

210 1464 383 1505 Crinis:
417 1477 497 1518 par
517 1464 677 1505 hilares
698 1465 898 1516 augescit
916 1464 1040 1504 visus
1061 1463 1105 1503 in
1127 1463 1284 1502 orbes:

815 1579 932 1591 eeeeee

1571 1460 1655 1501 165

937 1578 1051 1590 eeeeee

252 1657 312 1686 155
339 1655 487 1686 Incusant
501 1655 568 1687 Ms.
582 1658 795 1696 marg—159
817 1654 920 1688 Arcus
935 1656 1202 1687 Dresem.—165
1228 1655 1325 1686 Risus
1340 1654 1429 1686 Edd.
1446 1652 1550 1685 Basil.
1566 1653 1656 1684 Mor.

212 1702 249 1730 et
265 1698 438 1739 Spondan.

868 1781 1007 1819 NOTAE

244 1859 307 1888 153
322 1857 410 1887 Genu
421 1856 561 1897 disputat
570 1856 691 1898 hydris]
701 1856 754 1888 Ad
766 1857 910 1888 colorem

212 1905 325 1938 refero
338 1905 466 1936 varium
478 1910 513 1937 et
525 1906 744 1946 contrarium,
761 1916 825 1947 quo
842 1916 911 1937 res-

212 1956 344 1996 piciunt
366 1955 436 1993 illa,
463 1955 616 1986 ‘Indicio
639 1956 758 1996 pejore
778 1956 912 1988 virens!

211 2005 330 2036 Plaut.
346 2004 380 2035 in
399 2004 589 2036 Menaechis
604 2015 612 2035 :
631 2006 641 2023 ‘
655 2005 780 2036 Viden'
795 2006 910 2037 oculos

211 2053 261 2085 illi
277 2054 388 2085 virere
401 2053 424 2084 ?’
462 2054 571 2085 Item:
596 2055 605 2071 ‘
618 2059 655 2086 ut
672 2055 788 2086 viridis
802 2056 910 2086 exori-

213 2107 270 2134 tur
285 2103 409 2134 color!'
431 2102 474 2134 de
498 2104 571 2143 illo,
601 2104 659 2145 qui
683 2105 846 2136 insaniam
869 2105 910 2136 si-

215 2153 377 2184 mulabat.
422 2152 478 2183 Ita
503 2153 620 2184 Graeci
640 2153 765 2193 χλωρὸν
779 2154 912 2194 subpal-

213 2201 331 2240 lidum,
354 2202 571 2242 χλωροσαῦρα,
593 2203 681 2242 quod
699 2203 794 2243 Virg.
809 2203 819 2219 ‘
832 2203 913 2233 viri-

214 2250 267 2280 dis
283 2250 436 2281 lacerta!
471 2249 559 2281 Vide
574 2251 721 2281 Turneb.
736 2260 844 2282 xvn1.
860 2254 911 2283 15.

217 2298 320 2331 Ovid.
346 2308 388 2329 11.
414 2298 558 2329 Metam.
578 2300 588 2315 ‘
604 2299 752 2330 Pectora
767 2300 848 2331 felle
865 2301 912 2330 vi-

217 2352 307 2387 rent,
323 2357 415 2378 mens
431 2352 485 2378 est
506 2346 634 2379 infecta
649 2348 802 2380 veneno.'
844 2350 912 2380 Ex-

216 2407 306 2438 pono
333 2397 377 2428 de
407 2395 547 2437 invidia,
578 2406 639 2437 per
667 2407 766 2438 quam
793 2399 912 2438 optimi

217 2456 350 2488 quoque
367 2446 408 2477 ab
425 2446 584 2487 improbis
598 2448 692 2487 quasi
708 2447 914 2488 exprobrau-

217 2501 271 2528 tes
298 2497 520 2537 aspiciuntur,
544 2500 582 2527 ut
609 2497 657 2527 ait
679 2497 840 2537 Sulpitius
855 2498 915 2528 Se-

217 2555 318 2577 verus
344 2554 387 2577 11.
431 2545 532 2576 Silius
558 2553 613 2577 1x.
641 2546 684 2577 de
713 2547 831 2578 eadem
857 2557 914 2579 re:

216 2600 226 2615 ⁸
247 2596 397 2637 Agnovit
436 2596 612 2637 juvenem,
653 2596 915 2639 scintillavitque

218 2646 369 2678 cruentis
386 2645 444 2676 Ira
459 2645 580 2685 genis)
621 2645 630 2663 ‘
649 2646 861 2688 Disputare,'
878 2652 916 2679 ut

218 2696 266 2727 nit
281 2695 422 2734 Varr0,‘
434 2695 558 2727 dicitur
574 2704 696 2733 sermo,
711 2697 742 2727 in
755 2707 820 2738 quo
834 2707 916 2737 pura

219 2749 445 2788 disponuntur
471 2746 588 2786 verba,
611 2756 653 2777 ne
674 2747 719 2778 sit
745 2748 916 2784 confusus,

219 2803 322 2838 atque
347 2801 384 2828 ut
409 2795 585 2835 diluceat‚’
607 2805 642 2829 V.
661 2796 704 2827 de
719 2797 836 2836 lingua
851 2797 915 2828 La-

218 2847 302 2878 tina.
348 2847 478 2878 Noster
493 2845 633 2877 verbum
655 2846 738 2877 illud
765 2846 808 2877 ad
833 2856 915 2887 pug-

219 2907 296 2929 nam
323 2897 486 2939 applicat,
512 2899 550 2927 ut
576 2904 612 2927 V.
645 2899 654 2913 ‘
671 2895 759 2927 nudo
783 2896 914 2927 Troilus

965 1866 1045 1888 ense
1065 1855 1254 1897 Disputat)

1008 1909 1070 1938 156
1084 1907 1204 1938 Bm'sez's
1215 1906 1328 1938 heriles
1339 1905 1463 1937 Premit
1470 1905 1502 1936 in
1514 1904 1661 1946 affectum

964 1955 1082 1996 vultus]
1113 1957 1254 1992 Briseis,
1272 1961 1309 1987 ut
1327 1957 1496 1987 Cornutus
1513 1955 1597 1993 vult,
1611 1954 1661 1984 di-

964 2005 1053 2036 citur
1067 2005 1164 2047 quasi
1190 2006 1338 2037 Briteis:
1362 2003 1453 2045 βριτὺ
1475 2005 1563 2035 enim
1580 2003 1662 2035 Cre·

965 2056 1117 2086 tensibns
1133 2059 1185 2087 est
1201 2055 1313 2094 dulce,
1329 2055 1417 2085 unde
1434 2052 1662 2091 Britomartis,

966 2104 1014 2134 ait
1030 2105 1338 2144 Solinus,sermone
1353 2107 1469 2134 nostro
1483 2106 1581 2133 sonat
1596 2101 1661 2132 vir-

965 2153 1074 2192 ginem
1089 2154 1233 2184 dulcem.
1266 2153 1356 2184 Vide
1370 2152 1605 2183 Casanbonum
1619 2150 1662 2182 ad

965 2202 1140 2232 Strabonis
1158 2202 1217 2233 lib.
1228 2210 1265 2234 x.
1280 2207 1290 2220 ‘
1303 2202 1441 2232 Vultum
1453 2202 1486 2232 in
1501 2199 1663 2232 affectum

967 2260 1124 2290 promere
1136 2250 1145 2263 ’
1182 2255 1235 2282 est
1264 2250 1305 2282 ad
1340 2250 1438 2281 πάθος
1465 2251 1635 2290 prolicere
1653 2259 1663 2280 ι

967 2300 1057 2331 unde
1082 2300 1173 2340 κόρας
1199 2302 1297 2340 κορῶν
1322 2298 1498 2339 ἀλγηδόνας
1525 2298 1663 2330 dicebat

967 2348 1165 2380 Alexander
1180 2349 1335 2380 Macedo.

1010 2401 1071 2430 163
1107 2398 1295 2439 Tyndaridis
1328 2398 1464 2437 geminis
1496 2397 1666 2436 geminum,

966 2449 1036 2489 ssa]
1070 2447 1167 2479 Adeo
1195 2448 1319 2478 similes
1345 2448 1405 2478 hos
1432 2446 1535 2478 fuisse
1563 2451 1665 2486 putat

968 2497 1138 2537 Vitellios,
1160 2502 1198 2528 ut
1217 2506 1284 2527 non
1300 2496 1439 2536 duplex,
1455 2505 1520 2526 nou
1536 2495 1664 2536 similis,

969 2546 1029 2578 sed
1046 2556 1111 2577 una
1130 2550 1166 2577 et
1189 2545 1308 2576 eadem
1333 2544 1463 2575 duobus
1486 2544 1589 2575 fuerit
1615 2543 1664 2575 fa-

969 2597 1052 2636 cies,
1069 2601 1106 2628 ut
1119 2596 1169 2627 illi
1184 2595 1273 2635 apud
1289 2594 1411 2635 Papin.
1424 2603 1459 2625 v.
1472 2593 1576 2624 Theb.
1588 2596 1666 2625 43⁷.

969 2646 978 2662 ‘
992 2646 1050 2685 qui
1067 2644 1220 2684 ambiguo
1233 2644 1322 2674 visus
1343 2651 1457 2673 errore
1472 2642 1667 2675 lacessunt!

969 2694 1064 2734 Virg.
1093 2693 1196 2724 etiam
1225 2691 1267 2722 de
1305 2695 1401 2722 tauta
1435 2690 1669 2731 similitudine,

969 2746 979 2763 ‘
992 2750 1176 2786 gratusque
1189 2743 1387 2784 parentibus
1398 2741 1517 2773 error!
1547 2741 1665 2774 Claud.

970 2796 1011 2827 de
1027 2796 1168 2827 iisdem:
1182 2795 1300 2835 ‘juvat
1314 2794 1387 2834 ipse
1402 2793 1587 2824 Tonantem
1604 2793 1665 2823 Er—

969 2847 1048 2886 ror‚'
1070 2856 1120 2878 iv.
1147 2847 1325 2878 Constant.
1348 2844 1504 2884 Honorii,
1518 2853 1570 2876 vs.
1590 2847 1667 2877 210.

971 2897 1100 2928 Noster
1116 2905 1156 2928 11.
1181 2898 1254 2927 176.
1277 2895 1442 2926 ‘noverat
1467 2894 1553 2925 alter
1579 2893 1665 2926 Cum
