1889 3194
241 321 325 363 488

759 331 961 362 JOSEPHI
994 330 1159 362 ISCANI

242 426 529 467 Praedaturus
550 437 676 478 agros
695 438 706 467 :
736 425 954 467 venientia
973 424 1092 465 bella
1112 422 1275 465 Caicus

242 493 419 542 Horret,
439 496 482 533 et
501 492 544 533 in
565 505 696 534 voces
717 496 847 533 cantu
868 490 1074 532 stridente
1095 491 1300 530 remissas

240 559 420 612 Plangit
439 558 641 600 alumnus
661 559 777 600 olor:
807 557 1079 610 peregrinum
1101 556 1300 598 Naiades
1319 556 1489 598 hostem

1592 557 1676 599 360

240 625 347 667 Non
369 638 490 666 ausae
511 625 690 674 vidisse,
713 625 877 672 timent,
899 626 1103 676 tutasque
1125 623 1209 663 sub
1227 622 1357 664 undis

238 691 465 733 Venantur
485 691 729 745 lacrymas:
759 689 978 744 pecudum
998 689 1181 731 lascivia
1205 693 1364 736 cessat,

239 758 269 798 J
273 771 343 799 am
364 758 560 799 studiosa
579 758 722 798 minus
752 759 794 797 et
811 756 947 805 floris,
966 759 1009 797 et
1029 755 1170 796 amnis
1189 761 1234 796 et
1253 757 1443 798 umbrae:

240 824 420 877 Quippe
440 824 568 864 ferox
588 824 734 872 urbeS,
750 823 928 872 fluvios,
943 827 985 863 et
1005 822 1173 876 pabula
1193 823 1340 863 turbat

239 890 449 931 AEacides
467 902 478 929 ε
508 891 669 943 rapitur
688 889 901 943 quicquid
923 889 995 931 vel
1015 889 1161 938 dulce,
1183 890 1253 929 vel
1273 901 1354 929 usu

1592 890 1677 931 365

239 957 483 1009 Egregium,
502 956 572 998 vel
595 956 740 997 Marte
756 956 937 1009 Juvans,
957 956 1029 996 vel
1050 968 1164 1008 pace
1184 955 1406 996 decorum.

239 1023 435 1064 Cultores
448 1024 557 1077 juga
578 1027 733 1076 questa
752 1024 907 1072 boves,
927 1022 1119 1075 fugiente
1140 1021 1297 1062 colono

237 1090 453 1131 Decisum
473 1090 685 1131 mirantur
699 1101 830 1142 opus,
850 1089 1058 1130 mirantur
1077 1089 1283 1129 abactum

238 1156 376 1209 Septa
395 1168 566 1210 gregem
583 1170 593 1197 :
623 1168 904 1210 quacumque
923 1169 1080 1209 vagum
1100 1156 1181 1196 fert
1198 1155 1389 1208 impetus
1408 1153 1594 1205 hostem,

238 1222 412 1272 Castra,
434 1235 569 1273 casae,
589 1223 718 1273 sulci,
739 1223 878 1276 sylvae
901 1225 1117 1263 testantur
1137 1220 1364 1263 Achillem.

1589 1221 1675 1263 370

293 1288 358 1329 At
377 1288 615 1339 Teuthras,
635 1293 874 1343 postquam
894 1288 1013 1329 bella
1032 1288 1350 1330 increbrescere
1370 1287 1516 1338 sentit,

237 1354 400 1396 civiles
421 1355 652 1397 miseratus
673 1368 798 1409 opes,
817 1360 862 1397 et
882 1355 1063 1396 numina
1083 1356 1196 1396 ruris

237 1421 292 1462 In
313 1421 509 1475 praedam
528 1423 715 1463 cessisse
732 1434 907 1470 novam,
930 1427 1059 1475 parat
1078 1435 1213 1473 arma,
1232 1421 1437 1464 cohortes

237 1488 433 1538 Excitat,
452 1490 495 1528 et
514 1489 617 1530 totis
638 1489 824 1530 occurrit
844 1489 1010 1529 viribus
1029 1488 1165 1530 hosti.

236 1554 448 1595 AEacides
468 1555 617 1596 oblata
636 1567 765 1596 novae
787 1555 1011 1608 praeconia
1032 1556 1192 1608 palmae

1588 1553 1674 1595 375

237 1620 456 1670 Laetatus,
474 1621 608 1662 variis
628 1622 814 1662 intentas
835 1621 1034 1674 raptibus
1051 1621 1145 1662 alas

238 1685 432 1738 Colligit,
450 1686 741 1740 hostilemque
762 1687 928 1728 addens
949 1687 993 1726 in
1014 1687 1148 1727 verba
1168 1686 1444 1736 cachinnum,

240 1753 406 1802 Sistite,
428 1752 505 1801 ait,
528 1753 730 1794 defensor
750 1753 900 1794 adest:
931 1765 1011 1794 nec
1032 1752 1171 1805 plura,
1192 1752 1407 1806 feroxque

239 1819 393 1860 Fertur
411 1819 457 1859 in
477 1818 705 1873 objectum
725 1819 883 1860 nimbis
903 1818 1125 1860 torrentior
1143 1818 1325 1867 hostem,

886 1969 1031 2001 NOTIE

279 2056 340 2085 357
376 2053 409 2084 It
426 2057 534 2084 eunuco
555 2054 661 2085 robore
679 2053 793 2084 Moesos
805 2053 926 2093 proeda·

236 2106 323 2134 turus
347 2104 456 2143 agros]
494 2102 629 2141 Melius,
661 2104 771 2141 juncto
808 2103 926 2133 robore.

234 2154 410 2194 Mysorum
450 2152 590 2183 Homer.
620 2152 661 2182 ΙΙ.
695 2155 732 2182 Ω.
765 2151 927 2183 meminit.

235 2203 463 2233 Philostratus
494 2201 721 2232 Protesilaum
751 2200 846 2231 addit
879 2199 925 2230 A·

236 2251 351 2290 chini;
371 2250 624 2291 Telephumque
645 2249 688 2281 ab
706 2249 838 2281 Achille
856 2251 925 2281 vul-

233 2305 413 2340 neratum;
444 2305 480 2332 et
505 2309 581 2341 quae
604 2300 711 2331 multa
729 2300 764 2331 in
791 2299 926 2331 fabulis.

234 2350 331 2382 Idem
348 2351 478 2391 Mysos,
492 2350 627 2391 Lycios,
644 2355 678 2381 et
689 2350 831 2381 Paeonas
846 2349 926 2391 ἀριθ-

234 2401 292 2438 μοῦ
315 2400 405 2431 ἕνεκα
429 2400 471 2431 ad
497 2400 638 2441 Trojam
665 2400 798 2432 venisse
829 2400 927 2432 dicit.

234 2451 364 2481 Noster
374 2449 513 2481 Daretis
526 2453 628 2481 vento
641 2449 800 2490 navigat:
816 2458 927 2491 neque

234 2498 414 2530 fluviorum
433 2503 470 2530 et
484 2498 658 2539 regionum
673 2499 927 2530 enumeratione

234 2549 282 2579 illi
303 2558 379 2580 cum
401 2549 590 2580 Ptolomaeo
606 2557 642 2580 v·
656 2548 783 2589 Geogr.
801 2551 832 2579 2.
848 2558 924 2580 con-

237 2599 339 2630 venit.
373 2598 494 2630 Vibius
512 2599 693 2639 Sequester
708 2608 783 2630 cum
801 2599 928 2630 Nostro

235 2647 373 2678 Caicum
389 2647 511 2688 Mysiae
523 2646 605 2679 facit
616 2645 767 2682 fluvium,
781 2647 867 2679 libro
883 2647 927 2679 de

235 2695 362 2727 flumin.
377 2706 410 2737 p.
426 2699 500 2728 105.

278 2748 340 2776 359
356 2747 400 2777 Et
414 2747 447 2777 in
457 2756 542 2778 voces
553 2749 646 2778 cantu
656 2746 805 2779 stridente
817 2747 926 2779 remis-

234 2803 284 2824 sas
300 2795 431 2834 Plangit
444 2797 584 2828 alumnus
598 2796 677 2837 olor]
708 2797 835 2828 Eadem
852 2796 927 2828 fere

234 2842 382 2883 loquitur
399 2844 627 2877 Nazianzenus
641 2845 684 2878 de
697 2851 798 2879 cantu
814 2846 927 2887 oloris,

981 2051 1080 2082 Orat.
1095 2059 1222 2082 xxxiv.
1239 2060 1271 2091 p.
1284 2054 1358 2082 554.
1371 2050 1426 2092 qui
1440 2049 1562 2082 fidicen
1575 2050 1671 2083 fune·

980 2100 1025 2131 ris
1048 2100 1122 2140 ipse
1147 2101 1197 2131 sui
1224 2110 1243 2131 a
1263 2100 1373 2140 poetis
1390 2100 1542 2141 fingitur,
1564 2105 1600 2133 et
1615 2103 1670 2133 cui

978 2159 1043 2181 non
1056 2151 1167 2182 dictus
1182 2149 1289 2190 Hylas
1301 2150 1314 2180 ἓ
1325 2150 1402 2189 soli,
1419 2150 1508 2191 quod
1521 2151 1602 2190 scio,
1614 2151 1670 2183 ΖΕ.

978 2200 1101 2239 lianus,
1113 2200 1182 2233 Jul.
1197 2200 1312 2231 Caesan·
1333 2200 1497 2240 Scaliger,
1517 2205 1553 2233 et
1569 2201 1672 2233 Bodi-

980 2259 1041 2282 nus
1065 2250 1119 2282 isti
1143 2250 1274 2288 naeniae,
1298 2259 1364 2280 non
1391 2250 1462 2280 sine
1485 2259 1596 2285 causa,
1616 2259 1673 2281 oc-

980 2303 1173 2331 centarunt.
1209 2297 1357 2329 ‘Voces'
1373 2307 1453 2329 vero
1473 2301 1482 2316 ‘
1497 2299 1673 2339 remissas(

981 2349 1029 2381 ait
1044 2354 1184 2390 propter
1199 2348 1351 2379 morituri
1364 2349 1501 2380 κυκνεῖον
1513 2348 1620 2387 μέλος.

1022 2401 1084 2430 367
1102 2399 1190 2437 Juga
1213 2400 1318 2438 questa
1336 2397 1440 2437 boves]
1473 2398 1671 2430 Queruntur

979 2448 1051 2489 agri
1080 2448 1122 2479 de
1143 2448 1235 2479 cultu
1260 2447 1460 2486 intermisso,
1483 2447 1572 2488 quod
1594 2456 1670 2479 cum

980 2501 1094 2530 essent
1109 2496 1287 2536 restibiles,
1300 2495 1384 2527 fiant
1399 2501 1571 2527 vervacta.
1611 2496 1672 2528 Se-

981 2547 1120 2589 quentia
1148 2546 1366 2577 declarantur
1393 2554 1456 2585 per
1486 2544 1671 2576 Philostra-

981 2601 1052 2629 tum
1067 2596 1102 2627 in
1118 2595 1289 2634 Heroicis,
1305 2604 1338 2634 p.
1354 2596 1428 2625 660.

1022 2649 1084 2678 371
1116 2644 1163 2676 At
1187 2642 1354 2683 Theutras]
1387 2643 1439 2673 De
1461 2641 1668 2675 Theutrante

979 2696 1058 2727 vide
1074 2695 1247 2737 Hyginum
1261 2692 1329 2724 fab.
1343 2695 1414 2723 100.
1435 2690 1591 2732 Apollod.
1609 2701 1665 2725 ιη.

979 2756 1014 2787 p.
1038 2748 1110 2778 166.
1134 2743 1283 2785 inprimis
1303 2741 1501 2775 Strabonem
1528 2749 1611 2773 xm.
1633 2753 1667 2783 p.

979 2798 1055 2828 423.
1077 2798 1113 2826 et
1127 2792 1347 2826 Plutarchum
1363 2790 1477 2822 libello
1493 2791 1535 2823 de
1558 2790 1666 2824 flumi-

980 2846 1078 2880 nibus
1101 2844 1135 2876 in
1159 2844 1169 2861 ‘
1183 2840 1316 2875 Caicus’
1333 2850 1367 2882 p.
1381 2842 1434 2872 ⁷2.
