1889 3194
533 299 594 329 DE
628 299 783 330 BELLo
816 297 1041 329 TROJANO
1074 299 1169 328 ΜΒ.
1204 299 1234 329 1.
1519 288 1604 329 395

160 394 464 447 Thoracisque
483 407 644 440 moras,
665 394 898 448 clypeique
918 393 1197 434 umbramina
1216 393 1375 446 raptim

160 461 385 514 Dissipat,
408 466 542 514 atque
563 462 752 501 animam
775 465 844 500 tot
864 459 1167 500 defensoribus
1188 472 1316 500 usam

162 527 310 572 Elicit,
331 532 374 568 et
393 528 574 581 Stygios
586 527 718 580 jubet
735 527 948 580 irrupisse
969 527 1176 567 Penates.

164 593 240 633 Fit
258 593 363 646 suga
385 594 684 634 Dardanidum
706 597 900 634 mactato
921 593 1145 646 principe:
1176 596 1223 633 at
1242 591 1380 632 hostis

165 659 333 700 Civiles
353 660 574 713 praedatur
595 672 728 713 opes:
760 672 861 713 pars
881 658 1077 700 caedibus
1098 659 1185 699 iras

165 726 412 767 Innumeris
434 727 615 779 explere
638 727 760 768 sitit:
790 739 881 767 vox
903 727 1021 778 regia
1041 725 1223 767 tandem

165 792 371 845 Castigat
389 794 571 846 rapidos
591 795 748 835 Danao
770 799 998 847 grassante
1020 793 1249 834 tumultus.

224 858 415 909 Parcite,
433 861 626 901 victores
645 861 807 910 Danai,
827 860 1098 914 compescite
1121 859 1328 901 dextras:

166 925 290 967 Labe
311 927 407 979 pari
429 931 599 979 peccat,
620 928 784 980 pariter
804 927 994 968 crudelis
1013 932 1198 981 uterque

169 992 260 1043 Qui
279 993 463 1043 cunctis,
483 997 526 1034 et
544 995 679 1036 nulli:
710 995 872 1036 nobilis
892 994 957 1035 ira
978 998 1048 1035 est

169 1060 293 1102 Citra
312 1060 419 1101 iram
443 1061 600 1113 punire
621 1075 747 1103 reos:
772 1062 868 1116 jam
889 1061 1020 1115 copia
1038 1062 1173 1114 regni,

169 1126 289 1167 Urbs
310 1127 485 1177 cecidit,
507 1129 645 1170 cessit
663 1129 806 1169 hostis
824 1142 834 1170 :
866 1141 1071 1181 caesoque
1090 1131 1292 1182 tyranno,

169 1193 236 1234 Ut
252 1193 424 1235 miseris
444 1194 614 1245 faciles,
637 1195 870 1237 Graiorum
893 1194 1101 1248 exempla
1119 1195 1278 1243 secuti,

168 1259 283 1300 Esse
305 1259 507 1314 Phryges
527 1262 712 1312 discant,
734 1262 890 1303 damus
910 1262 1022 1302 ultro
1043 1273 1143 1301 rura
1163 1260 1336 1307 colono,

171 1325 332 1368 Castra
350 1327 471 1377 viris,
490 1333 672 1382 pontum
692 1329 852 1378 nautis,
873 1332 917 1370 et
937 1327 1111 1369 civibus
1130 1327 1297 1375 urbem,

170 1391 233 1433 At
254 1399 408 1446 pereat
428 1393 524 1435 dira
544 1395 581 1435 si
603 1397 703 1448 quis
726 1395 781 1436 de
799 1396 933 1448 stirpe
954 1397 1202 1447 superstes;

172 1459 306 1500 Hanc
327 1460 535 1512 quoniam
556 1460 695 1501 delere
710 1461 854 1514 juvat.
913 1461 988 1501 Sic
1008 1459 1136 1509 fatur,
1158 1462 1201 1500 et
1222 1471 1329 1500 ecce

170 1524 422 1578 Amphitus,
443 1526 729 1580 Hysiphilus‚
751 1526 1020 1574 Volcontus,
1038 1530 1082 1566 et
1100 1525 1262 1579 inclyta
1282 1524 1409 1566 vultu

174 1591 386 1642 Hesione,
408 1593 541 1633 saevis
561 1593 698 1634 vincti
719 1597 820 1648 post
841 1598 962 1646 terga
983 1592 1154 1634 catenis

172 1657 426 1698 Traduntur
442 1658 632 1700 ducibus
651 1672 660 1700 :
692 1659 738 1700 hi
758 1659 854 1700 dira
873 1660 917 1700 in
937 1660 1092 1700 funera
1112 1658 1227 1711 rapti
1245 1671 1256 1709 ;

175 1724 309 1774 Haec,
331 1723 566 1774 Telamon,
587 1727 670 1767 tibi
692 1727 843 1781 praeda
864 1727 1004 1776 datur,
1026 1725 1145 1779 quod
1165 1725 1382 1777 Pergama
1401 1725 1554 1773 victor,

175 1789 310 1840 Quod
331 1793 448 1844 prior
469 1792 660 1833 effractis
675 1793 852 1834 facilem
873 1793 955 1834 das
970 1792 1174 1834 hostibus
1191 1792 1356 1833 urbem.
1542 1792 1625 1831 450

173 1856 304 1898 Ilicet
324 1857 522 1910 Argolici
541 1860 693 1912 praeda
713 1860 1000 1914 Hesioneque
1020 1859 1155 1913 potiti

176 1923 438 1965 Incumbunt
458 1925 634 1979 pelagO,
650 1926 906 1981 laurumque
927 1926 1097 1979 insigne
1120 1925 1329 1979 triumphi

1521 460 1605 500 430

1526 792 1611 832 4:35

1532 1126 1616 1167 440

784 2042 1025 2056 eeeeeeeeeeee

220 2119 285 2148 438
307 2118 420 2150 Parcit
435 2119 503 2150 Ms.
518 2128 628 2160 marg.
645 2119 765 2151 inserit
782 2124 858 2161 post
876 2120 950 2156 Qui.

835 2214 976 2246 NOTAE

179 2289 252 2317 tum
268 2285 397 2318 scribit.
430 2287 513 2318 Cum
529 2287 579 2319 his
596 2299 670 2329 quae
687 2299 730 2321 ex
745 2291 878 2322 Darete

180 2336 381 2367 transumsit
411 2336 498 2368 bene
530 2339 688 2370 convenit
710 2340 878 2376 omnibus,

181 2396 256 2427 quae
284 2387 430 2418 Messala
456 2388 622 2420 Corvinus
646 2389 690 2420 de
720 2391 879 2430 progenie

181 2436 331 2477 Augusti
355 2437 503 2478 scripsit,
525 2439 616 2479 quod
635 2440 738 2470 semel
754 2440 881 2471 dixisse

182 2486 265 2517 satis
282 2490 347 2517 est.

225 2539 289 2567 444
311 2536 359 2567 At
380 2539 489 2576 pereat
512 2536 583 2567 dira
605 2537 717 2578 siquis
733 2540 771 2569 de
783 2537 882 2578 stirpe

181 2585 351 2626 superstes]
375 2586 515 2616 Festus:
533 2586 542 2603 ‘
556 2586 672 2627 Diras,
688 2587 743 2619 dei
759 2588 809 2618 ira
825 2597 882 2619 na·

184 2634 261 2671 tus,'
280 2635 401 2672 ἀληθῶς
416 2634 459 2666 de
474 2635 542 2666 illa.

227 2687 291 2716 449
315 2685 406 2721 Haec,
422 2685 576 2725 Telamon,
586 2685 645 2716 tibi
656 2688 764 2726 praeda
776 2686 883 2727 datur]

185 2734 380 2773 Praemium,
395 2733 507 2775 ’γέρας-ι
524 2740 562 2767 ut
575 2735 725 2768 Arist.i11
741 2737 882 2768 Ethicis.

186 2784 357 2816 Pindarus
370 2785 468 2817 Nem.
484 2785 552 2817 Od.
566 2796 614 2817 ιν.
627 2785 785 2827 Apollod.
798 2796 837 2818 11.
848 2792 885 2818 et

188 2844 246 2867 111.
264 2837 421 2874 Τελαμῶνι
441 2835 595 2873 ἀριστεῖον
614 2836 757 2875 Ἡσιόνην
773 2836 886 2869 δίδωσι.

932 2288 1083 2329 Hesych.
1098 2286 1260 2328 ’γερούσιον
1271 2286 1310 2317 τὸ
1325 2288 1392 2318 τοῖς
1404 2286 1536 2325 ἐντίμως
1553 2288 1632 2319 κατὰ

931 2339 1024 2380 ’γέρας
1040 2338 1203 2377 διδόμενον.
1233 2337 1322 2369 Vide
1336 2337 1470 2368 Heinsii
1484 2341 1581 2369 notas
1598 2339 1631 2369 in

933 2389 1049 2420 Silium
1066 2398 1092 2419 1.
1118 2386 1233 2419 Graeci
1249 2395 1340 2426 saepe
1356 2385 1566 2426 conjungunt
1580 2387 1633 2426 γέ·

933 2450 989 2478 ρας
1004 2437 1166 2478 ἐξαίρετον.
1210 2436 1310 2466 Philo
1327 2444 1353 2466 1.
1378 2435 1422 2465 de
1438 2435 1506 2466 vita
1523 2436 1632 2468 Mosis

934 2490 1010 2519 491.
1031 2486 1126 2528 ’γέρας
1148 2484 1302 2525 ἐξαίρετον
1322 2483 1341 2521 ἦ
1365 2483 1430 2524 ἱερὰ
1445 2484 1578 2523 ἑβδομὰς
1592 2485 1634 2516 εἶ-

935 2549 1006 2577 χεν,
1029 2543 1064 2568 et
1077 2536 1156 2568 alibi
1172 2544 1274 2575 saepe.
1310 2534 1366 2565 lta
1383 2534 1497 2565 Latini
1513 2537 1522 2552 ‘
1536 2545 1633 2567 exor-

936 2593 1005 2619 tem
1028 2584 1215 2618 honorem?
1258 2584 1355 2624 Virg.
1372 2584 1446 2615 AEn.
1462 2593 1512 2616 lv.
1540 2586 1550 2603 ‘
1563 2586 1634 2626 cly-

936 2647 1037 2679 peum
1054 2637 1242 2677 cristasque
1259 2639 1432 2666 comantes
1455 2636 1633 2677 Excipiam

937 2686 1047 2719 sorti!
1079 2686 1167 2718 Vide
1185 2685 1303 2726 Eurip.
1317 2685 1349 2716 in
1365 2685 1487 2717 Troad.
1505 2691 1540 2717 et
1554 2687 1635 2718 Vic-

937 2737 1061 2769 torium
1077 2737 1159 2767 Var.
1176 2736 1270 2767 Lect.
1285 2743 1393 2766 xxvr.
1405 2737 1435 2765 1.
1450 2735 1635 2776 Septimius

939 2787 1008 2826 ille,
1039 2786 1097 2828 qui
1128 2786 1258 2825 Dictyn
1287 2785 1487 2816 Cretensem
1517 2785 1636 2822 vertit,

940 2838 949 2856 ⁴
963 2846 1082 2869 munus
1098 2840 1197 2868 extra
1211 2833 1382 2867 ordinem’
1400 2833 1561 2866 nominat.
