1889 3194
634 341 695 368 DE
728 341 882 369 BELLO
914 340 1140 370 'rROJANo
1178 339 1270 370 [AB.
1307 340 1370 369 Vl.

1623 327 1707 368 553

256 434 482 486 Virgineas
505 434 643 474 donec
667 434 843 475 Priamo
864 433 1029 487 peltata
1052 434 1257 486 bipennes

255 501 537 542 Penthesilea
552 505 714 550 movet,
735 501 830 542 haec
853 501 1038 553 integrat
1058 513 1192 550 arma,
1215 500 1425 542 cohortes

258 568 435 618 ffirmat,
455 568 744 621 bellatrixque
767 568 868 608 viris
886 567 960 608 dat
978 567 1157 608 foemina
1180 567 1306 608 vires.

252 634 513 675 Panduntur
532 639 688 689 portae,
709 634 976 687 refugosque
995 635 1040 674 in
1062 638 1208 676 castra
1230 634 1452 688 Pelasgos

253 701 389 742 Pellit
409 714 558 754 agens,
572 702 739 756 jugulis
759 701 948 754 gladios,
970 702 1178 742 incendia
1199 702 1311 743 velis

1613 703 1698 744 570

252 768 485 810 Destinat:
516 770 747 810 excutiens
767 769 966 822 Tydides
989 782 1098 810 unus
1120 776 1368 824 utrumque,

251 834 423 876 Clarius
444 836 487 876 in
508 835 640 876 nullis
662 835 883 888 expressit
902 834 1055 889 Tydea
1075 836 1217 878 bellis.

307 901 426 943 Ecce
450 901 776 955 Neoptolemus
798 902 910 943 dena
933 903 1054 943 subit
1068 902 1246 957 hospita
1268 905 1372 958 pinu

249 968 431 1022 AEgaeas
452 982 710 1023 permensus
732 982 900 1023 aquas:
932 970 1034 1024 quis
1056 972 1212 1024 praelia
1227 972 1332 1013 fatis

250 1035 484 1077 Fortunam
503 1036 685 1077 miscere
707 1037 865 1089 neget?
897 1037 1004 1077 dant
1026 1037 1121 1079 fata
1137 1038 1341 1091 Pelasgis

1612 1039 1698 1080 575

250 1102 478 1155 Pyrrhum,
499 1103 576 1144 dat
596 1103 830 1157 Scythicas
844 1103 1050 1157 Phrygiis
1066 1105 1236 1146 fortuna
1258 1110 1475 1146 catervas.

250 1169 509 1211 Prodierant
529 1170 574 1210 in
596 1171 712 1212 bella
733 1183 876 1224 pares,
898 1172 1017 1213 stetit
1040 1172 1142 1213 inde
1164 1172 1405 1225 Pelasgum

247 1236 299 1277 In
320 1250 483 1277 cuneos
505 1238 689 1279 collecta
709 1239 842 1288 acies,
863 1239 962 1279 hinc
980 1240 1143 1293 virgine
1165 1241 1307 1280 mixta

247 1302 384 1358 Troja
402 1303 623 1358 frequens,
643 1306 859 1359 utrimque
881 1306 990 1347 Dei:
1016 1319 1096 1348 sua
1116 1307 1302 1360 quisque
1322 1312 1527 1349 coruscat

847 1423 884 1435 ‘6
890 1423 1045 1435 “one“
1051 1423 1086 1435 ‘O

288 1490 350 1519 573
374 1485 491 1520 Hostia
508 1488 595 1520 Edd.
611 1488 702 1520 Mor.
722 1493 757 1521 et
774 1488 949 1530 Spondan.

907 1597 1052 1629 NOTAE

286 1672 350 1702 566
363 1670 493 1702 Petraea
508 1669 653 1711 bipennes
666 1671 864 1703 Penthesilea
879 1682 943 1703 mo-

242 1719 308 1760 vet]
323 1719 526 1758 Amazones,
538 1721 584 1751 ait
599 1721 754 1753 Justinns
771 1731 813 1752 ex
830 1722 942 1762 Trogo

242 1777 299 1801 ln.
323 1771 332 1787 ‘
350 1770 479 1810 majore
500 1775 598 1811 parte
615 1771 761 1812 Europae
786 1772 942 1811 subacta,

246 1818 334 1850 Asiae
351 1829 484 1860 quoque
509 1821 685 1852 nonnullas
710 1827 825 1862 partes
841 1832 941 1853 occu-

242 1868 391 1909 pavere-¹
435 1870 552 1901 Caesar
567 1871 656 1912 apud
675 1873 871 1904 Suetonium
888 1876 942 1904 22.

243 1921 301 1959 ait,
318 1921 391 1952 illas
413 1921 423 1938 ‘
440 1931 595 1962 magnam
615 1922 706 1953 Asiae
730 1927 862 1962 partem
890 1928 941 1954 te-

240 1970 379 2010 nuisse,’
393 1971 481 2013 quod
495 1972 714 2003 Casaubonus
728 1973 770 2003 de
783 1973 864 2004 Asia
880 1973 940 2003 mi·

242 2029 324 2051 nore
348 2021 522 2061 intelligit.
566 2023 575 2039 ⁴
593 2021 734 2062 Libyam
761 2022 864 2052 etiam
889 2027 939 2053 te-

240 2070 378 2110 nuisse,'
395 2071 565 2102 Diodorus
589 2076 622 2101 et
646 2071 825 2112 Dionysius
843 2072 938 2103 Hali-

243 2128 311 2151 car.
323 2125 478 2150 auctores
494 2126 570 2151 sunt
582 2130 591 2158 ;
604 2130 678 2161 quae
694 2121 773 2152 inde
787 2121 938 2163 Libycae,

241 2173 280 2199 nt
303 2169 369 2199 illae
392 2169 548 2200 Ponticae
565 2169 682 2201 dictae.
727 2170 864 2201 Priamo
880 2180 937 2202 an-

240 2223 296 2249 tea
313 2218 436 2250 bellum
453 2219 655 2255 intulerunt,
672 2224 709 2251 ut
726 2230 768 2251 ex
784 2221 936 2253 Homero

241 2269 398 2310 illiusque
422 2270 614 2310 interprete
639 2269 711 2302 Jos.
730 2271 879 2311 Scaliger
894 2271 936 2302 ad

241 2320 426 2351 Eusebium
448 2322 542 2360 p.<l9.
555 2320 704 2360 colligit;
724 2321 801 2352 inde
812 2331 936 2362 suppe-

240 2370 304 2401 tias
321 2370 482 2401 tulerunt.
501 2369 766 2401 Atheniensibus
782 2371 897 2407 etiam,
908 2371 935 2402 si

240 2432 307 2454 non
337 2422 401 2453 toti
433 2422 576 2453 Graeciae
612 2421 742 2461 infesti,
773 2422 862 2464 quod
892 2433 935 2453 ex

241 2471 454 2512 Panegyrico
472 2471 634 2503 Isocratis
649 2478 805 2512 apparet,
821 2478 857 2504 et
873 2474 936 2512 Ly-

239 2522 299 2552 siae
324 2520 490 2553 Oratione
519 2520 633 2552 funeb.
667 2522 808 2553 Senecae
834 2523 936 2554 etiam

239 2571 432 2612 Hippolyto
449 2581 480 2611 p.
499 2573 572 2602 117.
593 2571 674 2602 item
693 2571 865 2611 Stephano
882 2573 936 2603 De

237 2622 377 2654 urbibus
393 2622 426 2652 in
437 2619 655 2659 Ἀμαζόνιονεῐ
665 2619 838 2660 Ἀμαζόνες.
864 2622 937 2653 Imo

239 2672 384 2703 Athenae
401 2671 443 2701 ab
466 2671 548 2711 ipsis
572 2675 762 2711 occupatae,
784 2670 936 2712 Areopa-

239 2734 301 2764 gus
318 2724 351 2754 in
364 2723 524 2754 honorem
539 2722 830 2761 Martis‚auctoris
843 2731 936 2753 nem-

238 2784 283 2815 pe
304 2772 452 2814 generis,
467 2772 556 2813 quod
573 2772 773 2813 Lycophron
792 2773 874 2811 vult,
899 2777 936 2804 et

239 2824 396 2855 Valerius
424 2823 582 2861 Flaccus,
616 2822 772 2854 conditus
801 2822 842 2853 ab
865 2823 933 2854 illis

240 2872 468 2914 viraginibus:
492 2872 526 2904 id
551 2881 630 2903 vero
656 2871 805 2913 AEschyli
830 2872 932 2903 versi—

994 1673 1056 1704 bus
1074 1672 1248 1713 colligitur
1269 1681 1292 1704 ι.
1317 1675 1369 1705 30.
1395 1683 1412 1704 a
1437 1673 1534 1705 nobis
1566 1674 1693 1706 citatis.

992 1723 1129 1754 Eaedem
1141 1723 1325 1764 Ephesum,
1337 1724 1526 1764 Smyrnam,
1536 1724 1691 1765 Cumam,

994 1774 1177 1815 pluresque
1194 1775 1350 1805 civitates
1367 1774 1562 1807 condidere.
1601 1775 1691 1807 Vide

994 1824 1195 1854 Strabonem
1211 1832 1235 1854 1.
1253 1833 1286 1864 p.
1301 1826 1375 1861 348,
1390 1826 1455 1855 &c.
1472 1832 1543 1856 xri.
1570 1834 1602 1865 p.
1618 1827 1692 1857 380.

992 1873 1048 1913 qui
1062 1879 1173 1904 tamen
1187 1879 1289 1913 negat
1301 1874 1374 1905 illas
1383 1874 1520 1906 Priamo
1530 1875 1690 1906 auxilium

993 1923 1130 1954 tulisse:
1155 1924 1244 1964 quod
1261 1930 1297 1955 et
1313 1925 1537 1956 Philostratus
1553 1923 1638 1957 facit
1655 1925 1689 1956 in

993 1972 1131 2004 Heroic.
1140 1976 1248 2013 p.725.
1259 1979 1294 2005 et
1304 1974 1534 2015 Palaephatus.
1543 1975 1690 2006 Causam

994 2032 1097 2061 quare
1110 2023 1330 2054 Penthesilea
1342 2025 1535 2064 accesserit,
1546 2024 1688 2056 Cointus

991 2071 1184 2112 Smyrnaeus
1199 2072 1314 2113 affert,
1325 2073 1404 2114 quia
1412 2073 1626 2114 Hippolyten
1637 2084 1689 2106 so-

992 2130 1100 2152 rorem
1118 2122 1350 2162 insciajaculo
1365 2122 1399 2152 in
1416 2123 1594 2154 venatione
1608 2134 1689 2155 con-

990 2170 1134 2212 fecerat,
1162 2172 1252 2212 quod
1276 2172 1415 2212 expiare
1440 2173 1568 2204 caedem
1586 2174 1689 2206 caedi-

990 2221 1052 2253 bus
1065 2222 1220 2260 voluerit,
1234 2231 1257 2253 ι.
1272 2232 1303 2261 p.
1316 2225 1388 2254 130.
1401 2223 1593 2255 Duodecim
1609 2234 1688 2257 vero

992 2272 1161 2312 viragines
1182 2272 1230 2303 illi
1252 2273 1406 2313 adjungit
1423 2274 1688 2315 principes‚tot-

991 2320 1082 2351 idem
1109 2321 1279 2361 Hyginus,
1301 2321 1360 2352 sed
1383 2321 1458 2352 aliis
1484 2323 1686 2360 nominibus,

991 2369 1137 2402 fabum.
1154 2370 1242 2401 Vide
1253 2370 1407 2402 Curtium
1418 2371 1520 2403 etiam
1531 2372 1574 2404 de
1584 2373 1686 2404 Ama-

987 2429 1138 2452 zon.vr1.
1162 2419 1403 2460 Apollodorum
1421 2430 1461 2453 ιι.
1477 2431 1509 2463 p.
1520 2425 1574 2454 96.
1602 2423 1687 2454 Par-

988 2470 1136 2502 rhasium
1149 2471 1276 2511 sylloge
1288 2479 1339 2502 ιν.
1356 2480 1390 2511 p.
1407 2474 1480 2503 873.
1508 2473 1684 2505 Manasses

990 2520 1120 2555 scribit,
1157 2520 1329 2551 Priamum
1374 2521 1516 2552 Davidis
1558 2523 1683 2555 auxilia

990 2570 1116 2602 frustra
1133 2570 1344 2602 exambiisse.

1033 2623 1096 2651 568
1113 2620 1331 2660 Bellatrixque
1341 2620 1419 2651 viris
1433 2621 1487 2651 dat
1493 2621 1626 2659 foemina
1638 2624 1684 2655 vi-

989 2669 1054 2709 res]
1071 2670 1162 2701 Hinc
1180 2670 1319 2701 Cointus
1336 2670 1389 2700 vel
1410 2670 1558 2703 Quintus
1573 2673 1686 2714 Smyr-

990 2730 1082 2751 naeus
1098 2718 1418 2759 παραλειπόμεναειιᾶ
1433 2720 1576 2752 orditur.

1024 2772 1086 2802 573
1098 2770 1415 2810 EcceNeoptolemus]
1426 2771 1599 2804 Manasses
1608 2776 1682 2804 Kai-

988 2820 1200 2861 νοπτολέμονα
1215 2831 1257 2853 ex
1273 2824 1388 2861 etymo
1405 2826 1514 2855 vocat.
