1889 3194
586 313 648 345 DE
681 313 838 345 BELLO
870 313 1097 345 TROJANO
1130 314 1227 346 LIB.
1259 316 1329 347 vt.

1584 305 1669 347 573

220 407 302 450 Nil
322 407 452 449 bellis
474 411 673 462 questus,
692 409 757 450 nil
777 422 955 463 aequore
975 421 1137 464 passus
1157 407 1359 451 Atrides:

219 474 442 517 Victorem
457 475 663 529 jugulum
684 477 849 531 conjux
871 480 1008 527 secat,
1029 476 1163 518 audet
1184 477 1353 518 adulter

219 541 405 584 Insidiis
425 549 621 584 mactare
643 543 798 585 ducem
818 558 828 585 :
859 544 1087 598 tristisque
1108 557 1284 585 reverso

221 609 396 662 AEgiale
417 609 635 651 Diomede
656 623 754 659 suo,
774 623 862 651 non
883 610 1049 660 oscula,
1069 610 1203 660 risus,

221 675 487 726 Blanditias,
509 677 585 717 sed
605 677 734 726 bella,
753 681 920 727 movet,
943 677 1200 731 similesque
1221 677 1435 719 tumultus

1587 677 1673 719 930

222 742 400 784 Molitae
420 742 656 796 Argolides
679 744 797 794 aliae,
818 744 888 784 vel
908 743 1063 785 fraude
1084 745 1265 785 maritos

223 808 482 863 Excipiunt,
503 811 578 851 vel
602 810 751 852 Marte
773 815 933 863 negant
952 811 1227 852 venientibus
1243 813 1388 853 urbes.

278 876 395 930 Ergo
413 878 491 918 ubi
512 877 776 932 Grajugenae
799 877 916 931 pulsi
937 878 1142 919 civilibus
1165 879 1299 920 armis

223 943 407 985 Cessere
425 945 586 995 exiliis,
608 950 653 986 et
671 945 884 987 devenere
906 944 1175 996 Corinthum,

224 1011 406 1065 Singula
426 1011 601 1053 collatis
622 1012 759 1053 ultum
782 1011 984 1053 convicia
1000 1012 1132 1052 bellis

1589 1014 1676 1056 935

224 1078 296 1120 lre
315 1082 494 1132 parant:
525 1078 731 1132 prohibet
753 1078 933 1128 Nestor,
953 1091 1198 1132 pacemque
1220 1091 1400 1120 suorum

225 1145 443 1187 Consultu
461 1146 635 1199 potiore
653 1146 789 1199 petit:
820 1158 950 1199 prece
970 1146 1146 1187 flectere
1167 1146 1304 1196 cives,

224 1211 332 1253 Non
354 1211 487 1253 armis
510 1216 676 1253 tentare
701 1217 875 1264 monet3
907 1225 962 1253 ne
982 1213 1161 1265 publica
1180 1214 1354 1264 damna,

224 1278 285 1320 Et
305 1291 435 1331 regno
457 1280 603 1332 pariat
621 1280 677 1320 lis
697 1279 903 1321 intestina
923 1280 1106 1321 ruinam.

284 1345 362 1386 Sic
383 1345 555 1387 damnis
575 1346 741 1387 bellum
759 1346 894 1387 nullis
915 1346 1044 1387 civile
1064 1351 1248 1400 soporat

1592 1348 1677 1390 940

225 1411 447 1466 Majestas
468 1412 646 1466 dignata
665 1425 845 1466 preces:
876 1416 919 1454 et
941 1412 1083 1454 Marte
1103 1413 1281 1467 sepulto

226 1478 478 1520 Foemineas
498 1492 585 1520 non
603 1492 742 1533 passa
761 1480 906 1529 tubas,
926 1479 1160 1533 pietasque
1180 1479 1376 1534 fidesque

224 1545 279 1587 In
299 1544 503 1587 dominos
523 1547 710 1601 antiqua
729 1546 857 1598 redit,
880 1559 962 1588 sua
983 1546 1166 1588 cuilibet
1183 1547 1294 1588 ultro

224 1612 391 1666 Regna
411 1618 564 1668 patent
585 1629 596 1662 3
627 1614 907 1668 patriamque
928 1614 1092 1655 Samon
1112 1613 1279 1655 delatus
1300 1612 1490 1667 Ulysses

225 1681 429 1722 Sirenum
451 1680 673 1731 modulos,
693 1681 895 1723 Siculum
915 1693 1048 1730 mare,
1072 1680 1296 1735 Monycha
1316 1693 1478 1734 passus

1592 1681 1680 1724 945

227 1747 459 1805 Hospitia,
483 1746 743 1801 Antiphatis
765 1761 960 1798 mensaS,
981 1753 1026 1789 et
1046 1748 1206 1802 pocula
1227 1746 1392 1798 Circes,

228 1812 458 1856 Dulichios
477 1814 657 1856 tandem
679 1814 790 1856 fines
811 1819 947 1865 tenet,
967 1815 1104 1869 inque
1124 1814 1312 1869 pudicas

830 1923 972 1935 &mm

271 1992 335 2022 927
359 1990 497 2031 AEquora
514 1988 601 2021 Edd.
616 1988 708 2021 Mor.
726 1994 762 2021 et
777 1989 950 2030 Spondan.

975 1923 1075 1936 meo

885 2108 1026 2141 NOTAE

273 2185 336 2214 927
365 2182 521 2215 Victorem
534 2182 686 2222 jugulum
700 2183 814 2222 conjux
827 2183 929 2224 secat]

232 2231 465 2272 Agamemnon
483 2238 535 2264 est
551 2233 713 2274 AEschyli,
733 2233 767 2264 in
791 2243 857 2276 qua
881 2238 931 2264 to-

231 2287 305 2314 tum
318 2283 488 2322 negotium
501 2281 589 2321 μάλα
604 2284 719 2314 δεινῶς.

275 2335 336 2364 941
355 2333 510 2372 Majestas
524 2333 655 2372 dignata
669 2332 788 2373 preces]
803 2332 931 2374 Operae

232 2382 381 2423 pretium
397 2391 526 2422 ponens
542 2382 576 2412 in
594 2382 765 2422 precibus,
781 2383 933 2414 summit-

233 2437 376 2474 tensque
388 2432 541 2464 modeste
554 2431 698 2463 fortunae
713 2431 838 2463 vexilla
852 2442 933 2473 snae,

233 2486 274 2514 ut
299 2482 445 2524 loquitur
473 2481 648 2523 Papinius.
692 2481 749 2512 Ita
770 2490 812 2512 11.
826 2481 931 2513 Theb.

233 2532 244 2550 ‘
261 2531 411 2564 Consilio
427 2531 567 2572 dignata
581 2530 713 2562 virum.'

277 2585 340 2614 945
364 2582 522 2623 Monycha
535 2590 644 2623 passus
657 2580 823 2621 Hospitia]
848 2579 930 2612 Phi·

234 2634 398 2666 lostratus
414 2633 448 2665 in
466 2633 619 2665 Heroicis
644 2641 775 2663 errores
800 2631 875 2662 illos
899 2635 934 2663 et

235 2684 340 2716 exilia
362 2688 505 2725 propter
527 2680 757 2718 Palamedem,
782 2690 846 2712 non
867 2682 934 2713 Po-

235 2734 444 2775 lyphemum,
482 2733 596 2774 Ulyssi
634 2731 844 2771 enaviganda
873 2733 933 2763 ait.

237 2785 396 2826 Illonycha
416 2792 498 2815 vero
514 2782 647 2823 hospitia
663 2782 699 2812 δι’
716 2779 936 2819 ἀντονομασίας

238 2836 391 2868 nominat
407 2834 464 2867 illa
479 2833 571 2873 ἄξενα
586 2832 742 2865 immania
755 2837 791 2866 et
801 2833 936 2874 sangui-

985 2192 1062 2218 nea,
1091 2193 1165 2225 quae
1194 2184 1335 2225 Ulysses
1362 2184 1456 2215 adiit.
1509 2183 1684 2224 Monychus

985 2242 1071 2264 unus
1088 2242 1130 2263 ex
1146 2233 1339 2269 Centauris,
1361 2233 1459 2274 cujus
1474 2233 1682 2264 mentionem

986 2281 1072 2312 facit
1102 2281 1204 2313 Ovid.
1231 2291 1299 2313 ΧΠ.
1326 2283 1468 2314 Metam.
1524 2282 1681 2313 Lucanus

989 2340 1040 2363 vr.
1064 2331 1187 2364 Juven.
1204 2341 1230 2364 1.
1275 2333 1414 2364 Frustra
1427 2332 1530 2373 igitur
1548 2330 1615 2363 fuit
1632 2333 1684 2362 vir

986 2379 1201 2412 doctissimus
1232 2380 1341 2413 Janus
1378 2380 1591 2419 Parrhasius,
1625 2380 1684 2421 qui

985 2431 1115 2463 Valerii
1155 2431 1271 2462 Flacci
1312 2430 1464 2462 versibus
1502 2430 1684 2462 aestiminm

986 2480 1066 2512 inde
1104 2481 1288 2521 promittit,
1321 2480 1413 2521 quod
1446 2480 1528 2512 illud
1561 2490 1684 2511 nomen

987 2540 1054 2562 non
1079 2530 1181 2563 facile
1205 2529 1296 2571 apud
1320 2531 1422 2562 alium
1445 2531 1496 2562 sui
1523 2529 1685 2570 temporis

987 2580 1125 2622 poetam
1150 2580 1355 2621 reperiatur,
1379 2580 1474 2622 Sylv.
1495 2589 1548 2612 ιν.
1571 2580 1639 2621 Ep.
1653 2582 1685 2611 2.

988 2640 1065 2662 cum
1089 2630 1193 2662 etiam
1217 2630 1282 2662 sibi
1316 2629 1542 2670 contradicat,
1564 2630 1685 2662 eodem

986 2679 1046 2712 lib.
1076 2680 1138 2721 Ep.
1164 2682 1195 2711 4.
1248 2680 1428 2712 Quomodo
1454 2689 1534 2712 vero
1563 2679 1685 2712 Poetae

988 2731 1125 2762 nomina
1147 2729 1420 2770 ἆντονομάζονται,
1447 2730 1525 2761 vide
1551 2730 1685 2771 prolixe

989 2779 1080 2822 apud
1095 2779 1284 2812 Meursium
1301 2779 1342 2810 ad
1361 2779 1576 2820 Lycophron.
1589 2781 1664 2811 176.

1032 2833 1096 2863 947
1133 2831 1229 2872 Inque
1266 2830 1395 2873 pudicas
1423 2831 1592 2873 Penelopes
1618 2835 1688 2872 post
