1889 3194
228 333 313 375 553

758 344 960 374 JOSEPHt
998 342 1161 372 lsCANl

231 438 464 481 Crudescit
482 437 583 479 ferri
604 438 747 479 rabies
765 449 775 477 ε
807 437 946 491 prima
965 436 1091 488 erigit
1113 435 1247 476 ictum

229 505 384 558 Virgo,
406 505 483 546 sed
504 505 639 558 raptis
662 505 844 557 obliquo
865 503 1039 545 vulnere
1060 502 1204 542 cristis

230 573 283 614 Iu
300 573 498 627 clypeum
522 571 754 612 descendit
774 571 894 619 ebur,
915 569 1148 621 medioque
1168 573 1396 620 retentum,

1589 569 1677 610 645

230 639 324 680 Vix
344 639 508 692 perfert
528 639 719 678 umbone
737 649 882 677 moras
900 649 909 677 :
934 636 1124 689 dumque
1145 636 1267 677 elicit
1287 650 1434 678 ensem

231 705 379 746 Altius
401 706 676 758 impressum,
697 705 855 746 laevam
876 716 1082 744 mucrone
1098 704 1307 757 papillam

229 772 508 823 Transadigit
528 772 748 825 Pyrrhus:
780 773 844 812 sic
870 771 1109 824 imperiosa
1129 771 1280 824 virago

232 838 498 890 Degladiata
518 839 624 879 ruit:
654 843 776 880 tanta
789 842 854 879 est
874 839 1115 879 reverentia
1135 851 1287 889 sexus,

233 906 440 946 Sidonias
456 906 499 946 in
523 919 646 946 crura
662 910 805 958 togas,
827 906 1099 958 sinuosaque
1119 909 1249 947 texta

1591 904 1677 946 650

233 971 430 1027 Colligit,
453 978 499 1014 et
520 973 704 1013 multum
727 972 831 1013 satis
852 973 965 1013 irata
986 973 1167 1014 fatiscit.

289 1039 361 1081 Fit
380 1040 482 1093 fuga
504 1039 822 1085 Dardanidum,
845 1041 1073 1081 turbantur
1093 1040 1362 1090 Amazones,
1384 1052 1500 1093 aeger

891 1139 1032 1171 NOTAE

274 1214 335 1244 645
363 1213 399 1244 In
415 1214 553 1254 clypeum
567 1213 722 1245 descendit
737 1212 827 1254 ebur]
850 1212 930 1244 Gla-

233 1260 318 1293 dius.
341 1262 428 1293 Vide
447 1272 483 1294 v.
502 1266 576 1294 190.

273 1315 335 1342 647
359 1312 487 1343 Laevam
498 1323 641 1344 mucrone
652 1314 803 1354 papillam
816 1313 930 1344 Trans-

233 1361 350 1401 udz'git]
385 1363 513 1394 Recte:
542 1363 631 1403 quod
657 1364 759 1394 etiam
788 1363 930 1395 Cointus

233 1411 316 1441 facit
335 1419 358 1442 1.
374 1421 406 1452 ρ.
421 1415 493 1444 166.
516 1413 626 1443 Dictae
637 1412 931 1452 εηίιῃἈμαζόνεςη

232 1458 343 1499 μαζὸς,
365 1461 460 1501 quasi
487 1461 666 1501 μονόμαζοι,
695 1462 748 1492 vel
771 1462 853 1503 παρὰ
873 1463 932 1493 τοῦ

230 1510 275 1548 μὴ
294 1511 426 1549 χρῆσθαι
446 1510 563 1550 μαζοῖς,
583 1511 690 1551 κρέασι
704 1511 748 1545 δέ.
772 1513 930 1544 Eustatlt.

236 1559 278 1590 ad
296 1560 339 1590 Il.
355 1564 389 1592 Γ.
404 1560 476 1592 τοὺς
491 1561 552 1602 ’γὰρ
565 1562 676 1600 δεξιοὺς
689 1562 802 1601 μαζοὺς
817 1562 900 1601 ἐξέθλ
907 1574 930 1592 ι-

233 1611 303 1646 βον,
318 1610 370 1641 ἵνα
389 1611 431 1649 μὴ
456 1611 635 1643 κωλύωνται
657 1612 838 1652 ἀκοντίζειν,
859 1613 932 1644 τοὺς

235 1658 268 1690 δὲ
305 1659 480 1700 ἀριστεροὺς
514 1662 592 1699 εἴων,
618 1663 669 1694 ἵνα
703 1662 857 1704 τρέφοιεν,
885 1663 933 1694 ait

237 1709 467 1749 Apollodorus
499 1720 539 1743 n.
566 1715 619 1743 96.
649 1713 737 1744 unde
767 1714 932 1749 Titianus,

236 1761 357 1791 Servio
367 1766 517 1798 auctore,
529 1767 538 1781 ‘
549 1763 765 1794 unimammas
774 1763 782 1777 '
791 1764 932 1795 vocavit.

277 1812 341 1841 648
365 1811 515 1843 Animosa
529 1813 638 1851 virago
647 1813 839 1852 Degladiata
852 1814 932 1854 ruit]

238 1861 365 1892 Καινῶς.
402 1861 412 1877 ‘
431 1863 614 1894 Exarmata
626 1862 634 1875 '
653 1869 798 1904 poterat.
840 1864 933 1894 'l'alis

236 1910 420 1949 καινολογία
436 1921 539 1943 arrnos
549 1913 690 1954 Josephi
706 1913 811 1944 nostri
829 1913 934 1954 loqui·

238 1966 313 1991 tur:
337 1959 494 1992 formavit
510 1966 622 1993 autem
639 1968 676 1994 ut
693 1965 702 1980 ‘
719 1963 880 1994 detitulo’
894 1972 935 1995 ιι.

238 2012 314 2041 349.
339 2010 395 2040 ubi
419 2011 515 2051 plura
539 2013 579 2042 ad
607 2013 693 2043 hanc
708 2011 872 2044 formam:
896 2019 935 2044 ut

238 2061 247 2077 ‘
265 2060 513 2100 discalceatus‚’
551 2066 560 2080 ‘
573 2063 789 2094 excalceatus
801 2063 809 2076 ’
844 2063 934 2103 apud

237 2109 433 2140 Suetonium
451 2114 484 2141 et
499 2111 663 2143 Senecam
679 2113 742 2152 Ep.
760 2115 812 2144 76.
835 2113 934 2144 Caro·

239 2159 290 2189 lus
306 2159 315 2176 ‘
330 2159 517 2198 digladiata
532 2160 552 2191 :⁹
573 2161 632 2192 sed
650 2167 779 2202 pugnat
802 2162 834 2193 id
857 2172 933 2194 cum

239 2208 304 2239 illis
325 2219 400 2250 quae
428 2211 658 2244 antecedunt:
684 2217 736 2242 est
752 2213 840 2243 enim
855 2214 864 2229 ‘
879 2212 937 2244 de·

238 2258 405 2298 gladiata'
421 2260 533 2299 gladio
556 2261 736 2302 destituta,
753 2272 851 2304 quem
870 2268 936 2294 tam

240 2309 309 2339 cito
325 2309 449 2340 elicere
468 2320 531 2341 non
550 2313 674 2351 potnit.

281 2360 344 2389 649
370 2359 471 2390 Tanta
496 2365 543 2392 est
564 2363 738 2393 reverentia
760 2373 863 2402 sexus,
884 2363 937 2394 Si-

239 2410 352 2439 doneas
366 2409 400 2439 in
414 2419 508 2440 crura
524 2414 624 2449 togas,
649 2412 831 2453 sinuosaque
850 2416 938 2444 texta

243 2460 387 2499 Colligit]
410 2461 507 2494 Quod
532 2462 654 2493 decore
681 2463 735 2494 liic
762 2464 937 2494 Penthesi-

240 2510 302 2540 leae
327 2511 457 2547 tribuit,
484 2511 518 2542 id
546 2512 731 2552 Polyxenae
758 2513 937 2552 Euripides

240 2560 272 2589 in
305 2560 472 2599 Hecuba3
507 2567 541 2593 et
573 2563 742 2602 repetitur
772 2573 791 2593 a
831 2563 938 2595 Clem-

242 2607 339 2639 Alex.
364 2609 488 2642 Strom.
519 2619 558 2641 n.
585 2612 698 2650 paullo
727 2617 806 2643 ante
823 2611 937 2643 finem.

241 2658 399 2690 Imitatur
424 2660 527 2692 Ovid.
552 2670 637 2693 xxii.
663 2662 806 2693 Metam.
829 2667 864 2693 et
887 2672 938 2693 se-

244 2709 353 2739 cundo
370 2710 464 2741 Fast.
481 2711 512 2741 in
528 2711 700 2743 Lucretia.
747 2712 888 2743 Cointus
913 2722 937 2744 1.

242 2760 316 2787 620.
331 2759 447 2790 eodem
475 2760 574 2791 modo
602 2761 643 2791 ad
676 2761 939 2800 Penthesileam,

244 2812 279 2835 ut
300 2808 426 2839 Noster
440 2810 612 2841 traduxit:
625 2811 660 2841 ‘H
676 2812 700 2841 δ’
713 2810 777 2842 ὦκα
791 2812 866 2851 μίγη
888 2824 939 2843 κο-

245 2854 303 2893 νίῃ,
315 2856 364 2886 καὶ
376 2856 501 2900 ὀλέθρῳ,
514 2859 699 2892 Εὐσταλέως
712 2861 860 2901 ἐριποῦσα
869 2862 937 2892 κατ’

985 1213 1098 1249 οὔδεος,
1114 1211 1186 1244 οὐδέ
1202 1212 1232 1243 οἱ
1242 1211 1330 1244 αἰδὼς
1339 1211 1510 1250 Ἤισχυνεν
1521 1210 1614 1249 δέμας
1627 1209 1680 1251 ὴὺ,

983 1263 1062 1301 τάθη
1082 1263 1109 1294 δ’
1136 1262 1185 1294 ἐπὶ
1200 1262 1294 1300 νηδύα
1314 1261 1443 1302 μακρήν.
1486 1261 1612 1292 Eadem
1637 1262 1680 1292 de

985 1314 1145 1345 Cornelia
1170 1314 1300 1345 Vestali
1325 1312 1447 1343 scribit
1473 1311 1605 1343 Plinius
1629 1320 1681 1342 iv.

985 1365 1097 1405 Epist.
1121 1367 1172 1396 11.
1196 1374 1271 1404 quae
1289 1363 1355 1394 duo
1370 1362 1529 1402 exempla
1544 1361 1681 1401 Magius

985 1424 1027 1445 ex
1044 1414 1196 1456 professo
1213 1414 1278 1445 ista
1289 1422 1393 1453 agens
1409 1417 1444 1443 et
1459 1411 1607 1442 Plinium
1622 1420 1683 1441 no-

985 1465 1114 1496 minans
1136 1465 1259 1503 omisit,
1276 1473 1316 1494 n.
1333 1466 1363 1494 1.
1410 1462 1499 1493 Illud
1515 1471 1581 1492 non
1599 1461 1680 1492 alie-

985 1526 1063 1546 num
1080 1520 1148 1554 est,
1164 1514 1255 1556 quod
1272 1515 1379 1546 Clem.
1396 1513 1495 1544 Alex.
1512 1516 1622 1551 notat,
1637 1520 1681 1543 11.

985 1565 1185 1605 Paedagogi,
1202 1569 1332 1596 tantum
1346 1563 1482 1604 pudoris
1505 1567 1541 1593 et
1563 1563 1682 1593 hones-

984 1615 1065 1646 tatis
1093 1615 1126 1645 in
1142 1614 1256 1644 AEneae
1273 1614 1418 1653 conjuge
1436 1617 1622 1652 repertum,
1640 1616 1680 1642 ut

985 1669 1115 1695 netum
1141 1663 1292 1704 quidem,
1317 1672 1392 1693 cum
1416 1661 1517 1702 Troja
1540 1670 1682 1701 capere-

986 1719 1054 1751 tur,
1070 1723 1105 1745 se
1121 1714 1313 1744 detexerit:
1340 1712 1401 1743 sed
1427 1717 1463 1743 et
1486 1710 1680 1742 incendium

987 1762 1120 1803 fugiens
1133 1767 1295 1803 cooperta
1318 1762 1492 1796 manserit.
1518 1770 1549 1792 c.
1567 1762 1620 1792 11.
1644 1770 1679 1801 p.

990 1817 1061 1845 188.
1099 1815 1205 1845 Plura
1217 1813 1373 1854 exempla
1386 1813 1474 1844 illius
1489 1812 1681 1851 σεμνότητος

989 1865 1066 1895 vide
1082 1865 1171 1905 apud
1188 1863 1332 1895 eundem
1348 1872 1398 1894 iv.
1414 1863 1536 1894 Strom.
1559 1873 1593 1903 p.
1605 1865 1680 1894 380.

989 1913 1057 1945 Sed
1074 1919 1110 1945 et
1126 1914 1188 1944 viri
1202 1912 1364 1951 εὐσχήμως
1375 1913 1482 1943 πεσεῖν
1497 1912 1684 1952 curabant,

990 1964 1078 2005 quod
1095 1965 1189 1995 Suet.
1208 1964 1239 1994 in
1252 1964 1343 1995 Julio
1360 1963 1508 2003 Caesare,
1523 1967 1558 1994 et
1574 1963 1682 1993 Luca·

989 2024 1051 2045 nus
1063 2016 1094 2044 in
1112 2014 1277 2053 Pompeio
1293 2017 1413 2044 notant
1429 2013 1453 2043 l.
1474 2021 1555 2043 vni.
1591 2011 1682 2042 Vide

989 2065 1091 2095 etiam
1103 2064 1246 2096 casaub.
1261 2063 1301 2094 ad
1314 2063 1409 2094 Suet.
1422 2073 1456 2104 p.
1467 2064 1542 2095 121.
1560 2062 1681 2103 Dictys

988 2119 1106 2146 auctor
1118 2119 1169 2145 est
1185 2123 1234 2145 ιν.
1251 2113 1517 2151 Penthesileam,
1534 2112 1682 2143 omnium

989 2173 1169 2199 consensu,
1194 2169 1252 2195 aut
1277 2164 1417 2195 canibus
1443 2161 1685 2202 dilaniandam,

990 2219 1049 2245 aut
1074 2215 1108 2245 in
1132 2213 1270 2245 fiuvium
1300 2212 1542 2254 projiciendam
1563 2211 1684 2244 fuisse.

987 2265 1103 2296 Solum
1130 2265 1297 2296 Achillem
1324 2264 1468 2305 sepelire
1486 2263 1642 2301 voluisse,
1664 2271 1684 2293 a

990 2315 1158 2346 Diomede
1176 2314 1394 2356 prohibitum.
1438 2313 1617 2353 Illeigitur
1631 2321 1685 2342 re-

989 2365 1154 2406 liquorum
1186 2363 1344 2404 suffragio
1372 2364 1405 2394 in
1443 2363 1684 2394 Scamandrum

992 2414 1159 2454 projicere
1178 2415 1294 2454 jussit,
1319 2413 1396 2454 quia
1421 2416 1552 2443 naturae
1569 2421 1686 2442 sexus·

991 2473 1056 2504 que
1080 2463 1311 2494 conditionem
1333 2471 1494 2503 superare
1519 2466 1610 2492 esset
1626 2470 1684 2492 au-

993 2524 1038 2544 sa.

1035 2566 1098 2594 652
1121 2565 1220 2602 AEger
1248 2563 1301 2594 Aa
1328 2572 1437 2594 sexum
1450 2561 1561 2598 facilis
1587 2560 1685 2592 rediit

993 2612 1101 2652 timor]
1125 2614 1178 2644 Sic
1196 2613 1315 2644 Cicero
1337 2612 1376 2642 de
1400 2612 1528 2642 Verre:
1554 2610 1563 2626 ⁴
1578 2610 1685 2641 Redit

993 2661 1034 2692 ad
1051 2671 1098 2701 se,
1121 2667 1223 2703 atque
1247 2662 1288 2692 ad
1305 2670 1414 2692 mores
1431 2659 1529 2691 suos!
1573 2659 1685 2691 Hora-

993 2712 1060 2743 tius
1091 2713 1156 2753 Ep.
1188 2722 1228 2745 u.
1252 2716 1283 2744 2.
1319 2713 1327 2729 ‘
1341 2711 1483 2751 Expulit
1513 2709 1686 2742 helleboro

993 2762 1159 2802 morbum,
1175 2762 1343 2803 bilemque
1359 2770 1506 2799 meraco,
1529 2761 1574 2792 Et
1595 2761 1686 2792 redit

994 2812 1035 2842 ad
1044 2812 1140 2843 sese.¹
1164 2812 1369 2843 Claudianus
1382 2811 1423 2842 de
1434 2811 1554 2842 iisdem
1567 2810 1684 2842 Amaz.

994 2861 1143 2902 Epithal.
1159 2861 1303 2894 Honorii
1319 2871 1326 2892 :
1345 2862 1354 2879 ‘
1369 2861 1538 2902 Peltaque
1556 2870 1686 2903 pugnas
