1889 3194
242 257 327 300 382

762 270 966 300 JOSEPHI
1001 269 1167 299 ISGANI

244 363 347 404 Non
363 363 468 404 licet
491 363 536 403 in
557 368 758 405 sanctum
781 376 880 404 cum
903 363 1058 416 praeda
1077 362 1250 402 tendere
1273 366 1472 415 pontum.

245 430 346 470 Has
368 430 515 471 Notus
532 430 646 471 haud
669 442 830 484 passus
851 442 1012 470 causas
1032 430 1194 469 instare
1215 428 1395 477 timoris,

244 496 478 550 Praeripuit
498 510 646 546 voces,
668 510 745 537 nec
765 495 849 537 iter
869 496 1091 536 concessit
1110 496 1154 536 in
1176 507 1316 535 aures.

301 562 497 616 Navigat
515 564 737 604 auricomo
759 563 962 616 spoliatis
982 562 1139 603 vellere
1160 560 1344 602 Colchis

1602 558 1689 601 185

245 629 407 671 Praedo
429 633 616 683 potens:
639 630 870 683 culpemne
891 633 1027 670 ratem
1050 641 1150 682 quae
1169 629 1310 682 prima
1331 641 1409 681 per
1429 625 1569 667 undas

241 695 314 737 Ad
336 696 507 738 facinus
528 697 679 738 molita
700 697 812 745 vias,
833 700 966 749 atque
985 694 1186 748 Atropon
1209 695 1367 736 auxit?

242 763 313 803 An
336 776 476 804 causa
495 764 668 816 potiore
687 763 868 816 probem
883 763 902 802 ‘l
934 762 1029 802 sine
1051 762 1226 814 remigis
1247 774 1333 802 usu

244 829 350 870 Non
369 833 520 870 nosset
542 829 764 882 Memphis
787 828 996 878 Romam,
1021 842 1112 870 non
1134 829 1272 869 Indus
1296 828 1487 877 Iberum,

242 896 347 937 Non
361 896 525 949 Scytha
543 895 833 949 Cecropiden,
848 908 933 936 non
947 901 1098 937 nostra
1112 896 1338 936 Britannia
1355 895 1544 936 Gallum.
1602 894 1687 936 190

299 963 475 1003 Primus
495 963 551 1002 ab
572 963 776 1003 excubiis
796 967 969 1003 montes
986 967 1163 1016 proreta
1186 962 1403 1015 Pelasgos

241 1028 473 1082 Anticipat
492 1029 665 1070 salvere
678 1030 864 1083 jubens:
896 1034 941 1071 at
957 1035 1101 1071 cetera
1123 1030 1262 1082 pubes

242 1097 483 1137 Remorum
508 1097 693 1148 assurgit
715 1096 879 1146 studio,
898 1096 1145 1149 victrixque
1168 1096 1319 1137 carina

241 1163 513 1204 Thessalicis
529 1163 686 1208 reddit,
707 1175 819 1216 quos
836 1163 881 1203 in
904 1163 1014 1204 freta
1037 1163 1238 1212 duxerat,
1260 1162 1392 1203 arvis.

299 1229 415 1280 Quis
436 1230 583 1270 varios
603 1233 812 1270 memoret
832 1230 1031 1282 plausus,
1053 1229 1150 1282 quis
1173 1228 1333 1281 gaudia
1355 1227 1473 1280 vulgi
1487 1229 1507 1269 ’.Ρ

1601 1228 1689 1270 195

241 1297 291 1338 Si
314 1310 470 1349 parcus
491 1297 740 1338 meminisse
762 1297 907 1346 velim,
928 1296 997 1337 vel
1017 1296 1134 1336 nolle
1153 1295 1298 1344 fateri,

242 1363 330 1404 Vel
351 1363 507 1403 seriem
522 1375 609 1402 non
631 1376 763 1416 posse
784 1366 968 1415 putent;

999 1363 1036 1402 si
1060 1362 1285 1414 prodigus,
1301 1362 1419 1403 auris

243 1429 466 1470 Fastidita
485 1435 617 1481 neget
635 1429 792 1471 faciles
812 1429 868 1470 ad
890 1429 1065 1482 singula
1085 1434 1233 1469 nutus.

242 1496 377 1536 Pelea
395 1496 578 1536 miratur
598 1495 804 1536 reducem
823 1495 1016 1544 Larissa,
1042 1495 1271 1548 Pylonque

243 1562 413 1604 Nestor
426 1563 571 1612 habet,
591 1562 829 1603 Telamone
853 1574 934 1603 suo
955 1562 1182 1602 Salamina
1203 1562 1431 1616 superbit:

1601 1560 1686 1602 200

894 1746 1034 1778 NOTAE

239 1839 322 1875 νηοῦ.
365 1839 491 1872 Juliani
510 1844 662 1882 tempore
676 1840 873 1872 Christianis
889 1840 938 1871 in-

241 1890 447 1929 clamabant,
461 1891 567 1921 ‘lotus
583 1892 700 1930 procul
714 1891 801 1922 absit
812 1896 845 1921 et
857 1900 938 1922 unc-

241 1940 317 1971 tus!
339 1941 348 1957 ‘
365 1941 452 1972 Nam
469 1941 546 1972 dum
565 1943 636 1973 Diis
660 1943 727 1973 suis
752 1943 939 1981 immolant,

240 1990 267 2020 si
295 1990 415 2031 aliquis
441 1991 577 2022 assistat
600 1993 763 2032 signatam
790 1991 937 2023 frontem

239 2049 375 2079 gerens,
390 2049 486 2071 sacra
508 2041 600 2072 nullo
626 2041 724 2072 modo
747 2040 871 2081 litant:
886 2041 935 2072 ait

242 2089 397 2120 Lactant.
414 2098 461 2120 ιν.
476 2092 530 2120 27.

281 2140 341 2168 191
366 2138 493 2169 Montes
500 2142 624 2179 proreta
635 2139 801 2180 Pelasgos]
823 2139 856 2171 Is
868 2138 934 2171 fnit

237 2187 395 2228 Lynceus
411 2187 560 2228 Apharei
576 2188 676 2229 filius,
689 2189 780 2230 Hyg.
793 2189 860 2221 fab.
880 2192 932 2221 14.

238 2236 381 2267 Plautus
404 2237 438 2268 ln
466 2238 636 2279 Rudente,
658 2241 668 2256 ⁴
685 2239 720 2269 Si
740 2244 776 2270 tu
800 2245 935 2280 proreta

237 2286 293 2317 isti
330 2287 407 2318 navi
438 2297 486 2328 εει,
514 2298 576 2328 ego
612 2288 818 2328 gubernator
852 2288 934 2320 er0.’

239 2335 396 2366 Proretae
424 2336 536 2367 munia
554 2337 656 2367 habes
679 2337 770 2378 apud
785 2338 934 2370 Turneb.

238 2395 373 2418 xxvm.
390 2389 443 2419 43.
470 2387 560 2428 apud
588 2387 690 2419 Ovid.
709 2396 764 2419 111.
791 2389 932 2419 Metam.

237 2435 294 2466 ubi
310 2436 319 2453 ⁴
333 2445 444 2475 prorae
469 2437 578 2467 tutela
600 2437 796 2468 Melanthus
810 2437 819 2450 '
835 2447 933 2468 voca-

238 2490 313 2515 tur:
343 2485 424 2516 item
442 2486 531 2525 apud
547 2486 706 2526 Xenoph.
719 2486 778 2518 lib.
794 2495 828 2519 v.
858 2488 933 2518 Me-

237 2543 318 2564 mor.
329 2544 361 2574 p.
373 2537 446 2567 840.
459 2534 694 2574 Aristophanis
706 2536 763 2566 illa
776 2544 818 2566 ex
831 2536 931 2576 Equi-

237 2581 326 2612 ribus
338 2583 401 2614 hnc
410 2583 556 2615 faciunt:
573 2583 698 2624 Ἐρέτην
708 2586 818 2625 χρῆναι
827 2587 933 2626 πρῶτα

236 2631 392 2671 γενέσθαι,
406 2634 476 2673 πρὶν
490 2634 650 2671 πηδαλίοις
665 2636 841 2676 ἐπιχειρεῖν,
854 2635 932 2667 Κᾶτ’

237 2681 377 2711 ἐντεῦθεν
398 2685 619 2723 πρωρατεῦσαι,
640 2684 690 2716 καὶ
708 2685 781 2717 τοὺς
804 2685 931 2724 ἀνέμους

239 2731 408 2769 διαθρῆσαι,
425 2731 513 2763 Κᾶτα
535 2736 689 2775 κυβερνᾷν
709 2735 803 2765 αὐτὸν
816 2736 929 2775 ἑαυτῷ.

237 2778 324 2812 vide
348 2780 521 2814 Pollucem
547 2786 680 2817 unas.
726 2785 931 2827 Xenophon·

991 1846 1059 1872 tem
1075 1840 1116 1872 de
1129 1840 1243 1881 repub.
1258 1839 1451 1872 Atheniens,
1464 1840 1684 1872 Plutarchum

989 1891 1024 1921 in
1043 1890 1150 1929 Agide
1168 1896 1203 1921 et
1221 1891 1415 1928 Cleomene,
1430 1890 1486 1931 qui
1503 1890 1561 1930 ait,
1576 1889 1685 1930 πρότε-

988 1939 1043 1980 ρόν
1058 1941 1126 1971 ἐστι
1141 1940 1197 1970 τοῦ
1219 1938 1357 1979 πρωρέως
1378 1939 1443 1979 (ita
1459 1939 1546 1970 enim
1571 1940 1684 1979 legen·

989 1990 1068 2020 dum
1092 1989 1241 2030 videtur)
1256 1989 1293 2020 τὸ
1312 1990 1456 2029 φορῆσαι.
1502 1989 1683 2021 Nazianze-

989 2049 1049 2070 nus
1072 2040 1172 2070 etiam
1197 2039 1328 2079 signate
1352 2040 1438 2070 illius
1461 2037 1606 2070 offic-ium
1623 2038 1682 2070 de-

988 2090 1106 2121 scribit
1123 2091 1187 2130 Ep.
1208 2092 1279 2121 12⁷.
1295 2090 1350 2131 qui
1367 2089 1458 2120 illum
1475 2089 1547 2127 νηὸς
1563 2088 1682 2129 ὀφθαλ-

984 2140 1043 2180 μὸν
1055 2141 1218 2172 nominat.

1028 2192 1092 2222 200
1117 2191 1278 2223 Telamone
1289 2199 1342 2220 suo
1354 2189 1514 2221 Salamina
1527 2190 1680 2231 superbit]

988 2242 1046 2272 Sic
1073 2249 1112 2272 11.
1135 2245 1143 2258 ‘
1159 2241 1338 2271 Salaminae
1364 2240 1443 2271 ditis
1461 2240 1582 2271 alumni
1597 2239 1617 2279 ;’
1645 2244 1681 2271 et

989 2297 1120 2330 postea,
1146 2290 1156 2307 ‘
1173 2291 1206 2321 in
1229 2295 1357 2330 portus,
1385 2290 1564 2329 Salamina,
1581 2289 1680 2321 tuos!

988 2340 1234 2379 Metaplasmus
1253 2345 1318 2378 est,
1343 2344 1380 2370 ut
1403 2339 1491 2380 apud
1516 2340 1679 2379 sequioris

988 2390 1104 2421 saeculi
1138 2390 1291 2428 Latinos,
1322 2390 1516 2430 Splringam‚
1546 2389 1680 2430 Gorgo-

987 2449 1076 2479 nam,
1089 2439 1292 2470 Eleusinam.
1315 2440 1369 2469 Sic
1381 2439 1521 2469 Orosius
1535 2448 1557 2469 1.
1569 2441 1599 2469 7.
1622 2440 1632 2455 ‘
1646 2439 1679 2470 in

987 2488 1106 2519 Attica
1121 2489 1289 2528 regnavit,
1305 2492 1339 2518 et
1353 2487 1544 2518 Eleusinam
1561 2487 1679 2518 condi-

987 2538 1057 2570 dit.’
1074 2539 1128 2569 Ita
1140 2538 1361 2578 Hieronymus
1371 2547 1472 2578 saepe,
1482 2539 1679 2579 Septimius,

986 2594 1019 2619 et
1031 2588 1187 2629 Hyginus
1199 2598 1207 2618 ι
1220 2588 1297 2618 item
1308 2587 1460 2619 ,lustinus
1468 2590 1519 2620 44.
1532 2589 1675 2620 ‘Urbem

985 2639 1118 2669 nomine
1147 2638 1294 2678 antiquae
1327 2638 1442 2677 patriae
1472 2638 1675 2670 Salaminam

985 2686 1196 2718 condidisse.'
1229 2687 1375 2717 Messala
1392 2687 1567 2727 Corvinus,
1590 2689 1675 2720 ‘Te-

984 2737 1107 2767 lamoni
1131 2736 1308 2767 Salaminae
1334 2737 1402 2776 regi
1417 2736 1436 2774 ;’
1461 2738 1561 2777 paulo
1585 2744 1672 2779 post,

984 2786 993 2802 ‘
1009 2787 1140 2819 Teucer
1155 2786 1355 2818 Salaminam
1372 2787 1548 2819 condidit?
