1889 3194
707 306 774 337 An
809 305 1085 337 LECTOREM.
1540 298 1626 340 359

177 399 370 449 diducta,
391 399 574 442 affluens
605 400 744 443 instar
766 400 948 454 virginis
970 400 1172 452 κομψωτῆς
1200 399 1419 442 afficiebat.
1453 404 1594 444 oratio
1615 416 1625 445 :

175 479 257 507 nec
279 466 525 517 Maecenas,
551 481 630 509 nec
658 468 878 518 Tiberius,
911 481 993 509 nec
1025 468 1146 521 prior
1179 467 1267 508 illis
1299 467 1521 510 Antonius
1541 483 1624 523 pro

177 533 348 575 saeculo
364 533 680 587 loquebantur:
704 536 847 589 stylus
868 535 1043 576 illorum
1070 538 1163 576 erat
1191 532 1397 584 κομπώδης,
1415 543 1626 591 φρυαγμα-

175 598 258 647 τίας
278 600 341 639 καὶ
364 603 464 640 κενοῦ
483 601 742 656 γαυριάματος
759 601 822 641 καὶ
846 600 1063 654 φιλοτιμίας
1082 600 1281 654 ἀνωμάλου
1302 600 1472 654 μεστός.’”’
1512 602 1628 653 Quis

176 666 417 708 Pindarum
438 681 523 709 non
544 670 775 711 aestimat?
836 668 1045 710 Nonnum
1066 682 1152 710 non
1172 670 1324 710 amat?
1346 672 1390 710 et
1408 673 1567 719 tamen,
1588 670 1628 710 si

174 733 338 774 ferreas
371 735 492 775 illius
528 736 823 789 metaphoras,
853 736 981 790 hujus
1014 740 1210 777 tumores
1245 742 1291 777 et
1324 735 1538 791 περισσείαν
1570 736 1629 778 ad

178 800 368 842 Hesiodi
388 805 432 842 et
462 802 665 857 AEschyli
692 803 956 844 modestiam
985 803 1285 856 frugalemque
1313 803 1630 857 parsimoniam

175 867 426 917 contendas,
447 869 546 909 illos
565 870 708 910 alatos
722 882 879 923 equOS,
892 882 1136 923 navemque
1152 873 1284 911 vento
1298 870 1489 923 plenam,
1508 868 1630 923 quod

169 934 334 993 judicii
354 936 631 977 exactissimi
650 937 728 988 vir,
745 936 897 978 Caesar
913 937 1121 990 Scaliger,
1135 937 1190 977 de
1212 936 1407 990 Papinio
1424 941 1469 978 et
1484 937 1630 978 Luca-

175 1013 234 1041 no
273 1000 414 1053 dixit;
454 1002 534 1043 hos
577 1003 753 1043 oculum
784 1002 1073 1053 verecundiae,
1104 1008 1148 1044 et
1178 1016 1298 1045 mare
1332 1004 1631 1058 tranquillum,

175 1068 295 1121 quod
315 1068 431 1109 idem
456 1069 509 1109 de
531 1069 795 1123 Thucydide
817 1075 862 1111 et
883 1070 1026 1120 Livio,
1042 1070 1140 1123 jure
1162 1071 1319 1112 merito
1340 1071 1480 1112 dicas.
1540 1069 1632 1111 Ac-

176 1135 309 1185 cedit,
330 1135 449 1189 quod
469 1136 645 1190 juvenis
667 1137 857 1190 scripsit,
877 1137 1051 1178 calidus
1082 1141 1224 1178 autem
1245 1137 1321 1178 ille
1342 1139 1538 1190 sanguis,
1560 1136 1632 1177 ὅσα

175 1202 302 1250 πόντος
336 1202 476 1253 ἀείδων,
509 1205 668 1257 grande
699 1205 922 1246 locuturus
956 1204 1141 1245 nebulas
1178 1204 1394 1246 Helicone
1429 1206 1630 1258 legebat:

175 1270 386 1326 illiusque
408 1272 552 1313 aetatis
573 1272 702 1314 minae
731 1272 869 1313 altera
897 1272 1122 1320 orientem,
1154 1271 1275 1325 quod
1298 1272 1353 1312 de
1375 1271 1632 1313 Alexandro

176 1337 265 1389 ille,
287 1339 418 1379 altera
439 1338 708 1379 occidentem
730 1339 935 1378 tenebant
954 1351 963 1378 :
999 1338 1137 1391 stylus
1156 1338 1288 1390 igitur
1307 1352 1390 1378 non
1409 1339 1543 1392 χαμαὶ
1565 1337 1633 1378 σύ-

177 1421 244 1459 ρει,
275 1405 353 1445 sed
375 1403 596 1459 ῥεμβόμενος
617 1404 680 1443 καὶ
701 1403 947 1458 βροντῶμενος
968 1405 1179 1460 ἀεξοβατεῖ.
1241 1405 1520 1446 Medicorum
1552 1405 1634 1446 filii

177 1485 277 1513 cum
302 1485 435 1513 venas
469 1472 524 1512 de
556 1472 813 1512 valetudine
845 1473 1127 1524 interrogant,
1164 1471 1323 1511 melius
1361 1476 1557 1525 sperant,
1594 1473 1633 1512 si

174 1539 330 1580 fortius
353 1540 532 1587 micant,
565 1543 612 1578 et
642 1539 696 1579 de
724 1540 841 1592 stylo
863 1539 1002 1592 major
1031 1538 1307 1591 expectatio,
1331 1539 1369 1579 si
1403 1539 1445 1578 in
1469 1539 1633 1592 juven-

175 1609 272 1646 tute
293 1605 502 1647 masculae
528 1605 730 1646 dictionis
761 1605 967 1647 brachia:
1005 1603 1117 1660 ἄκρον
1138 1617 1331 1658 namque
1362 1604 1493 1655 λαβών
1520 1605 1634 1658 μέσον

177 1671 262 1722 ἕξει.
324 1671 450 1712 Malo
472 1671 660 1726 denique
683 1671 865 1725 poetam
898 1676 1030 1722 stare,
1065 1685 1198 1725 quam
1223 1672 1401 1726 jacere:
1440 1685 1633 1725 surgere,

177 1752 307 1793 quam
342 1751 519 1792 repere:
552 1739 713 1789 volare,
741 1752 871 1793 quam
903 1739 1116 1780 volutari:
1154 1738 1364 1790 conferat,
1390 1740 1468 1794 qui
1497 1741 1632 1790 volet,

177 1807 352 1848 Coluthi
375 1810 418 1847 et
437 1806 732 1860 Tryphiodori
764 1806 948 1860 reptiles
976 1811 1019 1848 et
1053 1818 1218 1860 aqueos
1240 1811 1444 1857 conatus,
1467 1811 1633 1848 tantum

179 1875 342 1915 Noster
357 1874 597 1928 superabit,
612 1876 624 1895 ‘
639 1873 978 1916 ObruitIdaeam
993 1879 1208 1928 quantum
1224 1875 1333 1916 tuba
1341 1875 1502 1916 martia
1518 1877 1634 1916 bux-

178 1941 278 1983 um.'
323 1939 413 1982 Val.
436 1939 551 1981 Flac.

235 2009 364 2050 Vixit
384 2021 515 2062 porro
545 2008 727 2057 saeculo,
757 2020 845 2062 quo
875 2009 1007 2050 bonae
1040 2014 1159 2050 artes
1189 2012 1232 2050 et
1262 2008 1425 2060 linguae
1449 2008 1634 2051 adverso

177 2089 302 2117 amne
340 2076 606 2125 nitebantur,
640 2075 747 2126 imo,
782 2089 872 2129 quo
902 2076 1056 2117 literas
1093 2076 1220 2126 scire,
1252 2076 1479 2117 barbaries
1513 2079 1633 2117 erat:

180 2155 271 2195 quo
306 2156 423 2183 mera
452 2143 564 2183 foria
595 2144 884 2195 gargarizare,
915 2147 962 2184 ut
996 2142 1138 2184 Varro
1170 2143 1382 2197 loquitur,
1421 2143 1634 2184 saeculum

180 2214 288 2250 erat.
348 2208 465 2259 Quid
498 2221 602 2261 ergo
632 2210 807 2258 mirum,
826 2210 864 2250 si
893 2209 1001 2262 quid
1025 2209 1080 2251 de
1104 2210 1268 2251 saeculo
1289 2209 1450 2251 trahit?
1484 2210 1523 2249 si
1545 2221 1634 2249 non

180 2277 327 2317 omnia
349 2275 575 2328 Augusteo
609 2276 798 2317 candore
832 2276 1095 2330 perfundere
1127 2277 1301 2330 potuit?
1336 2277 1427 2317 imo
1459 2277 1634 2325 mirum,

181 2343 298 2397 quod
321 2355 457 2396 supra
478 2342 688 2383 saeculum
705 2343 873 2396 aliquid
896 2342 1120 2396 praestitit,
1142 2343 1258 2396 quod
1279 2356 1378 2384 cum
1401 2342 1633 2383 Gunthero

179 2410 289 2465 (quo
310 2410 411 2463 ipso
435 2414 580 2450 tamen
599 2410 824 2450 venustior
838 2414 880 2451 et
898 2410 1087 2451 comtior
1107 2408 1196 2463 est)
1208 2410 1346 2450 instar
1361 2410 1634 2461 geminorum

179 2478 225 2518 in
263 2478 443 2519 illunem
476 2476 698 2517 barbariei
731 2480 903 2517 noctem
938 2477 1186 2530 prospexit.
1248 2475 1310 2517 Ut
1336 2488 1452 2517 rosae
1478 2476 1634 2517 alienis

181 2544 404 2586 mensibus
425 2548 542 2584 natae
566 2556 625 2584 ex
644 2543 822 2585 raritate
845 2547 1018 2585 sumunt
1037 2544 1240 2597 pretium,
1261 2543 1327 2584 sic
1348 2543 1414 2583 illi
1435 2543 1635 2584 favorem

181 2613 226 2652 et
245 2610 483 2652 aestimium
500 2623 510 2650 :
525 2610 614 2663 qui,
634 2614 682 2651 ut
699 2623 799 2650 cum
816 2608 1063 2651 Pelusiotaf
1080 2610 1252 2664 loquar,
1265 2607 1476 2665 α’ῤῥωστῖας
1496 2610 1634 2659 λειψά-

182 2693 248 2718 νων
269 2676 321 2717 ἔτι
343 2675 481 2730 κόσμον
503 2676 873 2729 κατασφενὸονώντων
903 2678 967 2726 τὴν
997 2675 1112 2732 λύραν
1140 2679 1383 2732 ἀραχνιῶσαν
1413 2676 1633 2733 μεταχειρί-

185 2744 305 2795 ζεσθαι
327 2742 549 2796 ἐτόλμησαν.
611 2744 814 2798 Denique
830 2758 918 2786 non
941 2745 1041 2786 dico
1063 2745 1206 2785 omnia
1219 2745 1402 2799 optima,
1417 2745 1493 2786 sed
1511 2745 1634 2786 meli-

341 2848 355 2864 θ
378 2842 553 2875 Plutarch.
569 2843 602 2874 in
620 2842 781 2875 Antonio.
1169 2843 1181 2862 f
1202 2843 1310 2884 Epist.
1326 2852 1384 2876 ιιι.
1401 2846 1473 2876 154.
