1889 3194
478 315 622 345 JOSlAE
657 314 879 345 MERCERI
914 312 1055 345 NOTAE
1087 315 1139 345 ΙΝ
1176 315 1272 346 LIB.
1297 315 1360 347 lv,

193 405 344 438 Ἠλείους.

240 457 461 498 Pyloemenem]
494 457 548 488 Ita
574 462 669 489 recte
700 457 790 497 libri,
819 466 885 489 non

193 507 470 538 ‘Philemonen1.'
494 508 575 539 Mox
587 518 629 539 ex
646 507 764 538 iisdem
780 508 886 547 scrip-

193 556 233 595 si,
263 556 305 587 ‘a
334 557 464 587 Phineo
492 556 683 597 Agenoris.'
727 557 885 598 Sequitur

191 606 274 636 alios
299 611 467 641 auctores.
497 612 536 637 ut
566 607 635 637 dixi
659 616 783 647 supra;
809 617 885 637 nam

192 655 346 695 plerique
376 655 544 687 Phineum
568 657 644 688 Beli
666 657 798 693 dicunt,
819 666 885 687 non

189 705 368 745 Agenoris.
397 705 438 736 In
456 706 571 737 iisdem
587 711 638 738 est
660 712 669 725 ¹
682 706 882 746 Olizonem,'

192 759 231 785 ut
246 759 282 785 et
297 753 386 785 infra
401 763 450 785 1v.
489 754 716 795 Apollodorus
743 757 884 787 Bateam

189 803 311 833 Teucri
327 803 557 844 filiamjungit
581 805 756 846 Dardano,
778 815 796 836 e
821 815 885 846 qua

190 852 442 885 Erichthonius.

234 903 251 943 ᾗ
267 905 287 933 6
302 903 391 933 Clam
405 907 496 944 atque
511 913 550 935 ex
564 906 680 935 occulto
689 904 885 945 vulneratus]

189 952 244 983 Ita
262 956 355 983 recte
375 953 471 984 libri:
494 959 594 985 antea
616 954 779 994 edebant,
803 954 813 971 ‘
827 965 885 986 ex-

191 1000 290 1032 tincti
307 1002 514 1043 laniatique‚'
535 1004 757 1043 ineptissime.

233 1053 286 1092 §7
312 1053 463 1082 Arsacnm
491 1063 560 1083 cum
589 1052 748 1093 Deiopite]
781 1053 886 1092 Libri,

187 1099 198 1117 ‘
214 1099 378 1132 Arsacum
395 1101 624 1141 Deiopitheo.'
650 1103 779 1138 Scribe,
796 1104 805 1120 ⁴
821 1102 884 1134 Ar-

189 1160 317 1189 sacum,
333 1151 542 1191 Deiopiten.’
586 1152 633 1183 At
654 1151 773 1183 horum
789 1153 884 1183 Pria-

187 1200 234 1231 mi
247 1200 390 1231 filiorum
415 1202 542 1233 mentio
558 1202 650 1233 nulla
666 1202 698 1232 in
718 1202 883 1241 Homero,

188 1256 416 1290 praeterquam
443 1252 600 1292 Dorycli,
626 1252 665 1283 ΙΙ.
690 1255 727 1283 A.
741 1256 776 1282 et
796 1252 883 1292 Hip-

188 1299 314 1339 pothoi,
331 1300 371 1330 ΙΙ.
387 1303 426 1331 Ω.
471 1299 681 1341 Apollodoro
709 1301 882 1332 nominan-

189 1352 245 1379 tur
280 1348 450 1389 Δηῒόπτης,
477 1350 686 1392 Ἀρχέμαχος,
715 1350 882 1391 Φιλαίμων,

187 1398 317 1439 Μήλιος,
342 1398 511 1440 Δόρυκλος,
536 1399 710 1441 Ἱππόθοος,
738 1401 882 1432 ‘turn-oad-

186 1461 257 1488 μας.
299 1450 348 1481 Ut
369 1450 523 1482 videatur
546 1451 758 1482 scribendum
773 1463 781 1483 :
796 1451 881 1483 ‘Ar-

187 1509 315 1538 sacum,
357 1500 558 1541 Deiopiten‚
599 1500 881 1542 Archemachum,

185 1548 393 1589 Laodocum,
422 1553 458 1580 et
488 1550 761 1582 Philemonem:'
788 1551 882 1591 item,

186 1600 196 1617 ‘
219 1598 375 1637 Menum,
420 1598 643 1640 Astyochum,
682 1601 881 1642 Doryclum,

184 1647 434 1688 Hippothoum,
462 1649 768 1690 Hippodamanta.'
788 1654 881 1688 Δηϊο-

185 1696 281 1734 πίτην
306 1698 410 1729 etiam
434 1698 538 1730 habes
563 1699 596 1730 in
622 1700 665 1731 Il.
679 1703 715 1731 A.
732 1700 879 1732 occisum

186 1746 229 1778 ab
245 1747 389 1787 Ulysse:
414 1748 571 1780 Mulium.
589 1749 680 1781 11.1·1.
695 1749 840 1781 occisum
859 1759 880 1781 a

184 1797 359 1838 Patroclo,
373 1803 407 1829 et
422 1798 523 1830 alium
539 1799 696 1839 Mulium,
714 1799 772 1830 lib.
787 1803 822 1830 Υ.
837 1800 879 1831 ab

187 1846 334 1878 Achille.

227 1897 288 1937 §8
324 1896 546 1938 Gergithione]
585 1897 640 1929 lta
671 1902 763 1930 recte
789 1898 879 1938 libri,

185 1955 251 1977 non
273 1946 283 1963 ‘
297 1945 556 1986 Gorgathione‚'
579 1951 617 1978 ut
639 1948 751 1988 vulgo.
794 1947 878 1979 Gor-

185 1996 316 2036 githion
341 1995 429 2027 filius
445 1997 571 2028 Priami
596 1997 730 2029 nothus.
774 1997 817 2029 Il.
841 2001 877 2029 Θ.

184 2045 424 2086 Apollodorus.

229 2093 337 2134 Neque
354 2094 487 2133 fortuna
503 2095 572 2126 belli
588 2096 741 2137 mutatur]
762 2096 877 2138 Scrip-

185 2149 289 2183 serat,
310 2145 320 2161 ⁴
336 2145 459 2176 nutat.'

226 2195 301 2234 §10
326 2194 543 2234 Crissaeorum]
569 2195 626 2227 Ita
650 2196 877 2231 scribendum,

184 2253 265 2280 non,
276 2244 356 2274 utin
375 2245 624 2286 manuscriptis,
638 2250 648 2265 ⁸
660 2251 728 2277 tres
739 2247 878 2278 eornm!

182 2293 345 2325 Schedius
362 2294 556 2328 Phocenses
568 2295 729 2336 ducebat,
745 2297 776 2328 in
796 2308 878 2339 quo-

183 2351 256 2373 rum
281 2343 418 2384 regione
444 2344 577 2376 Crissa:
604 2344 744 2385 Κρίσσαν
763 2358 800 2378 τε
824 2346 875 2386 ζα-

183 2392 266 2430 θέην.

225 2442 317 2474 Alter
341 2443 555 2476 Echinadibus
579 2445 760 2487 imperator]
792 2446 876 2478 Haec

181 2491 371 2523 addidimus
386 2503 404 2524 e
420 2493 528 2525 libris.

226 2543 244 2582 ᾧ
262 2544 300 2573 14
322 2543 416 2575 Foede
429 2547 458 2575 et
473 2544 539 2575 vice
554 2545 736 2586 imbellium]
760 2546 815 2578 Ita
838 2547 876 2577 li-

184 2590 237 2623 bri
253 2602 262 2631 ;
285 2593 425 2633 optime.

228 2642 272 2672 Et
301 2651 369 2673 cum
398 2642 577 2684 Hippothoe
600 2644 732 2686 Pyleus]
756 2645 876 2677 Totum

182 2689 271 2721 hunc
299 2692 410 2723 locum
434 2693 723 2734 corruptissimum
749 2703 767 2725 e
783 2694 877 2726 libris

183 2740 403 2772 restituimus.

226 2792 298 2823 [sus
310 2796 340 2823 et
356 2793 512 2828 Evander,
529 2792 803 2833 Priamidoe]1sus
820 2803 879 2825 no·

185 2841 264 2873 thus
278 2841 419 2875 Priami.
447 2841 490 2874 11.
513 2847 550 2874 A.
594 2842 745 2874 Evandri
762 2843 879 2875 memi-

1550 308 1634 348 589

936 407 994 439 -nit
1007 407 1164 448 Apollod.
1181 417 1239 439 111.

982 457 1111 488 Guneus
1138 466 1197 488 rex
1225 456 1378 497 Cyphius]
1403 456 1458 488 Ita
1484 456 1634 489 scriben-

936 505 1034 537 dum:
1064 505 1154 546 libri,
1181 506 1191 524 ‘
1206 505 1341 547 Cyneus
1371 515 1432 537 rex
1460 505 1638 547 Scyphus.’

936 554 984 586 At
1011 564 1107 596 quam
1133 555 1220 586 male
1247 555 1359 595 vulgo,
1382 555 1547 586 ‘Caeneus
1573 565 1633 587 rex

936 604 1112 645 Scythiae.’
1134 603 1262 636 Γουνεὺς
1276 605 1302 635 δ’
1320 606 1354 636 ἐκ
1364 604 1473 645 Κύφου
1484 604 1556 645 ἦγε.

978 654 996 694 ᾧ
1013 657 1051 685 15
1069 654 1140 690 Qua
1153 655 1288 686 maxime
1299 655 1360 685 visi
1372 656 1509 695 poterat]
1523 656 1633 686 Recte

935 701 982 732 ita
992 702 1026 732 in
1040 702 1240 734 Petaviano.
1257 703 1429 734 Danielis‘
1440 703 1496 734 vi.'
1510 705 1632 744 Vulgo,

935 756 944 770 ¹
959 752 1090 784 videri!
1133 753 1254 784 Visere
1275 753 1425 794 antiquis
1442 753 1529 784 idem
1542 753 1630 795 quod

936 802 1063 834 videre.
1089 802 1289 835 Lucretius:
1323 804 1334 821 ⁴
1348 803 1505 844 Visitque
1535 813 1633 835 exor-

935 855 1004 881 tum
1036 851 1160 882 lumina
1192 851 1298 883 solis!
1340 852 1450 884 Tacit.
1479 853 1569 884 Ann.
1599 856 1633 885 3.

937 901 946 917 ‘
954 901 1020 932 Sed
1031 902 1281 943 praefulgebant
1291 904 1427 935 Cassius
1435 907 1536 945 atque
1545 904 1633 935 Bru·

935 954 1000 987 tus,
1015 961 1055 982 eo
1073 952 1146 992 ipso
1162 953 1250 994 quod
1268 953 1428 994 imagines
1439 963 1554 985 eorum
1566 963 1631 985 non

934 1000 1151 1033 visebantur.'
1215 1001 1380 1043 Apuleius
1428 1002 1596 1044 Apologia
1621 1014 1630 1034 ε

933 1050 942 1066 ‘
954 1050 1037 1081 Cum
1061 1051 1093 1081 in
1117 1061 1157 1083 eo
1181 1053 1302 1083 visitur
1318 1053 1428 1093 imago
1445 1053 1528 1083 mire
1545 1053 1631 1083 rela-

934 1099 992 1130 ta!
1020 1100 1112 1131 Infra
1127 1110 1176 1133 ιν.
1188 1104 1197 1120 ⁴
1213 1102 1336 1133 Omnia
1351 1103 1476 1134 circum
1490 1103 1630 1143 Trojam

933 1153 969 1178 et
985 1149 1074 1180 ultra
1089 1160 1163 1191 quae
1181 1151 1243 1181 visi
1259 1151 1439 1191 poteraut.'
1486 1151 1553 1182 Ubi
1567 1153 1631 1183 eti-

934 1207 985 1229 am
1018 1201 1279 1240 rescripseram,
1302 1202 1312 1218 ‘
1331 1211 1397 1242 qua
1427 1201 1512 1232 visui
1534 1206 1630 1242 pate-

933 1249 1040 1280 bant.'

976 1299 1041 1338 §21
1070 1300 1142 1330 Non
1157 1304 1192 1331 tu
1206 1300 1284 1331 mihi
1297 1301 1423 1342 caussa]
1449 1302 1501 1332 Ex
1525 1301 1569 1333 Il.
1595 1305 1627 1332 Γ.

933 1347 1011 1378 Οὔτι
1033 1360 1086 1387 μοι
1113 1348 1195 1386 αι’τίη
1221 1349 1303 1389 ἐσσὶ,
1329 1350 1392 1381 θεοί
1410 1350 1447 1381 νύ
1466 1362 1517 1389 μοι
1538 1350 1630 1382 αἴτιοί

933 1396 1022 1437 εἰσιν,
1046 1398 1088 1429 o‘l
1103 1409 1155 1437 μοι
1178 1399 1365 1440 ἐφώρμησαν
1380 1399 1519 1439 πόλεμον
1533 1399 1632 1432 πολύ·

932 1447 1041 1487 δακρυν
1058 1448 1204 1486 Ἀχαιῶν.

974 1498 1045 1538 §24
1072 1498 1291 1539 consiliatum]
1316 1500 1394 1530 Non
1407 1498 1482 1529 mihi
1501 1498 1564 1530 fuit
1578 1509 1629 1531 re-

931 1547 1011 1588 ligio
1028 1548 1178 1588 recipere
1191 1550 1276 1580 hanc
1290 1549 1471 1580 dictionem
1489 1549 1629 1581 111111ιό-

930 1607 995 1638 que
1013 1599 1245 1640 manuscripto
1262 1599 1433 1630 inventam
1448 1609 1457 1637 ;
1476 1609 1540 1630 non
1557 1610 1627 1631 ma-

929 1646 980 1686 gis
997 1656 1096 1688 quam
1113 1648 1192 1679 viris
1210 1648 1319 1680 doctis
1335 1648 1369 1679 in
1386 1648 1474 1679 Caes.
1492 1657 1517 1679 1.
1529 1648 1570 1678 de
1584 1649 1627 1680 Β.

930 1696 1005 1727 Civ.
1022 1697 1032 1713 ‘
1046 1698 1256 1739 multumque
1273 1707 1349 1729 cum
1363 1698 1431 1729 suis
1448 1698 1628 1730 consilian-

929 1746 962 1777 di
991 1756 1093 1778 causa
1115 1752 1251 1779 secreto
1267 1751 1395 1788 praeter
1410 1747 1627 1779 consuetudi·

929 1804 1004 1826 nem
1041 1796 1315 1837 colloqueretur?
1368 1797 1470 1836 Item,
1515 1797 1525 1814 ‘
1539 1797 1627 1828 Haec

929 1845 1184 1877 consiliantibus
1195 1846 1242 1877 eis
1255 1845 1431 1877 nuntiatur
1445 1850 1627 1887 aquatores

929 1894 971 1926 ab
987 1895 1141 1936 equitatu
1158 1896 1264 1936 premi
1291 1894 1431 1927 nostro!
1476 1896 1522 1926 Et
1546 1895 1626 1926 inde

929 1944 1007 1975 olim
1030 1955 1049 1976 a
1074 1945 1282 1977 consulendo
1298 1946 1433 1984 consul;
1458 1945 1626 1977 acousili-

928 1993 1016 2025 ando
1051 1995 1060 2012 ‘
1073 1995 1284 2026 consiliarius
1298 1995 1320 2035 ς’
1357 1994 1445 2036 quod
1484 1994 1625 2027 verbum

927 2043 1032 2074 habes
1057 2045 1146 2084 apud
1169 2045 1369 2076 Suetonium
1393 2048 1428 2075 et
1447 2045 1531 2076 alios
1548 2053 1626 2084 pos—

928 2093 1092 2131 teriores3
1116 2093 1198 2124 item
1227 2093 1413 2125 consiliatis
1429 2092 1518 2133 apud
1535 2093 1624 2124 Pau.

927 2142 995 2173 lum
1011 2143 1045 2175 J.
1063 2143 1101 2174 C.
1116 2152 1150 2173 v.
1167 2144 1210 2174 de
1226 2141 1315 2175 offic.
1337 2152 1496 2174 assessor.

970 2193 988 2232 §
1006 2195 1046 2223 25
1071 2193 1214 2233 Namque
1236 2193 1374 2224 execrati
1390 2193 1518 2231 facinus
1540 2192 1623 2232 ejus]

928 2241 1032 2273 Hom.
1050 2242 1092 2273 Il.
1110 2246 1142 2274 Γ.
1157 2241 1198 2272 *H
1215 2243 1301 2282 δεῦρο
1317 2241 1374 2281 μὲν
1389 2240 1499 2273 ἕποντο
1521 2240 1624 2273 νέεσσ’

928 2290 973 2320 ἔνι
995 2290 1225 2332 ποντοπόροισι,
1248 2293 1314 2323 Νῦν
1339 2292 1364 2323 δ’
1387 2290 1453 2323 αὖτ’
1480 2292 1535 2323 οὐκ
1558 2292 1622 2323 ἐθέ-

929 2346 1021 2371 λουσι
1035 2340 1142 2380 μάχην
1153 2342 1358 2381 καταδύμεναι
1368 2342 1495 2382 ἀνδρῶν,
1502 2341 1623 2382 Αἴσχεα

929 2390 1073 2423 δειδιότες
1087 2392 1136 2422 καὶ
1152 2391 1269 2423 ὀνείδεα
1286 2392 1380 2423 πόλλ’
1397 2391 1416 2423 ἅ
1426 2404 1478 2431 μοι
1490 2392 1575 2424 ἐστίν
1589 2402 1599 2431 3

1183 2477 1274 2507 LIB.
1295 2477 1357 2508 IV.

971 2542 988 2580 ξ
1007 2544 1021 2572 1
1045 2541 1452 2583 PraeclarapudicitiaJIta
1468 2542 1622 2574 disertim

926 2594 1072 2631 uterque
1123 2591 1189 2622 Ms.
1235 2591 1390 2633 Opponit
1422 2592 1622 2633 pudicitiam

928 2639 1091 2671 Hectoris
1127 2640 1259 2672 libidini
1294 2640 1484 2673 Alexandri
1501 2652 1509 2672 :
1544 2651 1621 2683 quae

927 2699 1019 2730 sane,
1030 2694 1066 2722 ut
1079 2691 1112 2722 in
1124 2691 1278 2723 omnibus
1292 2692 1371 2723 viris
1383 2691 1564 2728 laudanda,
1573 2692 1621 2723 ita

927 2742 960 2773 in
974 2741 1184 2783 principibus
1200 2743 1343 2774 maxime
1354 2743 1549 2784 conspicua,
1565 2753 1621 2774 eo·

928 2801 994 2833 que
1004 2792 1122 2833 magis,
1135 2802 1201 2833 quo
1214 2793 1332 2825 rarior.
1367 2793 1527 2825 Hectoris
1539 2802 1621 2824 sane

929 2843 1112 2884 antiquitas
1135 2844 1245 2875 nullos
1274 2853 1405 2876 amores
1430 2843 1537 2884 novit,
1561 2852 1621 2874 ne-
