1889 3194
263 277 344 317 394

783 285 985 316 JOSEPHl
1023 284 1183 315 ISCANI

265 379 500 421 Occultum
521 379 683 421 furatur
704 379 807 421 iter:
838 380 1100 432 silicumque
1122 382 1308 419 tenorem

265 447 370 487 AEre
391 446 553 495 domat,
576 447 759 500 jamque
780 446 826 486 in
844 458 1042 499 praeceps
1063 443 1280 497 pendente
1297 444 1420 486 ruina

265 512 410 561 Cedit,
433 518 478 553 et
497 511 678 553 effracta
697 512 874 553 tandem
896 512 1013 564 prior
1027 511 1134 551 urbe
1154 510 1336 563 potitur.

1622 512 1707 551 410

322 579 496 621 Interea
514 579 700 619 flammis
722 578 924 633 populari
945 577 1043 618 vela
1064 580 1286 630 parantem

267 647 473 687 Percellit
492 658 581 686 vox
602 646 696 686 dira
715 646 894 686 ducem:
926 643 1015 693 cui,
1038 647 1210 684 strenue
1232 642 1387 683 ductor

268 712 583 762 Dardanidum,
604 713 676 753 cui
695 712 810 752 bella
829 712 940 763 geris
956 711 975 750 'l
1007 709 1184 750 civesne
1204 722 1389 762 perosus

268 779 553 832 Monstripari
573 792 728 832 pacem
751 777 899 830 pelagi
919 777 1088 817 sancire
1107 776 1312 816 laboras?

267 846 339 886 An
362 845 535 898 pavidis
555 844 838 899 profugisque
859 844 996 885 instas
1011 844 1030 883 ‘l
1062 847 1106 884 et
1123 855 1176 883 ne
1196 855 1286 895 qua
1307 847 1534 896 superstes

1626 841 1713 882 415

267 912 335 952 Sit
354 913 471 964 fuga,
492 911 709 952 consumis
729 911 898 952 classes
914 911 933 950 'l
964 910 1267 964 proprioribus
1286 911 1408 951 ausis

268 978 500 1019 Intendere
520 990 677 1018 manus
693 977 855 1027 hostes,
876 977 963 1017 huc
982 976 1148 1017 lumina
1167 975 1312 1025 flecte,

267 1044 418 1097 Atque
439 1044 593 1084 urbem
612 1043 820 1084 miserare
841 1046 986 1084 tuam:

1017 1042 1097 1083 vix
1117 1042 1320 1083 credulus
1346 1041 1488 1082 haeret

268 1109 539 1160 Laomedon,
558 1110 780 1163 cernitque
799 1114 944 1151 tamen
958 1109 1055 1163 jam
1076 1109 1295 1162 Pergama
1311 1109 1467 1162 rumpi,

269 1177 392 1218 Stare
411 1176 575 1227 hostes,
594 1181 751 1218 nutare
773 1177 998 1230 Phryges:
1020 1178 1137 1230 rapit
1157 1190 1297 1230 ocyus
1317 1189 1472 1229 agmen

1629 1175 1714 1216 420

268 1242 536 1294 Attonitum,
555 1244 748 1297 bellique
771 1244 892 1285 rudis
911 1257 997 1285 non
1017 1244 1186 1297 colligit
1206 1244 1300 1284 alas
1317 1257 1328 1295 ;

270 1310 359 1351 Sed
380 1311 546 1363 sparsis
567 1314 776 1363 properat
794 1311 956 1362 signis:
988 1323 1119 1364 quem
1139 1315 1334 1364 praepete
1354 1308 1548 1362 gaudens

270 1376 453 1429 Excipit
474 1388 657 1417 occursu
677 1376 960 1429 Tirynthius:
990 1376 1166 1429 hisque,
1188 1377 1266 1426 ait,
1286 1377 1390 1418 olim

271 1442 383 1484 Cum
401 1447 642 1496 premerent
660 1446 816 1495 portus
838 1447 1084 1497 optataque
1105 1443 1255 1485 littora
1274 1443 1396 1493 fessi,

270 1508 447 1549 Exilem
468 1508 635 1549 telluris
657 1521 803 1561 opem,
824 1512 1103 1563 tenuemque,
1124 1510 1314 1563 negasti,

1631 1508 1716 1550 425

271 1576 415 1625 Saeve,
436 1587 615 1622 moram,
634 1578 782 1628 spreta
800 1576 926 1629 pacis
942 1590 1043 1617 cum
1060 1576 1211 1617 fronde
1232 1576 1448 1618 Minerva.

272 1641 406 1681 Sume
423 1641 562 1691 vices,
583 1641 722 1683 hostis
742 1642 884 1688 rediit,
906 1643 984 1696 qui
1004 1647 1184 1684 venerat
1203 1643 1386 1696 hospes.

274 1708 348 1749 Sic
368 1708 495 1758 fatur,
517 1709 760 1762 strictoque
781 1709 937 1751 ducem
959 1711 1277 1752 transverberat
1297 1723 1402 1751 ense
1421 1723 1431 1760 ;

925 1840 957 1871 Ν
964 1838 1065 1871 OTAE

315 1915 378 1944 408
414 1913 575 1944 Occultum
592 1913 724 1951 furatur
748 1913 823 1953 iter]
855 1913 968 1954 Hujus

275 1962 408 2002 generis
425 1961 654 2000 ὁμοιολήγοντα
669 1967 746 1993 sunt
761 1963 794 1993 in
809 1963 857 1993 his
873 1963 968 1993 libris

274 2013 392 2043 multa.
435 2013 646 2053 ‘Lapsurum
676 2013 853 2052 suspendit
877 2012 969 2043 iter!

271 2061 500 2093 ‘Nocturnum
515 2061 661 2101 disponit
678 2061 763 2092 iter.'
790 2061 800 2078 ‘
811 2061 968 2093 Phoebae·

274 2121 329 2141 um
341 2116 489 2142 maturat
502 2111 588 2143 iter!
622 2113 631 2129 ‘
643 2112 860 2151 Praereptnm
869 2111 968 2143 mira-

274 2166 331 2191 tur
347 2160 435 2192 iter.’
472 2161 695 2201 ‘AEquoreum
712 2161 863 2192 sulcabat
879 2161 969 2193 iter.'

274 2209 398 2249 Papin.
415 2218 450 2240 x.
472 2211 481 2227 ‘
496 2209 637 2240 Ae’rium
655 2210 719 2240 sibi
737 2215 850 2250 portat
867 2210 958 2242 iter.’

315 2261 378 2290 412
402 2259 551 2290 Pera-ellit
575 2268 636 2290 vox
655 2259 726 2290 dira
749 2259 871 2300 ducem]
903 2260 971 2290 Ἐκ-

274 2308 419 2347 πλήττει,
443 2309 597 2339 vulnerat
626 2309 772 2339 animum
798 2314 834 2340 et
861 2319 970 2342 aureS.

275 2359 363 2388 Vide
385 2357 552 2398 Scaligeri
572 2358 710 2388 Festum
727 2358 760 2388 in
785 2359 794 2376 ‘
807 2358 974 2399 Plancae,'

275 2414 311 2439 et
321 2407 403 2438 inibi
415 2407 572 2448 proverb.
586 2406 596 2423 ‘
608 2408 795 2448 plaustrum
809 2410 936 2449 perculi
948 2408 972 2440 ε’

277 2463 314 2487 nt
351 2462 387 2488 et
413 2456 515 2496 Agel.
541 2466 581 2488 Π.
611 2459 668 2488 23.
695 2457 752 2488 ubi
782 2457 870 2489 Cato
897 2459 971 2491 ait:

275 2509 285 2524 ‘
299 2507 428 2537 Ventus
446 2506 584 2538 Cercius
608 2511 774 2538 armatum
790 2507 973 2548 hominem,

276 2557 464 2597 planstrum
481 2561 656 2587 oneratum
675 2557 857 2597 percellit.'
885 2559 972 2589 Var-

276 2615 315 2636 ro
332 2606 364 2636 in
381 2606 597 2637 Parmenone
611 2616 619 2636 ε
637 2611 645 2624 ‘
661 2610 811 2638 teneram
824 2607 970 2640 abietem

278 2656 366 2685 solus
382 2655 560 2694 percellit?
603 2657 744 2688 Naevius
757 2657 790 2688 in
804 2658 972 2689 Tarentil-

279 2704 327 2734 la:
345 2703 354 2719 ‘
366 2704 421 2734 alii
434 2705 590 2743 percellit
602 2705 754 2745 pedem3’
769 2706 857 2747 quod
872 2707 973 2738 Plau-

281 2758 316 2783 to
346 2752 379 2782 iu
412 2753 503 2782 Asin.
539 2754 549 2770 ⁴
563 2754 683 2793 pedem
711 2756 798 2795 pede
827 2755 973 2795 premit.’

282 2802 419 2833 Lucret.
435 2802 444 2819 ‘
458 2806 613 2843 retroque
632 2805 787 2837 recellit.'
832 2807 894 2837 Est
916 2816 973 2838 au-

1023 1919 1090 1946 tem
1108 1924 1126 1945 a
1142 1914 1277 1945 κέλλειν.

1075 1967 1138 1995 418
1172 1964 1278 2004 Atque
1305 1963 1411 1994 urbem
1440 1962 1587 1993 miserare
1615 1959 1717 1998 tuam]

1024 2014 1168 2044 Festus:
1192 2013 1406 2051 ‘miseratnr,
1425 2012 1482 2053 qui
1500 2011 1720 2052 conqueritur

1023 2063 1135 2094 aliena
1157 2063 1370 2094 incommoda
1385 2073 1393 2100 3
1417 2062 1595 2092 miseretur
1611 2060 1649 2100 is,
1662 2060 1718 2100 qui

1022 2113 1177 2144 miserum
1193 2111 1369 2143 sublevat.’
1413 2112 1522 2142 Vetus
1541 2111 1719 2142 Gramma-

1023 2163 1129 2194 ticus:
1165 2166 1175 2179 ‘
1192 2161 1363 2196 Miserari,
1391 2159 1557 2191 consolari
1587 2163 1718 2190 tantum

1022 2217 1076 2243 est
1091 2213 1182 2243 intra
1194 2210 1355 2242 affectum
1378 2208 1528 2241 doloris-²
1559 2209 1719 2246 Plautus,

1022 2261 1031 2278 ⁵
1048 2271 1084 2293 se
1110 2259 1313 2293 miseratur.'
1366 2259 1518 2296 Tacitus,
1543 2262 1553 2276 ⁸
1569 2257 1719 2290 facunde

1022 2310 1201 2349 miserari,'
1226 2310 1316 2351 loqui
1332 2318 1455 2349 nempe
1471 2308 1514 2339 ad
1530 2307 1720 2339 misericor-

1022 2361 1124 2392 diam.
1167 2359 1236 2391 Sed
1258 2360 1322 2391 hoc
1347 2358 1530 2390 discrimen
1551 2366 1644 2397 saepe
1659 2356 1719 2387 rni-

1023 2415 1123 2450 grant
1138 2413 1308 2441 auctores.
1330 2408 1427 2448 Virg.
1439 2406 1555 2438 AEn.v.
1564 2409 1573 2423 ‘
1585 2405 1722 2446 AEquae-

1023 2468 1168 2500 vumqne
1197 2458 1239 2489 ab
1269 2458 1369 2488 humo
1398 2456 1563 2486 miserans
1592 2453 1721 2485 attollit

1024 2507 1195 2540 amicum.'
1241 2506 1336 2538 Idem
1360 2505 1485 2545 Georg.
1509 2513 1559 2535 ιν.
1583 2504 1643 2534 ‘et
1665 2513 1719 2535 res

1023 2556 1228 2588 miserabere
1258 2553 1411 2587 fractas.’
1464 2554 1509 2585 Et
1539 2552 1667 2593 Georg.
1692 2562 1717 2584 1.

1024 2607 1259 2647 ‘Ignarosque
1287 2604 1349 2635 viae
1379 2612 1510 2634 mecum
1539 2602 1719 2634 miseratus

1025 2655 1199 2696 agrestes)
1215 2655 1372 2694 Propert.
1387 2653 1456 2684 ‘Tu
1472 2653 1541 2684 sola
1556 2652 1718 2684 humanos

1028 2715 1198 2746 nunquam
1215 2705 1377 2736 miserata
1394 2702 1551 2735 labores?

1076 2759 1140 2787 428
1165 2755 1342 2794 Strictaque
1363 2754 1470 2784 ducem
1492 2752 1720 2784 transverberat

1026 2807 1110 2846 ense]
1137 2803 1360 2845 Apollodorus
1377 2811 1419 2835 11.
1441 2802 1564 2843 jaculis
1586 2801 1718 2834 confec-
