1889 3194
298 329 380 370 594
468 338 612 370 No'rAE
645 336 906 368 VARmRUM
944 336 995 366 {N

298 431 375 473 lere]
389 431 584 472 Legendum
597 431 760 462 arbitrer:
777 430 787 447 ‘
797 430 888 461 Dum
901 438 990 459 nam-

298 490 364 522 que
381 490 524 521 propera
537 480 642 511 itione
658 478 783 519 navigii
800 477 992 508 inconsulte

298 531 349 561 usi
360 531 637 572 ventis‚Cyprum
646 527 834 570 appulere!
848 527 992 558 Advers.

299 588 405 611 xxiv.
421 583 473 612 10.

341 629 481 669 Sumptis
504 629 621 669 aliquot
652 627 781 659 navibus
809 626 991 657 Alexander

299 679 475 710 Phoenicem
484 677 639 719 delapsus]
651 679 660 695 ‘
671 677 852 716 Delapsum
864 675 873 688 '
890 675 993 706 Alex-

299 727 439 759 andrum
470 727 615 767 navigio‚
644 726 704 757 hoc
734 730 799 763 est,
820 724 992 764 prosperis

298 778 411 809 ventis
424 777 620 816 devectum,
630 774 876 815 elegantissime
887 774 989 805 etiam

299 827 385 859 dixit
400 827 487 858 libro
503 826 620 857 eodem
643 825 769 865 primo:
792 825 885 855 ‘tum
902 833 995 855 nam-

300 887 367 918 que
383 875 624 918 properatione
648 874 774 915 navigii
800 874 996 905 inconsulte

300 926 351 957 usi
388 926 509 961 ventis,
546 924 587 955 ad
626 924 776 964 Cyprum
821 924 996 965 appulere.

299 975 399 1007 Unde
415 975 559 1016 sumptis
581 975 710 1015 aliquot
730 974 871 1005 navibus
889 974 995 1005 Alex-

301 1026 407 1057 ander
428 1025 624 1056 Phoenicem
646 1024 821 1064 delapsus,
842 1024 996 1055 Sidonio-

299 1086 373 1107 rum
390 1085 515 1117 regem,
533 1075 588 1114 qui
606 1084 682 1106 eum
706 1074 813 1104 amice
836 1083 996 1114 suscepe-

299 1132 366 1167 rat,
381 1130 483 1158 noctu
501 1124 629 1156 insidiis
642 1123 767 1155 necat.'
790 1124 873 1156 Quae
892 1124 997 1155 verba

300 1181 337 1208 et
352 1175 504 1216 superius
522 1175 651 1215 prolata
667 1183 732 1204 non
753 1178 870 1205 carent
887 1175 994 1214 suspi-

300 1226 396 1257 cione
414 1225 503 1266 apud
519 1234 576 1255 nos
588 1224 739 1256 maculae.
783 1224 994 1264 Quamquam

300 1277 430 1308 scelere
443 1275 559 1306 domus
571 1275 717 1306 Menelai
732 1274 884 1314 spoliatae
899 1284 997 1306 onus·

300 1331 336 1357 ta
352 1326 426 1357 navi
444 1335 644 1367 properasse
661 1329 780 1356 contra
797 1329 916 1355 ventos
935 1326 997 1356 eti·

302 1385 353 1406 am
371 1376 460 1407 dicat
486 1374 731 1415 Alexandrum,
746 1384 787 1404 ne
803 1383 824 1405 a
839 1383 997 1414 persecu-

303 1426 389 1457 turis
403 1425 730 1466 apprehenderetur.
755 1425 814 1455 Est
832 1430 944 1455 autem
960 1423 998 1455 τὸ

300 1476 308 1492 ‘
323 1474 503 1515 delapsus'
521 1474 711 1506 Poeticum.
748 1474 844 1514 Virg.
863 1482 899 1505 x.
921 1474 995 1506 AEu.

302 1530 310 1543 ¹
326 1525 465 1556 Labitur
481 1525 551 1555 alta
566 1534 685 1554 secans
708 1522 881 1564 fluctuque
898 1529 996 1554 aestu-

303 1583 369 1614 que
392 1571 566 1604 secundo.’
607 1574 732 1604 Tamen
757 1572 882 1613 aliquid
905 1583 999 1604 men-

302 1624 421 1654 dosum
452 1628 506 1655 est
538 1623 577 1654 iis
607 1623 733 1663 verbis,
766 1630 803 1654 ut
833 1633 997 1654 memora-

304 1674 424 1704 vimus.

347 1724 523 1763 Eademque
548 1733 608 1763 qua
631 1723 710 1763 apud
736 1722 998 1754 Lacedoemonimn

303 1773 488 1814 cupiditate]
515 1774 524 1790 ‘
538 1772 816 1804 Lacedaemonia’
838 1777 890 1802 est
918 1773 997 1803 urbs

304 1824 377 1864 ipsa
394 1822 709 1863 Sparta‚quomodo
724 1823 837 1853 nescio
854 1832 894 1853 an
912 1823 997 1854 ullus

307 1874 445 1904 Latinus
461 1871 614 1912 Scriptor
632 1872 814 1912 usurparit.

353 1923 536 1953 Unirersum
551 1923 672 1952 domum
688 1922 754 1961 ejus
771 1923 804 1952 in
819 1924 915 1953 scelus
927 1932 998 1963 pro-

301 1972 405 2012 prium
416 1970 584 2011 convertit]
595 1972 604 1988 ‘
616 1971 712 2002 Verri
726 1972 758 2002 in
772 1972 882 2002 scelus
895 1971 903 1984 '
917 1972 999 2002 dici-

306 2028 361 2053 tur
375 2022 536 2063 quicquid
554 2022 584 2052 vi
600 2026 719 2053 contra
739 2020 789 2052 fas
806 2027 842 2052 et
862 2022 1000 2062 aequita-

307 2076 373 2103 tem
388 2077 553 2112 patratur.

353 2123 431 2153 Cum
453 2121 605 2152 obstinate
627 2120 660 2151 hi
674 2120 757 2160 regis
772 2130 872 2152 necem
895 2119 1000 2159 defen-

306 2173 429 2214 derent]
460 2176 469 2190 ‘
484 2171 705 2210 Desendere,’
735 2176 786 2202 est
816 2171 1001 2202 vindicare.

309 2223 381 2254 Rex
399 2227 510 2252 autem
528 2225 602 2252 erat
616 2221 687 2261 jam
709 2221 838 2252 insidiis
856 2221 1001 2252 Alexan-

307 2270 359 2302 dri
374 2271 607 2310 interemptus.

351 2322 369 2361 ᾧ
384 2323 405 2352 6
420 2321 476 2355 Ue
492 2320 581 2351 taciti
602 2321 687 2351 cultu
712 2323 812 2351 tamen
835 2320 1003 2351 admissum

300 2370 427 2409 facinus
450 2370 699 2410 condemnarent]
722 2371 798 2401 Mos
820 2375 874 2401 est
896 2370 1002 2401 homi·

309 2430 402 2459 num,
415 2430 490 2451 cum
508 2430 578 2450 rem
595 2420 787 2460 quampiam
803 2420 910 2450 minus
927 2429 1002 2460 pro-

311 2470 407 2509 bant,
429 2471 555 2501 vultum
582 2470 796 2508 contrahere,
818 2475 852 2500 et
867 2479 908 2501 eo
928 2479 1001 2500 eam

312 2521 404 2551 velut
430 2521 588 2552 aversari.
635 2520 676 2551 Id
707 2520 822 2550 ‘vultu
846 2519 1002 2551 condem-

310 2581 391 2602 nare
406 2570 414 2585 '
429 2572 544 2609 pulcre
562 2571 661 2601 dixit.
704 2570 760 2601 Sic
779 2570 908 2600 Auctor
926 2570 1003 2601 Mo-

312 2621 377 2651 reti
394 2620 481 2651 idem
498 2620 615 2650 alludit
631 2631 638 2649 :
663 2623 672 2637 ‘
687 2620 785 2659 Saepe
809 2619 869 2649 viri
893 2619 1003 2649 nareis

312 2679 391 2701 acer
411 2671 587 2711 jaculatur
618 2673 755 2710 apertas
784 2669 942 2709 Spiritus,
967 2673 1003 2700 et

312 2720 394 2751 simo
408 2721 543 2751 damnat
558 2730 618 2751 sua
633 2720 772 2760 prandia
788 2719 902 2751 vultu?
932 2718 1004 2750 Ad·

312 2779 401 2801 vers.
417 2778 505 2802 Lvu.
522 2773 575 2801 20.

356 2820 374 2857 ς
385 2821 403 2848 7
422 2819 500 2849 Cum
513 2818 629 2858 partim
640 2819 775 2858 exemplo
781 2817 936 2856 facinoris
949 2827 1003 2849 ex·

312 2868 483 2908 eci-aretur]
514 2870 523 2886 ‘
536 2869 757 2909 Exemplum'
793 2867 931 2900 memini
960 2867 1004 2900 ab

1030 334 1221 365 DlCTYM
1254 334 1568 366 CRETENSEM.

1040 426 1234 458 auctoribus
1254 426 1319 458 dici
1342 427 1477 467 dignam
1501 437 1571 458 rem
1598 426 1737 459 imitati-

1041 488 1105 509 one
1128 484 1163 510 et
1184 479 1285 510 laude
1309 484 1485 520 perpetua.
1529 479 1734 511 Claudianus

1042 527 1085 558 de
1099 527 1259 559 fratribus
1277 529 1466 561 Catanaeis:
1490 530 1500 548 ‘
1512 529 1590 570 Ipse.
1609 529 1736 561 redun—

1042 576 1180 608 dantem
1207 577 1355 610 frenavit
1387 579 1559 611 Mulciber
1590 580 1736 617 AEtmun,

1042 625 1201 658 Laederet
1216 628 1362 667 exempli
1378 637 1419 658 ne
1435 631 1651 659 monumenta
1667 627 1739 668 pii!

1044 675 1083 706 In
1101 677 1206 707 veteri
1220 677 1412 717 epitaphio:
1435 679 1445 696 ‘
1459 678 1661 718 Exemplum
1677 686 1737 718 pe·

1044 725 1114 765 riit,
1135 731 1240 757 castae
1263 727 1378 766 lugete
1401 726 1549 767 puellae.'
1584 727 1666 758 Dixi
1693 726 1738 758 de

1045 774 1145 814 bona,
1160 775 1296 816 capitur
1313 781 1424 808 autem
1438 781 1472 808 et
1488 777 1520 808 iu
1533 777 1652 808 malam
1663 786 1739 818 par-

1046 828 1126 856 tem.
1149 825 1198 856 Ut
1213 827 1222 842 ⁴
1234 826 1424 866 exemplum
1441 825 1576 857 unicum
1592 826 1744 858 malitiae’

1046 880 1099 906 est
1115 875 1204 916 apud
1222 875 1428 916 Appuleium
1453 886 1530 916 pag.
1552 879 1627 908 381.
1684 877 1740 908 Sic

1045 928 1055 942 ⁴
1069 926 1156 965 gulae
1200 925 1409 966 exemplum'
1441 926 1599 966 Apicium
1638 932 1740 958 vocat

1046 975 1251 1008 Scholiastes
1290 977 1420 1017 priscus
1457 976 1491 1007 in
1527 976 1740 1008 Juvenalem.

1046 1025 1102 1056 Ita
1117 1027 1127 1043 ⁴
1141 1024 1332 1066 exemplum
1349 1025 1507 1057 facinoris
1521 1025 1529 1039 ’
1545 1024 1674 1057 facinus
1690 1025 1741 1065 ip-

1046 1084 1119 1105 sum
1136 1075 1315 1116 pessimum
1331 1075 1496 1116 Septimio
1506 1076 1529 1106 l.
1545 1084 1568 1106 1.
1583 1075 1625 1106 de
1642 1075 1740 1106 Bello

1046 1124 1205 1164 Trojano.
1223 1125 1363 1156 Advers.
1381 1134 1497 1157 xxxv.
1516 1127 1568 1156 14.

1092 1175 1156 1210 Qui
1171 1175 1279 1214 lingua
1294 1175 1482 1215 moribusque
1497 1174 1634 1215 barbari,
1658 1174 1741 1205 nihil

1043 1225 1144 1264 pensi,
1156 1225 1223 1265 δῖα]
1238 1225 1290 1255 De
1304 1225 1460 1265 Trojanis
1473 1224 1562 1265 quod
1579 1225 1642 1262 ait,
1656 1233 1742 1264 prae-

1047 1274 1148 1314 cipue
1165 1279 1276 1305 autem
1294 1274 1337 1304 de
1355 1274 1492 1313 regulis,
1508 1278 1544 1304 ut
1560 1278 1658 1305 vocat
1668 1274 1743 1305 Pri-

1049 1323 1114 1353 ami
1143 1323 1243 1363 fistos,
1264 1324 1366 1363 longe
1393 1323 1492 1354 aliter
1515 1332 1551 1354 se
1574 1333 1646 1353 eam
1670 1332 1740 1353 rem

1048 1372 1172 1403 habere
1217 1372 1476 1413 persuadebitur
1521 1372 1579 1412 qui
1619 1371 1742 1404 Dionis

1049 1423 1280 1464 chrysostomi
1302 1423 1490 1454 orationem
1512 1422 1671 1454 Troicam
1695 1423 1743 1454 le·

1049 1480 1119 1512 get.
1164 1474 1239 1506 Quo
1255 1482 1333 1503 sane
1354 1473 1440 1503 libro
1465 1472 1582 1503 mirum
1605 1477 1657 1503 est
1679 1472 1742 1503 nisi

1047 1524 1171 1554 veritas
1195 1524 1297 1555 totius
1320 1523 1400 1554 belli
1418 1522 1554 1562 Trojani
1579 1528 1638 1553 aut
1657 1531 1743 1553 nun-

1050 1583 1148 1613 quam
1162 1574 1262 1613 gesti,
1276 1577 1334 1603 aut
1346 1581 1462 1612 magno
1475 1573 1670 1603 Graecorum
1684 1572 1742 1603 de-

1048 1623 1183 1661 decore,
1201 1624 1365 1663 aperitur,
1382 1622 1414 1652 in
1432 1622 1594 1662 pudorem
1608 1621 1743 1653 omnino

1047 1672 1284 1712 figmentorum
1301 1671 1478 1703 levissimae
1495 1671 1652 1702 nationis.
1671 1670 1738 1703 Ad-

1049 1732 1137 1753 νει-3.
1153 1731 1239 1753 Lvn.
1256 1725 1307 1753 20.

1091 1774 1108 1813 ξ
1127 1776 1163 1803 14
1184 1773 1286 1803 Hicin
1297 1772 1406 1813 primis
1416 1772 1628 1803 odolescentiae
1639 1772 1740 1810 annis,

1047 1832 1201 1862 procerus,
1217 1823 1430 1861 decorasacz'e,
1444 1823 1549 1853 studio
1563 1832 1666 1853 rerum
1682 1822 1743 1853 bel-

1048 1873 1186 1911 licarum,
1198 1872 1376 1910 omnesjum
1387 1875 1451 1902 tum
1465 1872 1582 1902 virtute
1597 1875 1628 1902 et
1639 1871 1745 1910 gloria

1047 1922 1224 1962 superabat]
1248 1923 1324 1954 Non
1350 1922 1448 1952 audio
1471 1921 1577 1952 virum
1604 1921 1743 1952 doctum

1049 1971 1121 2001 lraec
1137 1971 1247 2002 mendi
1264 1971 1528 2011 suspicientem;
1553 1971 1665 2011 potius
1682 1979 1743 2001 nos

1050 2021 1287 2052 Sallustianum
1305 2020 1463 2061 loquendi
1476 2020 1610 2051 modum
1624 2029 1743 2058 agnos-

1051 2070 1167 2107 cimus,
1183 2075 1219 2100 ut
1235 2069 1308 2110 jam
1332 2069 1502 2100 sententia
1527 2069 1620 2100 velut
1644 2069 1744 2109 plena

1052 2118 1258 2160 adjiciantur
1275 2125 1387 2150 tamen
1404 2118 1482 2158 alia,
1508 2128 1582 2159 quae
1607 2127 1676 2149 rem
1693 2119 1744 2159 ip·

1051 2178 1121 2200 sam
1151 2169 1299 2210 penitius
1329 2172 1547 2200 concernaut.
1592 2168 1651 2199 Sic
1679 2168 1744 2200 hoc

1049 2219 1124 2251 loco
1153 2217 1308 2250 sufficere
1333 2224 1464 2260 poterat
1487 2218 1555 2250 dici
1577 2217 1743 2250 Achillem

1054 2270 1274 2310 proceritate,
1291 2273 1470 2299 venustate
1483 2267 1612 2307 formae,
1624 2272 1658 2299 et
1675 2273 1744 2299 stu-

1051 2319 1108 2350 dio
1135 2328 1246 2350 rerum
1274 2318 1468 2349 bellicarum
1491 2326 1606 2348 omues
1629 2326 1744 2358 super-

1053 2379 1149 2408 asse;
1183 2369 1240 2400 ille
1272 2378 1352 2399 vero
1381 2368 1480 2399 etiam
1511 2368 1672 2399 virtutem
1709 2373 1744 2399 et

1052 2419 1193 2460 gloriam
1220 2418 1357 2459 adjerit.
1402 2418 1594 2449 Observare
1619 2417 1746 2457 poteris

1053 2468 1144 2509 apud
1167 2467 1376 2506 Sallustium,
1399 2476 1460 2497 nec
1477 2475 1544 2497 non
1560 2475 1626 2496 uno
1639 2471 1743 2507 atque

1053 2519 1160 2549 altero
1177 2519 1251 2548 loco
1267 2516 1513 2557 Thucydidem.

1097 2569 1207 2608 Neque
1219 2572 1320 2599 tamen
1330 2567 1435 2597 aberat
1448 2565 1486 2596 ab
1499 2575 1533 2596 eo
1547 2566 1595 2595 vis
1606 2566 1746 2606 quadum

1053 2617 1237 2656 inconsulta,
1250 2621 1279 2648 et
1295 2615 1392 2657 effera
1405 2624 1524 2645 morum
1535 2615 1745 2654 impatientia]

1055 2668 1107 2698 Ex
1130 2667 1279 2698 Homero
1302 2664 1514 2696 adumbravit
1537 2664 1609 2694 haec
1634 2666 1745 2695 omnia

1054 2716 1259 2757 Septimius3
1282 2719 1317 2745 et
1334 2715 1376 2744 de
1390 2712 1509 2743 eodem
1527 2712 1657 2743 Achille
1673 2712 1745 2744 Ho-

1055 2767 1160 2797 ratius
1188 2763 1412 2796 notandorum
1441 2770 1568 2793 morum
1595 2771 1744 2794 summus

1055 2814 1178 2847 artifex
1193 2827 1200 2844 ι
1223 2817 1232 2832 ·
1244 2814 1313 2845 Aut
1327 2811 1448 2843 famam
1462 2821 1603 2852 sequere
1613 2817 1672 2844 aut
1683 2812 1745 2844 sibi

1055 2864 1289 2898 convenientia
1304 2862 1404 2903 finge.
1435 2861 1589 2902 Scriptor
1603 2862 1744 2894 honora-
