1889 3194
566 353 629 382 DE
663 352 819 382 BEhLO
852 350 1076 381 TROJANO
1111 350 1204 379 LlB.
1237 350 1290 379 11.

202 447 263 488 At
280 453 420 488 taceo.

1564 335 1645 376 431

479 445 541 487 At
560 446 671 487 facie
690 446 852 501 pollet:
873 444 1076 486 consulta
1095 444 1308 484 reclamat

204 514 352 564 Unda,
371 519 600 566 tumorque
615 526 738 565 genae
759 526 770 554 ε
800 511 960 565 gladiis
978 515 1024 552 at
1042 513 1220 552 strenua
1231 509 1388 550 sumtis
1406 522 1418 560 ;

202 581 307 622 Νο11
326 581 555 634 proprium
576 579 692 632 quod
712 579 845 631 fingat
866 577 999 619 habet
1017 592 1028 620 ι
1059 577 1243 618 mentita
1263 580 1467 629 potestas

203 649 330 690 Laeta
348 648 486 697 brevi,
507 648 725 701 probrosa
745 646 848 686 diu:
865 649 971 698 post
986 657 1132 698 pauca
1148 655 1314 692 serena,

202 714 365 768 Spuria
382 717 597 767 perpetuo
618 713 835 754 sordescit
853 712 995 764 gloria
1014 712 1154 752 luctu.

1560 708 1647 749 515

203 781 439 831 Quondam
461 785 584 821 certa
603 779 732 830 fides,
748 778 870 820 bella
885 777 1124 831 imperiosa
1146 777 1344 818 Deorum

203 848 306 889 Non
327 859 416 887 una
436 846 638 887 confecta
656 859 804 895 manu,
825 845 1062 898 laurusque
1079 857 1161 897 per
1182 856 1336 884 omnes

202 914 337 956 Dicta
357 913 471 954 dari:
504 917 550 954 at
568 913 730 954 victrix
753 912 929 954 Perseae
949 911 1170 964 Gorgonis
1190 910 1345 953 umbra

206 980 410 1022 Extorsit
422 980 592 1029 titulos,
610 980 890 1033 palmamque
910 978 1101 1019 imbellis
1121 977 1315 1031 Olympi.

204 1047 281 1088 Sic
301 1047 355 1089 de
374 1060 421 1088 se
436 1047 631 1087 meminit
647 1047 817 1096 Pallas,
831 1047 895 1087 sic
916 1045 1094 1087 credere
1109 1047 1278 1098 oportet
1298 1055 1310 1084 ε

201 1114 352 1162 Crede,
374 1114 519 1163 Paris,
536 1125 606 1153 res
628 1112 762 1165 digna
782 1112 885 1162 fide,
907 1111 1201 1164 tradendaque
1221 1109 1370 1158 fastis,

201 1181 312 1223 Plus
330 1181 460 1231 Jove,
476 1180 581 1233 plus
604 1179 778 1221 Phoebo
799 1179 965 1233 potuit,
986 1178 1088 1232 plus
1107 1177 1288 1218 foemina
1309 1175 1457 1216 Marte
1475 1188 1485 1216 :

851 1315 884 1347 N
891 1315 996 1347 OTAE

198 1396 266 1424 τον,
281 1393 459 1416 consensu.
504 1385 633 1424 Venus,
647 1389 686 1416 ut
703 1384 807 1415 verbo
824 1393 894 1415 rem

200 1433 341 1473 signem,
370 1433 560 1464 Minervam
586 1439 691 1473 negat
717 1433 894 1474 virginem,

199 1483 279 1524 quia
326 1483 584 1514 Erichthonium
629 1483 771 1524 Aglauri
815 1483 896 1513 fidei

200 1532 379 1571 commisit,
403 1542 502 1573 quem
529 1542 572 1563 ex
599 1533 754 1564 Vulcano
779 1537 895 1563 natum

198 1583 331 1622 volunt,
354 1582 425 1622 qui,
449 1586 488 1614 ut
504 1583 552 1613 ait
570 1581 682 1623 Apoll.
699 1581 895 1623 ἀπεσπέρμη-

196 1643 248 1663 νεν
262 1631 305 1663 εἷς
325 1631 361 1662 τὸ
386 1631 502 1663 σκέλος
523 1633 581 1669 τῆς
606 1634 686 1664 θεᾶς.
733 1633 894 1664 Nazianz.

199 1683 298 1714 Orat.
314 1691 354 1713 11.
367 1681 400 1712 in
415 1682 543 1715 Julian.
565 1685 639 1713 128.
654 1682 767 1721 Ἀθηνᾶ
783 1680 895 1723 παρθέ-

198 1743 248 1764 νος
263 1731 342 1771 ἐστὶ,
355 1731 406 1763 καὶ
418 1731 517 1763 τίκτει
531 1730 694 1772 δράκοντα.

242 1782 349 1821 Negat
369 1781 483 1821 anguis
505 1780 644 1822 opertus]
680 1781 766 1812 Haec
783 1781 835 1812 vel
853 1780 895 1811 ad

198 1831 457 1863 Erichthonium
483 1831 579 1862 cistae
604 1831 769 1861 inclusum
807 1829 895 1861 refe-

198 1882 320 1913 renda:
337 1891 403 1922 quo
421 1880 551 1912 faciunt
562 1880 667 1912 verba
682 1880 895 1921 Apollodori,

197 1932 324 1962 θεῶνται
338 1932 387 1970 τῷ
400 1930 509 1971 βρέφει
523 1929 810 1970 παρασπειράμενον
825 1929 895 1970 δρά-

198 1992 314 2012 κοντα;
340 1981 394 2012 vel
419 1981 462 2012 ad
486 1982 728 2021 AEsculapium‚
745 1980 835 2021 quod
852 1979 895 2011 ad

199 2031 306 2062 verba
315 2030 463 2061 auctoris
471 2030 610 2070 propius
621 2030 775 2069 accedit3
791 2035 896 2070 atque

199 2080 249 2111 ita
264 2080 272 2096 ‘
283 2080 401 2120 anguis
417 2084 556 2119 opertus
570 2079 578 2092 '
595 2080 661 2110 erit
673 2079 896 2119 AEsculapius,

200 2129 352 2169 quamvis
367 2138 433 2159 non
451 2129 611 2167 nesciam,
630 2130 824 2160 Draconem
843 2133 894 2159 tu-

200 2179 303 2209 telam
320 2179 373 2208 vel
395 2177 556 2209 famulum
572 2178 754 2217 AEsculapii
769 2178 894 2209 rectius

199 2228 281 2259 dici.
324 2227 470 2259 Serenus
495 2227 538 2258 de
562 2227 643 2258 illo:
673 2227 762 2260 ‘Qui
787 2235 892 2267 quon-

200 2277 277 2307 dam
294 2276 429 2317 placida
451 2280 563 2307 tectus
579 2276 640 2307 sub
657 2276 746 2316 pelle
761 2276 893 2306 Draco-

201 2325 275 2357 nis.'
321 2326 372 2356 De
399 2326 517 2356 eodem
545 2325 640 2356 Sext.
669 2324 788 2356 Aurel.
813 2325 895 2356 vic-

200 2380 275 2407 tor:
299 2376 308 2391 ⁴
322 2384 357 2405 se
374 2375 407 2405 in
421 2373 560 2415 Ogulnii
576 2375 798 2405 tabernaculo
815 2383 896 2404 con-

200 2423 368 2465 spiravit!
399 2424 548 2454 Palladis
565 2433 645 2454 vero
660 2428 695 2454 et
710 2422 894 2463 AEsculapii

200 2474 270 2505 filia
286 2474 412 2505 dicitur
423 2472 551 2512 Ὑγίεια,
571 2473 659 2514 quod
676 2473 777 2511 solus,
791 2481 896 2512 quan-

201 2529 274 2555 tum
299 2523 383 2562 scio,
406 2523 594 2554 Pausanias
617 2521 736 2553 scribit
757 2522 790 2551 in
807 2520 898 2552 Atti-

201 2574 276 2605 cis:
316 2573 373 2604 τοῦ
404 2571 436 2603 δὲ
469 2572 651 2612 Διῖτρεφοῦς
679 2570 814 2608 πλησίον
838 2592 846 2601 .
863 2593 871 2602 .
889 2593 898 2601 .

200 2625 277 2655 θεῶν
292 2622 421 2662 ἄγαλμα
443 2621 531 2653 ἔστιν
549 2620 682 2660 ‘Tyteias
704 2633 752 2660 τε,
765 2619 803 2657 ἢν
827 2620 899 2651 Ἀσ-

201 2674 332 2711 κληπιοῦ
354 2673 449 2703 παῖδα
472 2671 548 2703 εἶναι
569 2670 712 2710 λέγουσι,
734 2670 785 2701 καὶ
811 2670 900 2707 Ἀθη-

203 2725 258 2756 νᾶς
296 2723 460 2760 ἐπίκλησιν
497 2722 548 2753 καὶ
577 2720 693 2758 ταύτης
732 2719 863 2761 Ὑγιείας
885 2731 894 2751 :

204 2775 329 2806 deinde
352 2774 455 2806 etiam
479 2774 568 2814 apud
587 2772 730 2804 eundem
752 2773 786 2802 in
800 2780 897 2812 quar-

206 2829 242 2855 ta
279 2830 376 2865 parte
422 2824 504 2855 Arae
546 2822 744 2863 Amphiarai
783 2822 899 2852 tribui-

204 2880 259 2906 tur
274 2874 399 2907 Veneri
415 2874 582 2906 Panaceae
604 2874 696 2905 locus
711 2883 720 2913 3
744 2873 824 2905 ilem
841 2873 898 2906 Ja-

950 1384 1022 1415 soni
1054 1383 1193 1424 Hygiae,
1222 1387 1258 1414 et
1284 1382 1449 1414 Minervae
1472 1380 1644 1412 Paeoniae:

950 1435 1045 1474 cujus
1073 1434 1121 1465 rei
1147 1433 1392 1473 Mythologiam
1424 1431 1526 1462 habes
1555 1430 1646 1471 apud

950 1484 1093 1514 eundem
1110 1483 1144 1513 in
1160 1482 1320 1514 Achaicis
1336 1485 1410 1513 230.
1427 1486 1460 1512 et
1477 1481 1647 1520 discepta-

951 1535 1077 1566 tionem
1093 1534 1273 1565 Pausaniae
1293 1543 1368 1563 cum
1391 1530 1534 1573 quodam
1550 1530 1647 1561 Sido-

950 1585 1017 1615 nio.
1060 1583 1150 1615 Vide
1163 1587 1199 1614 et
1214 1583 1363 1614 Plinium
1387 1590 1504 1613 xxxv.
1521 1584 1572 1612 ll.
1588 1580 1647 1611 uhi

949 1634 1029 1665 Iaso
1042 1637 1078 1665 et
1093 1632 1191 1673 AEgle
1207 1631 1285 1663 filiae
1301 1631 1517 1662 nominantur
1528 1629 1647 1661 AEscu-

949 1683 1055 1724 lapii:
1084 1681 1328 1723 Dalecampius
1355 1682 1422 1713 ista
1444 1680 1487 1711 de
1509 1680 1588 1711 Iaso
1604 1679 1646 1710 ad

949 1734 1103 1764 Iasonem
1114 1731 1269 1763 Chironis
1281 1731 1452 1762 alumnum
1464 1728 1647 1760 manifesto

950 1791 1064 1814 errore
1101 1779 1278 1813 transfert.
1338 1779 1498 1812 Quamvis
1532 1783 1646 1810 autem

947 1832 1140 1872 Theocrito,
1150 1831 1312 1869 Luciano,
1321 1830 1484 1869 Homero,
1493 1829 1649 1870 aliisque,

948 1882 1069 1917 Diana,
1086 1882 1211 1920 Musae,
1240 1884 1276 1911 et
1300 1879 1472 1914 Minerva,
1491 1876 1647 1919 ἆειπαρθέ-

949 1943 1008 1968 νοι,
1031 1931 1087 1962 3111
1106 1931 1193 1962 filios
1210 1935 1323 1962 tamen
1345 1934 1380 1960 et
1395 1928 1482 1960 filias
1506 1929 1572 1959 illis
1595 1938 1648 1958 as-

953 1983 1108 2023 signant:
1125 1981 1168 2011 de
1184 1981 1308 2020 Diana,
1323 1980 1350 2010 si
1366 1979 1486 2010 eadem
1502 1983 1556 2010 est
1572 1988 1646 2010 cum

951 2033 1048 2063 Luna
1064 2037 1099 2064 et
1116 2031 1255 2072 Ilithya,
1278 2029 1436 2071 λυσιζῶνῃ
1461 2038 1513 2060 res
1534 2029 1647 2059 clara:

950 2083 991 2112 de
1006 2082 1114 2112 Musis
1130 2085 1180 2111 est
1196 2080 1286 2120 apud
1303 2079 1508 2110 Pausaniam
1522 2078 1555 2109 in
1568 2078 1648 2108 Boe-

950 2130 1048 2161 oticis
1063 2140 1096 2168 p.
1107 2131 1183 2160 303.
1204 2128 1404 2169 Apollodor.
1415 2137 1441 2158 1.
1458 2137 1491 2168 p.
1505 2129 1536 2159 8.
1559 2127 1647 2157 Cau-

949 2190 1019 2211 sam
1035 2179 1134 2211 affert
1149 2179 1236 2210 Bion
1253 2178 1356 2219 Idyll.
1374 2181 1408 2210 4.
1446 2178 1644 2209 Paschalius

947 2229 989 2260 de
1004 2229 1147 2260 Coronis
1163 2237 1221 2259 111.
1236 2231 1267 2260 4.

990 2282 1052 2310 515
1076 2280 1194 2319 spuria
1213 2282 1360 2319 perpetuo
1381 2278 1531 2309 sordescit
1542 2277 1649 2316 gloria

949 2328 1048 2368 luctu]
1083 2329 1119 2359 Si
1149 2328 1255 2368 spurii
1286 2327 1347 2358 ἀπὸ
1375 2329 1433 2364 τῆς
1456 2328 1586 2367 σπορᾶς,
1609 2331 1649 2358 ut

951 2378 1023 2408 vult
1050 2376 1266 2408 Modestinus
1288 2378 1336 2408 D.
1359 2377 1402 2408 de
1425 2382 1516 2407 statu
1545 2376 1648 2408 Hom.

949 2435 1061 2457 xxiii.
1084 2425 1180 2465 dicti,
1195 2426 1320 2457 rectius
1343 2426 1535 2457 Ausonius:
1558 2426 1648 2466 ‘qui-

949 2485 1014 2515 que
1023 2479 1136 2505 notam
1146 2474 1268 2514 spuriis
1284 2475 1437 2506 versibus
1448 2474 1651 2506 addiderat!

951 2525 1008 2555 De
1046 2524 1211 2555 vocabulo
1242 2524 1317 2555 vide
1348 2524 1515 2556 Crinitum
1546 2532 1587 2555 11.
1617 2528 1649 2555 5.

951 2575 1102 2614 Scaliger
1113 2574 1145 2604 in
1162 2575 1298 2605 Festum
1313 2584 1346 2615 p.
1357 2577 1430 2605 112.
1443 2574 1499 2605 ubi
1517 2574 1560 2605 de
1576 2585 1650 2605 σκο-

953 2624 1042 2663 τίοις,
1053 2621 1224 2664 παρθένοις,
1241 2624 1399 2655 Favoniis
1413 2634 1423 2662 3
1451 2628 1487 2655 et
1503 2623 1650 2655 Meursi-

954 2684 1010 2705 um
1024 2674 1066 2704 ad
1079 2674 1337 2715 Lycophronem
1351 2684 1386 2715 p.
1400 2677 1475 2705 206.
1500 2674 1648 2705 Casaub.

957 2723 999 2754 ad
1018 2723 1212 2764 Apuleium,
1232 2733 1265 2764 p.
1284 2726 1359 2755 148.
1402 2724 1454 2754 De
1471 2723 1553 2754 vitio
1570 2723 1648 2754 filiis

951 2774 1105 2814 Scaliger
1122 2774 1163 2804 ad
1189 2775 1377 2805 Varronem
1394 2784 1427 2815 p.
1443 2775 1519 2805 224.
1535 2773 1577 2804 de
1593 2773 1649 2803 iis-

953 2824 1028 2854 dem
1053 2823 1174 2853 Imbris
1191 2823 1244 2854 vel
1271 2823 1407 2855 Umbris
1431 2822 1533 2855 dictis
1558 2822 1649 2864 apud

954 2872 1098 2905 eundem
1116 2882 1149 2913 p.
1164 2875 1239 2904 201.
