1889 3194
274 316 360 356 616
448 327 589 358 NOTAE
622 326 886 358 VAmoRoM
922 327 972 357 ru

274 419 512 458 miserrimum,
529 420 668 452 Sentire
694 429 734 451 ea
759 423 877 460 aetate,
900 428 973 450 esse

275 469 429 500 odiosum
447 479 482 501 se
497 469 623 501 alteri.'

318 519 336 559 ς
353 522 372 549 5
398 519 534 550 Insidias
549 522 685 550 tentatas
706 518 795 549 solito
810 529 829 549 α
842 518 975 558 regulis]

273 567 372 599 Med.
391 568 400 584 ‘
418 567 528 599 more'
543 568 638 599 addit
653 577 671 599 e
688 567 825 598 Glossa.
862 568 975 607 Supra

274 626 328 649 lv.
361 620 411 648 16.
449 619 459 634 ‘
476 618 584 649 Solito
611 617 653 648 ad
685 616 975 656 Agamemnonem

275 672 446 698 coenatum
474 665 637 698 veniunt!
682 665 816 696 Auctor
843 665 885 695 de
909 665 976 696 ori·

275 717 354 756 gine
368 717 479 756 gentis
493 717 591 747 Rom.
608 725 650 747 ex
665 716 704 746 C.
718 715 810 746 Fabii
825 715 976 746 Pictoris

275 767 477 807 Annalibus,
499 767 650 808 itemque
672 777 715 797 ex
741 767 976 807 antiquissimo

275 817 442 857 scriptore
458 817 658 848 Vennonio:
684 817 694 835 ⁴
709 817 818 849 Solito
841 817 977 849 institu—

273 871 379 908 toque
396 876 568 907 egressam
585 867 751 907 virginem
768 867 802 898 in
818 877 913 898 usum
926 878 976 899 sa·

275 925 408 947 crorum
426 925 546 955 aquam
564 915 735 956 petitum!

319 966 337 1006 ᾧ
355 968 393 996 ll
418 965 545 997 Scilicet
570 976 627 1006 quo
644 969 785 997 attractu
806 970 906 997 motus
919 966 976 1004 sa-

273 1015 366 1046 cilius
381 1014 485 1055 foret]
513 1015 652 1047 Sallust.
679 1015 762 1056 Jug.
793 1018 848 1046 94.
886 1015 896 1031 ‘
915 1014 976 1046 Uti

274 1070 477 1105 prospectus
493 1065 654 1106 nisusque
672 1075 733 1106 per
745 1074 825 1095 saxa
840 1063 975 1095 facilius

275 1113 387 1146 foret.’
431 1115 546 1146 Livius
576 1123 667 1146 xxv.
695 1117 746 1146 11.
768 1116 777 1131 ‘
795 1115 976 1145 munitum-

274 1174 341 1205 que
368 1164 446 1201 iter‚
472 1174 539 1206 quo
565 1164 722 1195 faciliora
747 1165 899 1205 plaustra
916 1163 976 1194 ini·

275 1224 405 1256 norque
423 1215 528 1246 moles
545 1214 579 1245 in
596 1214 744 1245 transitu
759 1213 876 1245 esset!

321 1266 415 1296 Nullo
430 1265 558 1304 dilectu,
573 1265 686 1296 civium
710 1263 853 1294 manibus
866 1263 975 1294 dissol-

275 1314 405 1355 vuntur]
440 1314 536 1346 Med.
571 1319 580 1333 ⁴
600 1314 704 1345 Nullo
740 1312 893 1350 delicto:
931 1313 975 1343 al.

274 1364 284 1381 ‘
318 1365 426 1396 multo
457 1363 609 1395 dilectu.’
672 1361 840 1394 Inferius:
877 1363 887 1380 ‘
904 1362 976 1393 sine

278 1414 347 1444 ullo
362 1414 475 1444 aetatis
490 1418 592 1454 atque
604 1413 739 1443 honoris
749 1412 913 1444 delectu.’
928 1417 976 1453 et,

277 1464 287 1479 ‘
301 1464 394 1494 nullo
411 1463 539 1494 dilectu
555 1464 702 1494 virorum
719 1462 884 1494 fortium.’

320 1513 547 1553 Semirutisque
583 1512 747 1552 moenibus]
796 1512 854 1543 Sic
893 1511 976 1552 Arg.

276 1563 382 1602 Vulg.
419 1563 428 1579 ⁴
455 1561 743 1602 semiruptisque.'
798 1562 976 1593 Sallustius

277 1612 366 1652 apud
382 1612 417 1643 S.
432 1612 677 1652 Hieronymum
695 1611 727 1641 in
742 1611 918 1645 Habacuc,
933 1611 976 1641 de

276 1661 490 1702 Saguntinis,
511 1661 520 1678 ‘
537 1662 663 1702 quippe
689 1661 764 1702 quis
787 1661 887 1692 etiam
906 1664 976 1692 tum

279 1711 443 1742 semiruta
458 1710 608 1741 moenia.’

322 1761 340 1799 ς
367 1762 406 1790 12
429 1759 483 1791 Ad
504 1770 591 1791 aram
618 1759 710 1791 Jovis
732 1760 979 1802 anteaedificiulis

278 1808 438 1848 confugit]
469 1809 526 1840 Ita
551 1809 679 1839 diserte
707 1808 801 1840 Med.
830 1810 885 1840 ed.
913 1819 976 1841 nec

277 1859 380 1899 longe
407 1859 479 1890 abit
502 1858 587 1898 Arg.
612 1859 679 1889 Ms.
704 1858 738 1889 in
764 1868 830 1898 quo
853 1859 863 1875 ⁴
883 1864 977 1890 ante-

281 1909 500 1949 aedificialcs,’
526 1910 706 1950 Scioppius
733 1910 817 1949 legit
844 1910 853 1927 ⁴
873 1909 977 1941 aedifi-

279 1959 397 1990 cialis.’
442 1959 544 1999 Vulg.
566 1959 576 1976 ‘
595 1963 673 1990 ante
691 1958 883 1991 aedificiale.
916 1960 978 1992 Ju-

278 2010 371 2050 piter
402 2008 671 2040 anteaedificialis
702 2009 818 2049 ἑρκεῖος
851 2008 935 2045 Ζεὺς,
957 2009 980 2049 ᾧ

278 2058 387 2099 βωμοὶ,
408 2063 446 2089 ut
467 2058 586 2089 scribit
613 2058 876 2098 Harpocration,
893 2058 980 2091 ἐντὸς

279 2107 385 2147 ἕρκους
400 2108 433 2138 ἐν
446 2109 487 2148 τῇ
502 2107 604 2148 βουλῇ
617 2107 763 2148 ἵδρυνται.
775 2107 813 2138 τὸ
825 2107 886 2149 ’γὰρ
895 2108 979 2149 περί-

278 2162 379 2194 βολον
394 2157 482 2199 ἕρκος
497 2157 619 2196 ἔλεγον.
637 2167 697 2198 pro
713 2157 746 2188 ἐν
756 2159 797 2199 τῇ
812 2160 917 2200 βουλῇ
933 2160 979 2190 le-

280 2208 428 2248 gendum
441 2207 527 2239 baud
542 2207 643 2238 dubie
663 2207 697 2238 ἐν
710 2208 755 2248 τῇ
770 2207 859 2248 αὐλῇ.
890 2208 980 2238 Pan·

280 2259 391 2290 sanias
405 2259 438 2289 in
456 2257 706 2290 Corinthiacis:
724 2258 837 2289 τοῦτον
850 2257 907 2288 τὸν
921 2256 981 2288 Δία

280 2308 405 2349 Πριάμῳ
418 2308 514 2349 φασὶν
527 2307 603 2341 εἶναι
618 2310 774 2349 πατρῷον,
796 2309 829 2339 ἐν
850 2307 981 2348 ὑπαίθρῳ

279 2360 336 2395 τῆς
351 2359 448 2395 αὐλῆς
464 2357 633 2399 ἱδρυμένον.
686 2358 893 2398 Hesychius,
912 2358 980 2398 ‘Ep-

280 2408 364 2441 κείου
378 2408 452 2439 Διὸς
465 2408 523 2438 τοῦ
537 2407 619 2438 κατὰ
632 2407 691 2445 τὴν
705 2406 815 2439 οἰκίαν.
839 2412 875 2439 et
892 2417 983 2448 mox,

281 2458 391 2498 ἔρκιον.
407 2456 523 2489 κύκλος
539 2457 650 2493 αὐλῆς.
695 2457 910 2496 Eustathius,
925 2459 982 2489 τοῦ

281 2506 400 2548 ἕρκους.
410 2507 427 2538 ὅ
437 2508 504 2539 ἐστι
511 2508 568 2538 τοῦ
575 2505 643 2546 περὶ
653 2506 753 2544 αὐλὴν
763 2506 897 2545 τειχίου.
909 2507 979 2538 dic-

281 2561 336 2588 tus
351 2563 464 2588 autem
481 2555 745 2587 anteaedificialis
765 2565 831 2588 non
849 2561 980 2589 tantum

281 2606 372 2646 quod
398 2606 431 2636 in
457 2606 533 2636 aula
552 2609 632 2635 ante
657 2603 836 2636 aedificium
853 2606 981 2637 colere·

281 2660 351 2694 tur,
379 2654 439 2686 sed
466 2655 569 2685 etiam
597 2654 688 2696 quod
716 2660 816 2695 septo
843 2655 982 2688 aedificii

282 2705 487 2745 praepositus
511 2709 613 2735 esset.
659 2704 755 2735 Idem
781 2705 980 2736 Eustathius

283 2755 325 2785 ad
355 2755 454 2786 Hom.
471 2754 539 2785 od.
555 2763 591 2785 x.
625 2754 729 2792 βωμὸς
755 2753 872 2794 ἑρκείου
895 2754 982 2794 Διὸς,

285 2804 341 2842 ἔξω
353 2816 412 2835 που
424 2803 491 2844 περὶ
502 2803 559 2841 τὴν
571 2803 670 2841 αὐλὴν
682 2804 791 2843 αἴθριος
804 2803 878 2834 εἶναι
888 2805 982 2843 δοκεῖ,

1009 326 1201 357 DICTYM
1236 326 1549 357 CRETENSEM.

1025 417 1125 458 ἐφόρῳ
1153 419 1209 449 τοῦ
1233 417 1349 458 ἕρκους.
1400 418 1622 450 Simulacrum
1648 420 1723 460 ejus

1024 467 1191 498 describit
1209 467 1407 505 Pausanias,
1428 468 1517 508 quod
1539 467 1623 499 duos
1643 478 1722 500 ocu-

1024 517 1074 547 los
1100 526 1142 547 eo
1163 517 1240 547 loco
1266 527 1331 557 qno
1354 516 1516 555 homines,
1532 518 1671 549 tertium
1689 518 1722 548 in

1024 565 1138 597 fronte
1155 566 1324 598 habuerit.
1358 566 1463 597 Aram
1478 566 1520 597 ad
1535 566 1723 598 Alexandri

1025 615 1075 647 M.
1091 620 1229 647 aetatem
1244 616 1404 648 mansisse
1421 616 1640 658 superstitem
1657 616 1724 647 dis-

1025 675 1082 696 cas
1098 676 1141 697 ex
1158 665 1303 697 Arriano
1319 675 1345 698 1.

1069 716 1086 755 §
1103 718 1142 746 16
1156 716 1285 747 Hecuba
1300 726 1356 756 quo
1372 716 1534 747 servitium
1550 720 1649 747 morte
1661 717 1724 748 sol·

1023 769 1123 805 vet-et,
1139 767 1237 797 multa
1259 766 1401 805 ingerere
1416 767 1597 807 maledicta]
1622 767 1724 798 Plau-

1026 818 1081 845 tus
1097 816 1130 845 in
1146 816 1349 847 Menaechm.
1366 825 1400 847 v.
1416 819 1447 847 1.
1471 815 1481 832 ‘
1492 816 1572 847 Non
1591 821 1628 847 tu
1644 815 1724 854 scis,

1026 865 1158 905 mulier,
1173 865 1348 897 Hecubam
1375 869 1583 906 quapropter
1606 874 1723 896 canem

1026 914 1122 946 Graii
1139 925 1212 947 esse
1228 915 1462 956 praedicabant
1473 914 1618 948 ?...Quia
1633 914 1722 945 idem

1025 963 1173 996 faciebat
1193 965 1349 1004 Hecuba,
1361 965 1449 1006 qnod
1463 969 1500 996 tu
1516 974 1605 996 nunc
1618 963 1723 996 facis:

1027 1013 1151 1045 Omnia
1178 1015 1267 1046 mala
1289 1014 1470 1055 ingerebat
1486 1024 1655 1055 quemque
1672 1023 1723 1045 as-

1027 1068 1189 1102 pexerat;
1206 1063 1328 1104 Itaque
1344 1064 1429 1095 adeo
1440 1063 1520 1104 jure
1535 1068 1651 1104 coepta
1667 1073 1728 1104 ap-

1026 1112 1145 1152 pellari
1163 1117 1216 1144 est
1232 1113 1349 1144 canis!

1070 1162 1087 1201 ᾗ
1115 1164 1154 1193 17
1189 1162 1307 1193 AEneas
1335 1162 1416 1203 apud
1449 1161 1572 1202 Trojam
1604 1163 1724 1203 manet]

1026 1211 1235 1242 scholiastes
1263 1212 1518 1252 Lycophronis:
1541 1211 1579 1243 ‘O
1604 1211 1725 1245 Αἰνείας

1025 1259 1116 1299 μόνος
1127 1262 1235 1300 φυγὼν
1247 1262 1282 1292 ἐκ
1296 1262 1352 1299 τῆς
1364 1260 1520 1298 ἁλώσεως.
1532 1260 1628 1293 πάλιν
1641 1262 1723 1302 ᾤ’κη-

1027 1322 1083 1342 σεν
1095 1312 1153 1348 τὴν
1164 1311 1288 1352 Τροΐαν.

1073 1361 1153 1391 Cum
1168 1371 1205 1391 ne
1219 1371 1274 1392 nos
1288 1361 1411 1401 quidem
1426 1362 1517 1393 unius
1531 1361 1725 1402 ejusdemque

1026 1409 1148 1450 insuloe,
1162 1411 1259 1442 simili
1275 1412 1397 1450 lingua,
1410 1412 1462 1442 sed
1477 1412 1565 1442 varia
1585 1413 1725 1451 permix-

1026 1465 1116 1501 taque
1130 1461 1270 1501 utamur]
1296 1462 1398 1492 Hom.
1414 1461 1482 1493 Od.
1497 1466 1533 1492 T.
1549 1461 1592 1492 de
1609 1462 1724 1493 Cretae

1026 1510 1145 1541 incolis
1159 1521 1167 1542 :
1184 1511 1289 1549 Ἄλλη
1305 1511 1330 1542 δ’
1345 1510 1453 1543 ἄλλων
1465 1513 1602 1550 γλῶσσα
1612 1523 1724 1551 μεμιγ·

1025 1559 1112 1598 μένη.
1136 1561 1170 1591 ἐν
1185 1560 1243 1599 μὲν
1261 1561 1396 1600 Ἀχαιοὶ,
1418 1562 1470 1592 Ἐν
1485 1562 1510 1592 δ’
1524 1560 1726 1601 Ἐτεόκρητες

1025 1611 1250 1652 μεγαλήτορες,
1273 1611 1305 1642 ἐν
1322 1609 1355 1642 δὲ
1380 1611 1675 1652 Κύδωνες-,Δωριέες
1689 1624 1725 1643 τε

1025 1660 1195 1701 τριχάϊκες,
1204 1661 1262 1693 δῖοί
1276 1673 1312 1693 τε
1327 1662 1496 1701 Πελασγοί.
1513 1661 1612 1694 Adde
1624 1663 1720 1694 Stra-

1026 1709 1149 1742 bonem
1166 1720 1202 1742 x.

1282 1804 1376 1836 LIB.
1398 1804 1461 1835 VI.

1069 1861 1086 1900 §
1114 1863 1129 1891 1
1164 1859 1282 1892 Salutis
1309 1860 1522 1893 anchoralibus
1557 1861 1726 1902 navigant]

1027 1908 1101 1939 Liv.
1116 1917 1210 1941 xxu.
1227 1913 1278 1942 19.
1301 1912 1310 1928 ‘
1329 1911 1479 1941 Vixdum
1503 1920 1618 1941 omnes
1644 1921 1724 1942 con-

1027 1958 1244 1999 scenderant,
1260 1969 1336 1991 cnm
1353 1960 1409 1990 alii
1432 1960 1592 1990 resolutis
1608 1960 1674 1991 oris
1691 1962 1725 1992 in

1029 2007 1192 2038 anchoras
1209 2008 1419 2046 evehuntur;
1445 2008 1500 2039 alii
1519 2017 1562 2039 ne
1579 2008 1659 2049 quid
1677 2014 1726 2040 te-

1029 2063 1109 2089 neat
1125 2059 1319 2090 anchoralia
1334 2059 1511 2098 incidunt;
1534 2061 1726 2102 raptimque

1029 2108 1139 2138 omnia
1167 2117 1385 2149 praepropere
1411 2108 1557 2150 agendo,
1582 2110 1725 2142 militum

1029 2164 1197 2199 apparatu
1230 2160 1368 2191 nautica
1401 2160 1590 2191 ministeria
1620 2161 1727 2202 impe-

1030 2209 1182 2250 diuntur,
1216 2210 1445 2250 trepidatione
1468 2215 1647 2241 nautarum
1670 2221 1727 2242 ca-

1031 2267 1113 2298 pere
1152 2263 1187 2290 et
1228 2264 1348 2299 aptare
1373 2269 1466 2290 arma
1495 2260 1591 2291 miles
1615 2261 1727 2300 probi-

1032 2306 1155 2339 betur:
1213 2309 1382 2339 Nimirum
1413 2309 1633 2340 ‘anchoralia
1662 2310 1727 2340 sol·

1032 2357 1130 2388 vere'
1180 2358 1234 2389 bic
1277 2358 1368 2390 idem
1411 2358 1594 2399 significat,
1636 2360 1727 2401 quod

1030 2407 1120 2446 apud
1148 2407 1250 2439 Ovid.
1278 2408 1421 2440 Metam.
1442 2417 1507 2439 xv.
1536 2411 1612 2440 696.
1649 2409 1659 2426 ‘
1676 2418 1728 2440 re-

1031 2457 1181 2487 tinacula
1209 2458 1335 2497 puppis
1365 2457 1530 2489 Solvere!
1574 2458 1619 2489 Et
1635 2459 1727 2498 apud

1031 2505 1229 2545 Euripidem
1261 2506 1294 2537 in
1319 2506 1485 2538 Hecuba:
1515 2507 1612 2538 Λῦσαι
1633 2513 1728 2546 χαλι-

1031 2555 1156 2596 νοτήρια
1171 2558 1259 2587 νεῶν.
1770 2547 1773 2554 Ι

1077 2605 1120 2635 Et
1146 2605 1183 2635 ob
1206 2606 1239 2636 id
1261 2605 1406 2637 sset-iente
1428 2605 1523 2646 mari]
1547 2605 1641 2637 Med.
1666 2607 1676 2624 ‘
1693 2612 1729 2639 et

1032 2653 1241 2685 obsaeviente
1259 2653 1367 2685 mari.'

1075 2705 1142 2736 Per
1164 2708 1283 2736 noctem
1301 2704 1372 2743 igni
1393 2704 1472 2735 elato
1490 2704 1532 2734 ud
1546 2714 1581 2735 ea
1597 2705 1663 2736 loca
1675 2707 1728 2737 de·

1024 2754 1153 2796 flectere
1178 2757 1325 2794 tanquam
1353 2754 1393 2784 ad
1422 2756 1546 2793 portum
1570 2754 1727 2796 coegerat]

1031 2806 1162 2836 Seneca
1184 2805 1216 2835 in
1234 2803 1407 2844 Agamem.
1423 2813 1477 2835 111.
1496 2807 1525 2835 l.
1549 2806 1558 2823 ‘
1573 2805 1658 2837 hanc
1674 2816 1727 2837 ar-

286 2855 383 2885 ὀποῖοι
407 2853 521 2885 πολλοὶ
545 2854 716 2893 φαίνονται.
740 2855 773 2884 ἐν
789 2851 813 2893 ᾧ
830 2852 917 2885 ἔθυον
932 2854 987 2885 Διῒ
1033 2865 1105 2887 cem
1130 2858 1275 2895 occupat
1302 2853 1494 2885 Palamedis
1511 2854 1567 2885 ille
1585 2856 1731 2897 genitor,
