1889 3194
318 297 403 338 351
869 308 1226 338 nsoicA'romA.

318 414 426 451 rum,
446 401 586 442 literis
618 400 852 454 plurimum
878 402 1124 451 delectaris,
1145 402 1373 454 bonasque
1403 405 1533 450 artes,
1555 411 1635 453 per
1654 412 1765 452 quas

318 466 492 520 ingenia
511 472 729 518 crescunt,
751 481 852 509 cum
880 469 1063 522 ingeniis
1086 480 1283 509 crescere
1304 467 1430 517 facis,
1449 481 1531 509 nec
1553 468 1676 520 ipsas
1696 479 1767 506 so-

319 534 428 582 lum,
451 534 527 574 sed
549 537 592 574 et
613 534 802 588 ipsarum
822 548 945 576 amas
967 535 1161 576 amasios
1179 548 1189 576 ε
1221 538 1270 575 ut
1289 534 1384 588 jam
1405 535 1501 575 sine
1521 533 1639 575 omni
1661 533 1767 574 adu·

319 600 496 641 lationis
517 600 608 642 offa
629 613 725 641 vere
747 601 835 642 dici
857 603 1028 655 possit:

455 666 590 720 Ipsus
613 672 731 708 amat
751 667 926 717 Musas,
950 667 1107 708 Musas
1129 672 1250 709 amat
1268 667 1397 720 ipsus
1412 671 1626 708 amantes.

378 732 595 783 Quamvis
617 738 764 775 autem
784 738 850 775 tot
869 734 985 774 curis
1009 738 1052 775 et
1067 733 1393 775 Electoralibus
1412 733 1605 775 consiliis
1622 733 1769 787 quoti-

320 798 390 839 die
411 801 602 841 animum
635 804 679 841 ct
709 813 874 853 corpus
905 801 1072 853 fatiges,
1095 805 1257 851 tamen,
1278 801 1399 854 quod
1422 801 1580 842 summi
1601 801 1766 855 quique

320 865 404 906 viri
425 867 531 907 olim
549 866 759 916 fecerunt,
781 870 823 907 te
844 866 925 908 tibi
945 867 1182 916 subtrahis,
1203 872 1246 909 et
1274 871 1323 908 ut
1352 867 1435 917 illi,
1457 868 1534 921 qui
1560 868 1770 919 angustiis

320 933 492 974 urbium
515 934 804 983 includuntur,
826 934 870 974 in
889 946 1014 986 agros
1035 937 1079 974 et
1097 934 1280 987 praedia,
1301 935 1362 975 ita
1381 947 1438 975 ex
1458 935 1601 986 legum
1623 938 1667 976 et
1686 934 1769 975 sori

321 1000 541 1050 cancellis,
556 1000 611 1041 ad
630 1000 774 1041 omnis
790 1000 1024 1054 sapientiae
1036 1004 1079 1042 et
1091 1001 1319 1055 elegantiae
1331 1002 1564 1042 latifundia
1573 1000 1770 1054 digrede-

320 1064 395 1115 ris,
407 1065 605 1107 facturus
626 1066 671 1108 id
692 1068 845 1120 procul
862 1067 997 1108 dubio
1018 1068 1201 1121 saepius,
1216 1069 1255 1109 si
1268 1082 1345 1122 per
1360 1073 1427 1109 tot
1447 1067 1584 1108 ardua
1595 1067 1771 1120 negotia

324 1133 490 1185 saepius
503 1133 670 1175 liceret.
700 1134 970 1187 Exemplum
982 1134 1118 1176 habes
1133 1136 1279 1188 magni
1295 1135 1414 1176 illius
1427 1139 1471 1176 et
1484 1132 1771 1186 πολυμαθεστά-

321 1215 386 1238 του
406 1199 435 1240 J
441 1200 511 1241 Cti
535 1201 724 1242 Domitii
742 1201 925 1255 Ulpiani
946 1201 1295 1255 Syrophoenicis,
1314 1202 1389 1256 qui
1408 1202 1511 1243 licet
1531 1201 1770 1255 Imperato-

322 1266 383 1306 ris
403 1264 647 1308 Alexandri
668 1268 820 1309 Severi
833 1269 1018 1320 negotiis
1034 1269 1266 1310 immersus
1279 1271 1485 1323 princeps
1499 1267 1771 1317 scriniorum,

323 1337 373 1372 ut
403 1338 493 1373 tum
524 1333 834 1387 loquebantur,
861 1338 904 1376 et
930 1335 1088 1376 deinde
1121 1336 1366 1378 Praefectus
1396 1335 1604 1389 praetorio
1634 1340 1769 1384 esset,

323 1399 399 1452 qui
429 1401 649 1441 maximus
679 1402 817 1442 honor
845 1406 887 1443 et
918 1414 1043 1452 onus,
1065 1406 1207 1443 tamen
1237 1402 1631 1455 Philosophorum,
1662 1400 1773 1441 Ora-

324 1470 481 1516 torum,
504 1466 758 1518 Poetarum,
782 1468 1117 1521 Philologorum
1137 1482 1225 1510 non
1247 1474 1419 1511 tantum
1439 1470 1589 1518 lector,
1621 1466 1698 1508 sed
1729 1470 1774 1508 et

325 1537 493 1575 amator
512 1538 555 1575 et
581 1548 793 1587 congerro
822 1541 914 1576 erat
944 1536 1176 1578 assiduus:
1227 1537 1304 1590 qui
1333 1537 1441 1577 nihil
1464 1535 1773 1589 appositorum

325 1600 600 1649 comedebat,
621 1602 704 1641 nisi
723 1602 843 1654 prius
865 1602 1153 1654 interrogaret
1172 1604 1306 1653 κεῖται,
1337 1602 1357 1652 ’ὴ
1388 1604 1426 1642 οὐ
1447 1604 1580 1651 κεῖται,
1608 1600 1672 1641 καὶ
1705 1603 1773 1640 ποῦ

326 1668 460 1716 κεῖται,
476 1679 531 1707 an
553 1667 636 1708 hoc
656 1668 727 1708 vel
746 1667 853 1708 illud
874 1667 1103 1720 legeretur,
1121 1669 1212 1717 ubi,
1233 1669 1335 1710 etin
1349 1683 1436 1723 quo
1458 1673 1638 1710 auc-tore
1656 1668 1774 1708 inve—

326 1733 519 1775 niretur?
580 1733 708 1775 Adeo
730 1738 777 1775 ut
798 1748 854 1775 ex
877 1735 941 1775 rei
962 1735 1210 1788 frequentia
1230 1735 1470 1783 κειτούκειτος
1487 1741 1504 1758 ³
1526 1734 1774 1775 nominatus

327 1800 399 1848 sit,
431 1805 477 1841 et
508 1801 618 1841 intel·
645 1814 825 1854 magnos
857 1801 959 1842 illos
993 1801 1240 1857 πολυΐο-τορας
1269 1807 1312 1844 et
1338 1801 1651 1858 τραπεζορήτορας
1679 1800 1773 1840 sive

329 1865 708 1921 Dipnosophistas
742 1881 769 1908 a
799 1869 1060 1910 doctissimo
1086 1870 1162 1910 illo
1196 1870 1462 1912 Navoratita
1483 1883 1584 1911 cum
1614 1873 1776 1909 aeterna

329 1935 593 1976 saeculorum
614 1936 825 1976 memoria
845 1936 1010 1977 relatus
1032 1936 1105 1976 sit.
1146 1936 1338 1979 Eundem
1357 1937 1577 1977 maximus
1597 1935 1671 1976 ille
1685 1933 1775 1975 Im·

326 2005 515 2053 perator,
536 2006 582 2043 ut
610 2003 740 2043 rebus
769 2002 1038 2054 gravissimis
1069 2002 1331 2056 adjutorem,
1362 2005 1425 2045 ita
1454 2002 1668 2044 conviviis
1695 2000 1775 2040 sre-

329 2069 660 2120 quentissimum
681 2069 922 2110 adhibebat
941 2069 1108 2110 socium
1131 2068 1173 2110 :¹³
1203 2075 1254 2110 ut
1283 2070 1460 2111 haberet
1486 2067 1661 2110 fabulas
1682 2067 1776 2107 lite-

329 2147 419 2184 ras,
435 2135 596 2188 quibus
616 2149 662 2176 se
684 2136 867 2177 recreari
887 2136 1064 2177 dicebat
1083 2140 1126 2178 et
1147 2137 1305 2189 pasci.c
1364 2136 1485 2187 Quid
1501 2148 1604 2176 vero
1618 2134 1776 2188 jucun-

332 2200 431 2241 dius
452 2208 495 2242 et
511 2202 810 2255 praestantius,
834 2215 966 2255 quam
987 2202 1201 2244 beneficio
1222 2206 1287 2244 tot
1305 2203 1638 2244 lectissimorum
1659 2200 1777 2252 inge-

331 2268 498 2308 niorum
533 2269 754 2322 prioribus
787 2268 968 2310 saeculis
1004 2269 1235 2318 interesse,
1266 2283 1366 2310 cum
1396 2269 1484 2310 illis
1519 2267 1777 2309 eruditionis

333 2336 594 2376 commercia
614 2336 852 2386 instituere,
876 2349 976 2376 cum
998 2335 1087 2376 illis
1108 2336 1309 2388 legendo,
1333 2350 1431 2378 cum
1459 2334 1650 2390 posteris
1672 2334 1778 2376 scri-

333 2401 480 2442 bendo
515 2403 670 2456 loqui?
732 2403 945 2445 Habeant
975 2403 1050 2444 alii
1080 2403 1276 2445 delectas
1307 2416 1414 2444 suas
1442 2401 1642 2450 delicias,
1672 2413 1778 2441 suas

335 2480 432 2507 cum
464 2468 582 2509 vitiis
611 2469 804 2520 divitias,
825 2470 884 2510 sit
913 2470 1000 2510 illis
1029 2470 1279 2520 muscerda,
1309 2471 1447 2523 piper,
1467 2467 1668 2521 saperda,
1690 2468 1779 2508 aci-

335 2546 500 2585 penser‚
520 2534 688 2584 villum,
711 2540 874 2585 nectar,
895 2536 1076 2586 foenum,
1098 2536 1341 2577 ambrosia:
1373 2536 1447 2588 qui
1466 2534 1604 2575 literis
1633 2538 1678 2574 et
1699 2534 1778 2574 bo—

335 2611 406 2638 nae
428 2600 562 2639 menti
582 2600 694 2648 litat,
711 2601 815 2653 quid
835 2602 949 2643 betis
970 2606 1014 2643 et
1031 2602 1150 2643 blitis
1171 2603 1259 2643 illis
1279 2601 1370 2651 fiat,
1388 2601 1546 2651 cicum,
1567 2606 1616 2642 ut
1629 2599 1778 2641 Comi-

338 2677 417 2705 cus
438 2666 515 2714 ait,
536 2678 622 2706 non
645 2667 873 2709 interduit:
904 2668 968 2709 illi
989 2668 1096 2710 nihil
1114 2668 1286 2708 dulcius
1305 2672 1390 2716 est,

381 2789 395 2854 ἓ
416 2782 536 2863 ἰιιῗάεε
553 2788 587 2815 et
604 2783 757 2817 Athenaei
773 2785 942 2827 praefatio.
1129 2792 1144 2810 θ
1166 2787 1378 2828 Lampridius
1393 2788 1426 2819 in
1444 2785 1609 2819 Alexand.
1626 2788 1700 2817 350.

453 2838 462 2863 ι
476 2842 599 2864 ienaeus
615 2841 640 2864 1.
