1889 3194
314 367 398 409 468

833 376 1032 408 JOSEPHI
1069 375 1230 406 lscANr

374 471 542 512 Hector
564 471 883 525 magnanimum
902 470 1061 510 librato
1080 468 1270 510 culmine
1291 473 1447 522 pectus

318 538 468 590 Erigit,
491 538 650 580 intorto
674 538 827 579 candet
847 548 974 577 coma
993 535 1141 588 crispa
1160 535 1336 587 capillo,

1694 537 1750 578 50

316 606 597 646 Succinctum
618 605 852 657 complexa
871 606 1019 655 caput,
1035 601 1281 654 blandeque
1300 601 1466 643 recisos

318 672 503 712 Furatur
519 684 606 712 vox
628 671 767 711 blaesa
786 681 921 710 sonos
937 681 948 719 ;
966 668 1161 721 pernicia
1182 668 1392 718 membra,

315 738 443 778 Mens
465 738 642 790 placida
656 738 699 776 in
722 736 856 785 cives,
876 735 1037 776 faciem
1055 735 1213 787 lanugo
1233 746 1427 775 serenam

317 804 475 852 Induit,
496 817 547 844 ac
570 804 690 844 visus
711 803 830 843 acies
853 802 1032 855 obliqua
1053 801 1260 843 cadentes

315 871 366 910 In
388 871 583 920 geminas
603 869 766 922 spargit
786 873 947 922 partes,
968 881 1225 921 semperque
1244 870 1400 922 supina

1694 870 1751 910 55

317 936 515 977 Occiduo
533 935 733 976 stabilem
753 935 989 976 contristat
1010 935 1173 976 lumine
1194 936 1376 976 vultum.

372 1002 459 1042 Ore
476 1014 620 1055 pareS,
642 1004 896 1055 patremque
918 1002 1054 1054 genis,
1077 1006 1348 1055 matremque
1368 1002 1521 1051 secuti,

316 1069 553 1110 Priamidae
575 1068 733 1121 gemini
755 1068 902 1109 studio
925 1072 1118 1109 certante
1142 1068 1386 1110 Minervam

317 1136 489 1185 Partiti,
511 1135 616 1176 colit
634 1135 704 1175 hic
721 1138 853 1184 artes,
870 1135 942 1176 hic
963 1148 1084 1175 arma
1102 1134 1260 1187 fatigat
1275 1149 1285 1176 ε

317 1202 611 1255 Deiphobum,
634 1201 828 1251 Mavors,
852 1202 1070 1242 Helenum
1087 1201 1305 1243 demulcet
1324 1200 1506 1254 Apollo.

1693 1202 1750 1242 60

370 1270 409 1310 T
413 1270 545 1310 roilus
567 1271 612 1310 iu
634 1269 830 1322 spatium
852 1274 1074 1321 surgentes
1091 1269 1294 1322 explicat
1314 1274 1450 1317 artus,

316 1336 464 1377 Mente
484 1335 639 1387 Gigas,
660 1339 795 1375 aetate
817 1348 935 1389 puer,
952 1336 1148 1389 nullique
1169 1335 1389 1376 secundus

317 1402 532 1442 Audendo
555 1402 730 1450 virtutis
752 1414 878 1455 opuS,
895 1402 1123 1455 mixtoque
1144 1402 1293 1455 vigore

317 1467 493 1508 Gratior
514 1468 707 1508 illustres
727 1468 900 1520 insignit
915 1469 1052 1520 gloria
1072 1469 1230 1510 vultus.

375 1535 557 1587 Imperii
578 1534 782 1588 cupidus,
797 1534 963 1574 habiles
985 1535 1185 1587 prolatus
1206 1535 1248 1574 in
1270 1547 1428 1582 armos,

319 1601 500 1641 Siderea
520 1605 670 1641 vernat
686 1601 780 1640 acie
801 1600 947 1649 Paris,
967 1613 1042 1641 ore
1065 1613 1259 1650 serenus,

320 1667 505 1720 Eloquio
523 1669 643 1716 lenis,
665 1668 774 1720 pede
795 1681 1007 1722 praecePS,
1026 1676 1223 1709 strenuus
1244 1668 1390 1717 armis,

320 1733 500 1775 Vertice
520 1733 775 1783 flavescens,
797 1734 1066 1787 frontemque
1086 1738 1267 1775 auctura
1287 1735 1523 1787 superbam

322 1800 582 1841 Praereserat
604 1808 779 1842 tonsura
795 1813 941 1852 genaS‚
963 1803 1005 1841 iu
1026 1813 1195 1841 summa
1215 1813 1434 1841 recurrens

922 1888 938 1897 e
944 1884 1151 1895 neeeeeaeae‘e

363 1933 402 1960 57
426 1930 494 1960 Pro
511 1934 695 1969 „turremque
713 1930 778 1960 Ms.
796 1939 897 1968 marg.
915 1929 1069 1968 vultuque.

967 2004 1107 2035 NOTAE

366 2062 406 2088 50
431 2058 548 2088 Gaudet
572 2068 655 2088 coma
676 2058 778 2098 crispa
802 2057 925 2098 capillo]
950 2057 1009 2087 Οὐ-

323 2107 481 2147 λότριχος,
505 2107 709 2147 οὐλοκάρηνος
732 2107 816 2138 fnit:
840 2107 916 2138 vide
940 2107 1009 2137 Ha-

324 2158 474 2188 drianum
496 2157 633 2189 ,Iunium
651 2158 693 2188 de
714 2153 1010 2197 στραβαλοκομῶσιν

324 2209 408 2247 istis,
442 2209 492 2239 De
516 2217 609 2238 coma
625 2218 652 2238 c.
673 2210 701 2237 8.
753 2207 842 2237 vide
865 2212 1010 2237 statuam

325 2257 486 2288 Hectoris
506 2258 596 2297 apud
622 2257 864 2287 philostratum
883 2256 915 2286 iu
939 2255 1009 2287 He-

324 2307 423 2339 roicis
439 2317 471 2347 p.
482 2311 554 2338 655.

366 2360 407 2388 56
443 2358 578 2388 Occiduo
599 2357 738 2388 stabilem
763 2356 929 2387 contristat
964 2356 1010 2385 lu-

324 2408 404 2438 mine
432 2408 563 2448 vultum]
584 2407 725 2438 Strabus
753 2406 829 2438 fnit.
884 2405 1011 2436 Plinius

327 2466 378 2488 xr.
391 2459 443 2488 37.
480 2458 490 2473 ‘
503 2456 571 2487 Uni
586 2456 709 2486 homini
724 2455 811 2487 oculi
826 2455 1011 2495 depravan-

327 2512 394 2547 tur,
420 2505 508 2536 unde
545 2505 741 2537 Straborum
772 2511 808 2537 et
837 2506 1011 2536 Paetorum

325 2556 482 2588 nomina!
514 2556 741 2587 Philostratus
757 2556 814 2591 ait,
831 2556 920 2588 illum
935 2555 1010 2586 soli-

327 2612 396 2638 tum
419 2606 623 2644 ἐκπληκτικὸν
636 2605 763 2646 βλέψαι,
783 2606 832 2637 καὶ
857 2605 1010 2645 φθέγξασ-

327 2661 374 2688 θαι
403 2656 495 2695 μέγα.
539 2656 698 2688 Imitatur
728 2666 808 2688 vero
837 2657 930 2697 Virg.
954 2665 1010 2687 ιιι.

328 2708 403 2739 AEu.
425 2707 483 2738 ‘et
499 2708 581 2738 laevo
596 2708 776 2738 contristat
801 2706 923 2737 lumine
944 2715 1011 2736 coe-

327 2757 417 2788 lum!
446 2757 582 2788 Stabilis
596 2761 707 2787 autem
723 2757 843 2791 vultus,
863 2760 900 2787 ut
916 2755 1011 2786 Grae-

329 2807 359 2836 cl
383 2806 568 2843 καθεστηκὸς
592 2804 727 2845 βλέμμα,
750 2805 787 2836 τὸ
813 2805 873 2845 ’γὰρ
900 2805 1012 2843 σεμνὸν

331 2854 493 2894 αὐστηρὸν,
509 2856 556 2885 ait
571 2855 666 2886 Philo
687 2855 771 2886 libro
787 2854 830 2885 de
850 2855 1011 2895 Principe

331 2913 363 2943 p.
384 2908 455 2935 501.
490 2905 545 2935 Ita
572 2906 693 2945 Papin.
721 2904 1009 2945 Epithal.steuae,

1065 2057 1208 2088 ‘stantia
1217 2056 1379 2097 pectora)
1396 2057 1632 2093 Maximianus,
1645 2060 1653 2074 ‘
1664 2062 1753 2089 stau-

1065 2111 1186 2147 tesque
1204 2106 1364 2147 papillae.'
1398 2107 1558 2142 Lucilius,
1574 2107 1583 2123 ⁴
1597 2111 1665 2137 stat
1681 2116 1753 2137 sen-

1066 2156 1153 2187 tibus
1171 2156 1315 2196 pectus‚’
1341 2156 1429 2198 quod
1446 2156 1575 2187 Nonius
1597 2157 1606 2173 ‘
1619 2156 1753 2196 plenum

1064 2206 1137 2244 est,’
1158 2206 1309 2246 exponit.
1355 2207 1411 2237 De
1438 2205 1572 2236 nomine
1590 2205 1752 2237 Hectoris

1065 2255 1165 2285 Plato
1181 2255 1250 2294 agit
1266 2255 1298 2285 in
1317 2254 1467 2295 Cratylo,
1480 2264 1514 2294 p.
1531 2256 1604 2286 2⁷1.

1105 2307 1146 2335 62
1170 2305 1278 2335 Mente
1309 2305 1424 2343 Gigas,
1450 2307 1543 2335 oetate
1569 2302 1661 2344 puer]
1695 2303 1754 2336 Ita

1066 2353 1259 2384 Guntherus
1274 2353 1316 2384 de
1334 2353 1505 2384 Friderico
1521 2353 1729 2393 Imperatore
1743 2363 1752 2384 ε

1066 2405 1075 2421 ‘
1090 2405 1206 2435 Mente
1230 2413 1344 2444 senex,
1360 2407 1463 2434 aetate
1479 2403 1598 2444 puer3’
1615 2403 1657 2434 ad
1679 2413 1753 2444 quae

1067 2453 1143 2484 vide
1159 2453 1322 2484 Rittersb.
1368 2453 1492 2484 Noster
1508 2461 1557 2484 vr.
1579 2461 1644 2483 non
1660 2453 1754 2484 ablu·

1065 2503 1136 2534 dit:
1154 2504 1163 2519 ‘
1176 2502 1246 2534 Ore
1258 2503 1322 2542 leo,
1335 2502 1393 2533 sed
1408 2501 1511 2534 corde
1527 2501 1643 2542 lepus.¹
1665 2502 1755 2533 vide

1057 2559 1088 2584 Ὶ.
1104 2555 1156 2584 19.

1108 2605 1151 2633 64
1177 2601 1310 2633 Gratior
1334 2602 1468 2633 illustres
1491 2601 1624 2640 insignit
1649 2601 1754 2639 gloria

1063 2652 1180 2692 vultus]
1208 2653 1346 2692 Παρῳδεῖ
1372 2651 1503 2691 Virgilii
1526 2650 1607 2681 illud
1623 2650 1755 2682 AEneid.

1066 2714 1101 2735 v.
1137 2704 1146 2722 ‘
1161 2703 1298 2734 Gratior
1327 2706 1363 2732 et
1389 2701 1526 2741 pulchro
1552 2700 1688 2731 veniens
1717 2701 1752 2732 in

1065 2763 1206 2794 corpore
1224 2751 1350 2783 virtus!
1396 2750 1494 2782 Quod
1512 2748 1638 2780 frustra
1661 2750 1753 2782 rodit

1064 2805 1214 2840 Seneca3
1250 2800 1365 2831 Poetae
1392 2799 1479 2830 enim
1499 2808 1655 2830 sensuum
1684 2809 1752 2831 non

1067 2849 1477 2893 aspernantiu·judicium.

1105 2906 1147 2933 69
1171 2902 1359 2933 Praereserat
1371 2902 1496 2930 tonsura
1509 2897 1619 2939 genas]
1642 2898 1751 2931 Caesa-
