1889 3194
546 338 608 369 DE
642 337 797 369 BELLO
831 337 1056 369 'rROJANo
1090 336 1186 368 [ΑΒ.
1220 337 1265 367 V.

1534 324 1620 366 499

181 433 331 475 Causa
350 433 497 475 daret:
526 434 717 487 patimur
736 434 898 483 cuncti,
917 446 998 474 nec
1016 433 1109 475 sola
1125 433 1305 474 maritos

180 500 281 542 Urit
293 502 443 556 hyems
459 514 470 541 ε
498 506 625 543 taceo
643 501 834 543 veniales
849 501 1039 555 hospitis
1055 514 1206 551 ausus,

1561 497 1620 538 60

179 568 235 608 Et
250 574 420 610 castum
441 569 663 622 praedonis
676 582 804 623 opuS‚
820 582 900 610 nec
917 568 1094 610 numina
1109 569 1220 609 laesa

179 635 462 690 Conqueror:
495 641 537 678 at
562 637 684 678 solus
703 638 749 677 in
768 640 941 677 nostras
962 635 1122 677 sufficit
1138 635 1227 678 iras

178 704 524 746 Laomedonteae
546 706 671 758 pacis
687 705 823 757 rigor:
851 703 1046 744 haeccine
1069 717 1218 757 regum

178 770 234 812 Et
255 771 414 824 pietas,
436 776 479 813 et
499 772 621 813 clara
643 771 784 813 fides'?
816 784 843 812 o
863 771 1049 812 barbara
1070 783 1173 812 vere

178 838 380 889 Saevitia,
406 840 697 894 exemploque
712 852 880 888 carens,
902 842 945 880 et
964 839 1138 891 cognita
1157 838 1260 879 nulli

176 904 432 960 Asperitas!
463 907 663 961 quisnam
685 907 816 948 nudae
839 907 1072 948 clausisset
1094 918 1238 947 arenae

176 972 435 1027 Hospitium
455 975 642 1024 miseris,
663 988 773 1029 quos
796 974 930 1016 obvia
952 973 1118 1027 Scylla,
1145 976 1302 1015 secuta

174 1039 343 1090 Tellus,
366 1046 411 1082 et
431 1042 553 1082 socio
574 1041 696 1095 fregit
719 1041 869 1082 Thetis
886 1042 1062 1094 hospita
1091 1039 1227 1081 fluctu
1242 1041 1262 1080 ‘l

175 1107 237 1148 At
255 1107 419 1149 Peleus
437 1108 736 1162 Telamonque
751 1109 856 1158 illic,
879 1108 1140 1162 genitusque
1155 1107 1357 1148 Tonante

176 1174 608 1230 Amphitryoniades,
625 1182 671 1217 et
692 1189 805 1230 quos
823 1175 1030 1216 habuisse
1051 1179 1278 1229 superstes

1562 1172 1619 1214 70

177 1242 357 1283 Graecia
377 1244 538 1295 gaudet
558 1257 668 1285 avos
686 1257 696 1285 :
728 1244 872 1284 minus
896 1243 1014 1284 haud
1035 1247 1179 1284 tamen
1199 1254 1309 1283 ausa
1329 1240 1514 1294 profana

176 1309 425 1360 Battiades,
447 1311 698 1364 sprevitque
718 1310 855 1360 Deos,
878 1323 1143 1363 generosque
1166 1310 1372 1351 Deorum.

178 1376 254 1417 Dii
275 1377 444 1428 melius,
465 1391 548 1419 nec
566 1390 612 1418 se
632 1378 749 1419 lenta
770 1377 1026 1431 Tirynthius
1048 1377 1114 1418 ira

826 1477 857 1508 N
864 1476 965 1509 01*AE

216 1542 257 1572 59
282 1541 347 1572 Nec
361 1541 424 1572 sola
439 1540 567 1572 maritos
584 1540 658 1572 Urit
673 1540 792 1581 hyems]
813 1539 868 1571 Sic

172 1591 308 1631 Virgilii
331 1591 362 1621 in
387 1591 504 1621 eadem
525 1600 574 1630 re,
587 1592 596 1609 ‘
612 1600 674 1621 nec
689 1591 776 1621 solos
794 1595 867 1620 tau-

172 1640 222 1680 git
237 1639 377 1673 Atridas
391 1640 463 1672 Iste
478 1639 597 1673 dolor?
633 1639 721 1671 Vide
738 1638 794 1670 lib.
811 1648 867 1673 ιιι.

172 1692 246 1722 341.

213 1743 253 1772 61
277 1742 323 1773 Et
342 1743 461 1773 castum
482 1740 634 1782 praedonis
650 1741 740 1782 opus]
776 1739 866 1783 Εἵρω-

171 1791 261 1824 νεύει.

212 1845 256 1874 66
279 1843 430 1879 Quisnam
457 1842 548 1873 nudae
574 1841 734 1872 clausisset
763 1851 866 1873 arenoe

172 1893 352 1934 Hospitium
365 1893 500 1933 miseris]
523 1893 574 1923 Ex
584 1892 681 1931 Virg.
698 1892 866 1932 ‘hospitio

172 1941 385 1981 prohibemur
415 1951 524 1973 arenoe
541 1940 563 1972 :’
596 1950 695 1982 quem
721 1945 756 1972 et
787 1940 867 1973 alibi

171 1991 332 2031 imitatur,
348 1993 357 2009 ‘
372 1992 455 2022 Cum
481 1990 617 2022 tandem
639 1990 770 2022 hostilis
793 2001 866 2022 are-

170 2049 222 2071 nae
239 2039 370 2080 Allapsi
387 2039 537 2080 gremio!

212 2092 253 2121 67
281 2090 381 2121 Obvia
397 2090 509 2131 Scylla,
524 2093 627 2121 secuta
643 2090 754 2130 Tellus,
769 2093 800 2121 et
820 2099 867 2121 so-

169 2140 216 2171 cio
228 2139 334 2180 fregit
352 2141 458 2171 Thetis
475 2140 596 2179 hospita
611 2140 730 2181 fluctu]
768 2145 777 2158 ⁸
791 2140 867 2170 Tel-

170 2192 221 2222 lus
235 2189 378 2231 secuta‚’
400 2190 663 2231 Symplegadum
679 2194 775 2221 notat
790 2199 864 2220 sco-

170 2241 280 2282 pulos,
294 2241 351 2282 qui
367 2250 453 2271 nave
477 2239 518 2270 ad
543 2239 682 2270 ductum
699 2239 863 2271 columbae

170 2294 380 2329 transeunte,
408 2289 542 2320 demum
567 2289 733 2328 coierunt,
760 2295 794 2321 et
821 2299 864 2320 ex

168 2349 210 2371 eo
226 2340 410 2371 immobiles
422 2338 571 2370 fuerunt.
601 2339 689 2370 Vide
703 2339 863 2379 Apollod.

168 2399 194 2421 1.
220 2399 254 2429 p.
269 2392 324 2421 49.
369 2389 468 2422 Quod
492 2398 574 2419 vero
604 2389 757 2429 sequitur
787 2391 862 2420 ‘so-

167 2439 220 2470 cio
231 2437 336 2479 fregit
349 2438 464 2470 Thetis
477 2438 609 2479 hospita
624 2438 728 2470 fluctu
742 2437 764 2478 ς’
779 2439 862 2470 nihil

168 2489 258 2520 aliud
289 2493 400 2530 notat,
432 2498 532 2530 quam
568 2489 658 2520 illam
686 2489 862 2520 maritimis

168 2539 330 2575 moribus,
345 2543 382 2570 ut
405 2539 560 2570 Comicus
585 2539 645 2577 ait,
662 2549 738 2570 cum
755 2538 863 2579 Argo-

165 2589 278 2621 nautis
294 2598 360 2620 non
384 2598 458 2620 esse
475 2594 664 2629 expertam,
680 2589 739 2619 sed
757 2598 861 2620 novas

166 2641 313 2673 advenas
329 2640 436 2671 instar
452 2639 594 2680 hospitis
611 2638 744 2679 placide
761 2648 861 2670 exce-

166 2692 268 2732 pisse.
310 2691 320 2709 ‘
334 2689 528 2731 Frangere‚’
560 2696 597 2721 ut
628 2689 753 2721 Horat.
788 2690 797 2706 ‘
811 2689 861 2720 in-

165 2751 306 2774 curvare
321 2742 485 2783 querela.’
529 2741 642 2781 Silius,
661 2749 702 2771 ιι.
723 2743 731 2758 ⁸
745 2740 861 2772 Pieria

165 2791 350 2833 liquefacta
376 2791 471 2833 lyra?
520 2791 609 2823 Socio
631 2790 736 2830 fregit
756 2791 861 2822 Thetis

165 2842 286 2884 hospita
307 2841 428 2883 fluctu]
472 2842 644 2882 Frangere
681 2841 779 2872 aliter
807 2842 859 2872 hic

922 1539 1173 1580 exponendum,
1198 1549 1299 1581 quam
1321 1538 1421 1578 infra,
1445 1538 1504 1572 ‘et
1533 1549 1618 1581 quos

922 1594 976 1621 ter
1012 1590 1115 1630 quina
1141 1590 1247 1631 fregit
1275 1589 1471 1631 Tirynthius
1508 1589 1619 1621 alnoz'

919 1640 974 1671 liic
997 1640 1085 1671 enim
1109 1645 1163 1672 est
1186 1641 1340 1680 emolliit,
1364 1639 1543 1678 demulsit3
1579 1644 1619 1670 ut

921 1689 1011 1731 apud
1023 1690 1140 1721 Silium
1156 1690 1216 1721 11.‘
1230 1690 1353 1721 durata
1369 1689 1513 1720 virorum
1531 1689 1617 1721 Pec-

920 1745 996 1772 tora
1011 1741 1162 1773 Castalio
1174 1740 1356 1782 frangebat
1372 1739 1519 1771 carmine
1531 1740 1619 1771 Teu·

921 1790 1036 1823 thras.’
1080 1791 1137 1822 Sic
1155 1791 1293 1824 Lucret.
1311 1799 1363 1823 lv.
1387 1791 1397 1808 ‘
1409 1790 1476 1822 Sed
1492 1791 1617 1822 leviter

920 1851 1037 1883 poenas
1054 1840 1180 1882 frangit
1196 1842 1311 1873 Venus
1334 1842 1425 1872 inter
1446 1840 1618 1881 amorem,'

921 1896 955 1922 et
971 1900 1005 1922 v.
1029 1895 1038 1909 ¹
1052 1891 1234 1923 Blanditiis
1249 1890 1347 1923 facile
1362 1891 1534 1932 ingenium
1549 1889 1618 1923 fre-

921 1950 1002 1980 gere
1018 1940 1225 1981 superbum‚‘
1246 1941 1351 1981 Prop.
1366 1950 1408 1972 11.
1453 1941 1462 1959 ‘
1477 1941 1617 1982 Frangi-

922 1990 1018 2021 tnrin
1035 1991 1138 2022 tacito
1155 1989 1289 2021 foemina
1302 2000 1393 2031 saepe
1408 1989 1505 2022 viro.’
1527 1990 1616 2022 Inde

920 2040 1043 2080 Papin.
1067 2040 1160 2081 Sylv.
1183 2049 1222 2071 ιι.
1255 2040 1381 2071 ‘verba
1405 2039 1617 2081 refringere‚’

921 2094 956 2121 et
971 2099 1026 2120 111.
1048 2091 1058 2108 ‘
1073 2089 1232 2129 frangere
1250 2099 1367 2121 sexum
1380 2089 1403 2121 ι’
1434 2094 1472 2121 ut
1488 2091 1617 2122 Noster

922 2140 1023 2180 paulo
1047 2145 1126 2170 ante
1149 2140 1213 2171 hoc
1237 2139 1347 2170 libro:
1371 2139 1434 2170 ‘Iu
1459 2148 1615 2171 somnum

919 2199 986 2220 non
1004 2188 1111 2220 fracta
1127 2188 1261 2220 levem!
1305 2189 1408 2220 Ovid.
1422 2189 1431 2206 ‘
1445 2189 1614 2230 Victaque

918 2239 1038 2270 mutati
1061 2238 1230 2278 frangitur
1250 2239 1301 2269 ira
1324 2237 1450 2277 maris,’
1468 2247 1493 2269 1.
1509 2238 1616 2271 Trist.

919 2289 974 2320 Ita
995 2288 1225 2322 Quintilianus
1248 2288 1280 2319 in
1303 2287 1435 2319 Seneca
1456 2287 1616 2329 lancinat,

918 2338 1006 2380 quod
1036 2342 1170 2369 ‘rerum
1201 2338 1353 2378 pondera
1384 2338 1615 2370 minutissimis

916 2388 1094 2419 sententiis
1110 2387 1290 2428 fregisset!
1324 2388 1432 2419 Varro
1447 2397 1487 2420 ιι.
1504 2388 1547 2420 (le
1562 2389 1614 2421 Re

917 2439 1015 2470 Rust.
1046 2439 1055 2456 ‘
1069 2439 1199 2469 calores
1217 2442 1275 2469 aut
1291 2437 1420 2477 frigora
1442 2447 1478 2469 se
1499 2437 1613 2479 frege-

917 2487 1020 2520 runt.'
1055 2487 1175 2519 Claud.
1197 2487 1231 2518 in
1254 2486 1353 2518 laude
1368 2487 1529 2528 Serenae3
1548 2490 1557 2505 ‘
1575 2492 1613 2519 tu

917 2539 988 2570 sola
1003 2537 1205 2569 frementem
1231 2537 1416 2577 Frangere,
1433 2542 1470 2569 tu
1486 2537 1612 2570 blando

917 2593 1056 2628 poteras
1091 2596 1246 2618 sermone
1282 2585 1437 2618 mederi.'
1483 2586 1611 2618 Eodem

915 2639 1016 2670 modo
1042 2638 1155 2669 Graeci
1181 2637 1307 2677 mollia,
1321 2636 1537 2678 effoeminata‚
1560 2650 1611 2670 κε-

915 2687 1089 2729 κλασμένα,
1104 2686 1284 2726 κατεαγότα
1299 2692 1431 2719 vocant.
1475 2688 1530 2719 Ita
1549 2689 1613 2721 Co-

915 2740 1005 2771 intus
1026 2749 1051 2770 1.
1076 2738 1168 2777 θυμὸν
1191 2737 1301 2777 ἐαγώς.
1325 2738 1373 2770 τίς
1393 2739 1428 2769 οὐ
1450 2737 1609 2771 κατακλΐι-

913 2802 963 2821 ται
987 2788 1145 2830 ὄδυρμοῖςς
1173 2789 1335 2821 Nazianz.
1361 2789 1460 2821 Orat.
1476 2799 1552 2824 xvt.
1575 2800 1608 2832 p.

914 2843 988 2872 246.
