1889 3194
547 364 609 392 DE
644 363 798 393 BELLO
832 362 1059 393 TROJANO
1094 361 1188 393 LlB.
1222 363 1295 392 ΙΙΙ.

192 455 306 506 Quae
328 457 470 498 saltus
488 456 682 510 ingressa
702 471 862 508 novos,
881 470 1081 511 praesepe
1102 460 1326 511 paternum

1552 353 1638 393 459

1550 457 1637 500 375

191 523 372 564 Incesta
390 524 576 577 liquisse
598 525 702 578 fuga
723 530 983 579 taurumque
998 525 1197 580 Jugalem

190 589 383 642 Diceris,
404 596 448 631 et
468 595 647 633 nostros
666 593 781 645 petis
798 592 1048 645 importuna
1066 592 1279 644 penates?

190 656 273 706 Ite,
298 657 394 706 viri,
417 658 543 698 Deus
565 659 626 700 ire
643 659 784 712 jubet,
804 664 1027 713 pontoque
1048 659 1118 701 vel
1136 659 1238 711 igne

189 722 420 765 Maternas
441 726 618 766 abolete
640 726 775 776 faces,
797 739 853 767 ne
871 726 982 767 dura
1002 730 1221 780 sequatur,

190 790 335 840 Quam
359 792 513 842 cecini,
537 793 699 835 clades,

755 794 832 834 Sic
854 794 1010 847 paucis
1031 796 1186 847 questa
1206 792 1418 847 quiescit:

1548 792 1634 835 380

189 857 531 913 Expediuntque
553 860 697 901 Deum
718 861 910 915 suspiria
928 861 1062 914 longa
1081 861 1295 901 relictum.

243 925 332 965 His
352 925 510 967 hilares
530 927 695 968 haerent
716 928 863 977 animi,
882 932 1090 982 totusque
1109 927 1334 970 faventum

188 991 375 1044 Sopitur
401 993 636 1047 strepitus:
667 995 884 1036 favissent
905 995 1079 1048 agmina
1098 995 1215 1036 vatis

188 1058 392 1112 Imperio,
414 1064 558 1101 motas
575 1062 819 1103 reverentia
840 1061 1053 1116 principis
1069 1062 1159 1103 iras

187 1124 363 1176 Obruit,
377 1127 658 1182 indignisque
679 1128 803 1170 datur
825 1128 1080 1170 Cassandra
1100 1127 1290 1169 catenis.

1546 1126 1632 1169 385

186 1191 292 1234 Rex
311 1193 528 1235 Helenam
548 1195 668 1246 lenit,
688 1196 958 1250 inopinaque
980 1196 1141 1249 probra
1165 1193 1377 1247 gementis

185 1258 366 1301 Solatur
386 1261 560 1303 blandis
579 1277 589 1302 :
622 1263 814 1316 suspiria
835 1263 966 1314 vatis,
988 1262 1173 1303 anhelas

185 1326 389 1369 Excusat
406 1328 556 1379 furias,
586 1330 836 1382 celeresque
858 1329 915 1370 ad
936 1329 1086 1383 jurgia
1105 1341 1256 1379 voces,

185 1393 244 1434 Et
262 1394 372 1435 vitio
395 1396 556 1449 capitis
576 1396 733 1438 solitos
755 1396 914 1437 saevire
933 1396 1161 1437 tumultus.

241 1461 340 1503 Nec
361 1475 500 1512 mora,
521 1463 702 1505 lascivit
717 1463 888 1504 solenni
904 1463 1024 1516 regia
1045 1462 1169 1503 cultu

1544 1460 1630 1503 390

126 1540 128 1543 ·
184 1527 390 1582 Imperiis
409 1533 564 1571 ornata
585 1530 726 1579 ducis,
749 1530 981 1583 taedasque
1001 1528 1234 1583 pudendas

181 1593 323 1636 Tollit
344 1595 518 1637 adulter
539 1596 732 1650 Hymen.
773 1596 938 1637 Melius
960 1596 1103 1648 caligo
1122 1593 1346 1649 profunda

184 1660 406 1704 Pollutum
428 1663 652 1704 mersisset
674 1676 818 1717 opus:
846 1663 953 1718 quid
972 1664 1146 1704 nomine
1167 1674 1297 1703 sacro

181 1728 397 1771 Incestum
413 1730 637 1784 phalerare
648 1730 814 1785 juvat?
845 1729 1084 1786 praetendit
1102 1732 1262 1784 operta

789 1817 1002 1832 ”NOOO‘N‘
1005 1818 1025 1831 O

223 1868 285 1897 387
308 1866 452 1898 Blandus
465 1866 530 1898 Ed.
546 1867 636 1899 Mor.
652 1870 688 1899 et
703 1866 876 1908 Spondan.

836 1940 979 1973 NOTAE

223 1995 287 2024 389
309 1994 355 2024 Et
380 1994 459 2025 vitio
488 1994 603 2035 capitis
629 1995 737 2026 solitos
767 1994 876 2026 soevire

181 2043 346 2083 tumultus]
367 2043 567 2083 Εὗφημισμὸς
589 2045 647 2081 τῆς
667 2044 748 2084 ἱερᾶς
770 2043 876 2080 νόσου,

181 2092 359 2123 comitialis
384 2093 512 2124 morbi:
537 2094 579 2124 de
608 2104 674 2135 quo
703 2094 809 2125 multa
833 2094 877 2125 ad

182 2140 364 2182 Apuleium
380 2142 496 2183 Scipio
511 2143 672 2174 Gentius.

225 2192 287 2221 393
328 2191 414 2226 Quid
447 2192 570 2223 nomine
599 2201 688 2223 sacro
722 2193 879 2225 Incestum

177 2240 455 2282 phalerarejucut]
475 2251 524 2274 iv.
537 2246 611 2274 101.
626 2245 635 2261 ‘
651 2244 760 2275 mixta
771 2245 878 2276 virum

182 2292 384 2332 phaleraut.’
404 2292 631 2325 Glossarium:
647 2293 657 2310 ‘
669 2293 812 2331 Falerae,
829 2294 879 2324 ἱπ-

182 2340 357 2381 ποκόσμια,’
373 2342 548 2374 inventum
563 2344 738 2385 Tarquinii
754 2344 878 2384 Prisci,

181 2395 220 2422 ut
243 2392 361 2423 Florus
381 2401 406 2424 ι.
425 2396 457 2424 5.
481 2399 607 2424 monet.
652 2393 706 2424 De
729 2393 877 2434 phaleris

180 2443 316 2482 prolixe
348 2442 525 2474 Manutius
553 2444 587 2474 in
624 2444 785 2477 Quaesitis
815 2454 878 2485 per

180 2491 294 2532 Epist.
327 2502 358 2524 c.
381 2494 434 2524 10.
457 2493 642 2524 Marcellus
666 2494 820 2524 Donatus
843 2494 876 2524 in

181 2540 280 2573 Suet.
297 2551 328 2573 c.
350 2544 404 2573 30.
449 2542 583 2583 Lipsius
600 2542 643 2573 de
663 2552 699 2574 re
722 2543 876 2582 militari,

179 2591 315 2624 Diam.
328 2592 438 2623 Varro
449 2592 684 2624 Hecatombe:
709 2593 718 2610 ‘
737 2593 805 2624 Ubi
818 2594 876 2624 illa

178 2640 358 2682 phalerata
368 2651 589 2684 gemmeaque
599 2642 786 2684 ephippia.’
809 2643 874 2675 Pe-

180 2695 268 2722 tron.
305 2691 315 2708 ‘
334 2692 493 2724 mulieres
530 2692 678 2734 phaleris
714 2698 851 2725 ornatas
864 2693 875 2708 '

179 2742 250 2774 ait:
272 2742 362 2784 quod
377 2743 420 2774 de
435 2743 627 2784 margaritis
642 2753 661 2775 e
677 2743 800 2784 pelago
814 2743 875 2776 Ju-

178 2793 255 2825 nius
278 2794 439 2834 explicat.
472 2793 647 2835 Aristoph.
670 2793 704 2824 in
727 2792 875 2825 Acharu.

179 2844 231 2877 Τίς
250 2843 331 2885 ἀμφὶ
348 2843 582 2886 χαλκοφάλαρα
604 2845 729 2883 δώματα
749 2844 874 2882 κτυπεῖς

180 2894 348 2929 Prudent.
363 2899 483 2930 contra
505 2894 755 2938 Symmachum,
775 2893 786 2911 ‘
802 2893 877 2926 Vit-

930 1999 1040 2026 tarum
1065 1993 1206 2035 insignis
1229 1991 1457 2035 plialeris,'11.
1499 1992 1631 2025 Noster

929 2045 1125 2076 Terentium
1154 2044 1321 2086 sequitur,
1351 2043 1407 2084 qui
1428 2043 1438 2060 ‘
1454 2042 1631 2083 phalerata

930 2094 1047 2131 dicta‚'
1071 2093 1187 2125 fucata
1210 2098 1246 2125 et
1273 2093 1394 2123 ὕπουλα
1414 2097 1525 2123 vocat.
1548 2097 1557 2110 ⁶
1572 2092 1630 2123 In-

931 2151 1062 2176 cestum
1073 2144 1083 2158 '
1100 2145 1204 2185 igitur
1219 2144 1228 2161 ‘
1241 2144 1419 2184 phalerare
1431 2143 1566 2173 nomine
1579 2152 1631 2173 sa·

931 2195 1012 2234 cro,'
1034 2199 1088 2226 est
1111 2194 1261 2234 conjugii
1283 2193 1384 2224 titulo
1408 2193 1570 2233 palliare:
1593 2197 1632 2224 ut

932 2244 1024 2275 Dido
1049 2243 1139 2284 apud
1164 2243 1284 2283 Virgil.
1317 2243 1326 2259 ‘
1344 2241 1544 2282 Conjugium
1573 2252 1630 2274 vo-

933 2298 1002 2333 cat,
1030 2293 1093 2325 hoc
1124 2292 1260 2324 celabat
1296 2292 1431 2322 nomine
1460 2291 1595 2332 culpam
1608 2291 1632 2323 ι’

932 2343 1021 2383 quod
1039 2347 1092 2374 est
1115 2343 1206 2381 πηλῷ
1219 2340 1322 2380 πηλὸν
1343 2339 1506 2381 καθαίρειν,
1522 2347 1559 2372 ut
1583 2341 1631 2372 ait

932 2392 1094 2424 Nazianz.
1109 2402 1141 2433 p.
1155 2394 1231 2422 420.

972 2444 1037 2473 394
1060 2441 1237 2473 Proetendit
1250 2443 1356 2481 operta
1371 2440 1565 2471 Bracteozam
1578 2450 1630 2471 ca-

928 2491 1006 2531 ries]
1030 2491 1107 2522 Hoc
1123 2495 1191 2530 est,
1205 2490 1295 2532 quod
1313 2490 1522 2521 Dracontius
1537 2490 1630 2522 dice-

929 2541 1001 2580 bat,
1015 2541 1025 2558 ‘
1042 2541 1176 2573 Quaerit
1191 2549 1290 2581 opem
1307 2539 1439 2580 sceleri,
1455 2548 1517 2580 per
1531 2549 1630 2581 quam

929 2591 1069 2623 fallatur
1084 2590 1268 2630 honestas,’
1284 2590 1373 2622 Hex.
1388 2593 1462 2622 345.
1476 2590 1630 2622 Sumtum

930 2651 950 2673 a
972 2641 1093 2672 statuis
1119 2640 1388 2672 verminantibus
1413 2644 1450 2671 et
1475 2641 1630 2682 cariosis,

930 2691 1051 2733 quibus
1059 2691 1218 2722 bracteas
1228 2689 1550 2730 superinducebant.
1564 2691 1586 2725 J
1590 2700 1627 2722 u-

929 2741 1040 2773 venal.
1056 2741 1128 2772 Sat.
1143 2749 1227 2771 xm.
1242 2739 1252 2756 ‘
1266 2740 1472 2772 bracteolam
1488 2740 1530 2771 de
1546 2741 1630 2773 cas-

929 2794 1004 2822 tore
1026 2789 1177 2822 ducunt.’
1210 2789 1302 2821 Hinc
1322 2789 1332 2807 ⁴
1349 2789 1529 2822 bracteata
1551 2790 1629 2823 feli·

929 2840 1013 2873 citas
1025 2838 1035 2853 '
1049 2839 1140 2880 apud
1155 2839 1236 2870 Seu.
1252 2839 1318 2880 Ep.
1334 2841 1408 2870 301.
1451 2837 1626 2871 Ausonius

930 2889 1033 2923 vero‘
1049 2888 1264 2923 bracteatum
1285 2886 1440 2922 dictum'
1455 2888 1490 2921 in
1514 2889 1628 2922 Pane·
