1889 3194
305 300 391 342 6⁴22

308 406 479 446 picautur‚
502 404 674 436 indicante
700 404 925 446 Barthi0‚qui
948 404 1004 435 hic

307 456 550 487 Sallustianum
566 455 678 486 stilum
696 454 864 486 defendit.

351 506 466 537 Receor
481 505 561 546 ejus]
586 506 683 537 Idem
700 515 740 537 11.
756 507 810 536 34.
833 506 843 522 ‘
863 509 1005 535 vocatur

307 565 437 587 morum
454 555 644 596 Magister)

356 606 483 637 Vicaria
498 605 611 645 morte]
631 606 689 636 Sic
705 604 786 636 alibi
803 609 919 635 noster
935 604 1007 635 dix·

307 655 346 691 it,
360 658 370 674 ‘
382 656 546 687 Vicariam
559 654 756 695 victimam,’
770 659 807 686 et
820 655 829 672 ‘
843 654 1006 685 vicarium

307 707 440 737 munns’
455 715 497 737 11.

351 757 435 788 Fam
463 755 589 797 propria
614 753 804 795 protulerat]
837 753 914 785 Hoc
943 758 1009 794 est,

308 807 413 838 vitam
445 807 730 847 prolongaverat:
757 815 819 836 nec
843 805 1010 836 assentior

308 858 463 895 Barthio,
475 858 543 898 qni,
557 859 566 875 ‘
579 856 765 897 Emacula,'
780 856 901 897 inquit,
915 856 925 873 ‘
936 865 1009 897 pro-

308 909 448 945 tulerat‚·
479 909 544 948 leg.
577 907 776 949 pertulerat)
812 908 901 939 Fata
932 917 1010 949 pro-

310 959 397 998 pria,
422 958 487 989 hoc
515 962 568 989 est
600 964 742 988 mortem
771 957 834 988 sibi
862 956 1008 988 destina-

311 1014 396 1040 tam:
431 1008 479 1039 ita
501 1007 681 1040 Justinian.
706 1007 862 1039 Institut.
887 1008 942 1038 tit.
965 1007 1009 1038 de

311 1058 390 1098 pub.
409 1058 488 1098 jud.
512 1059 528 1099 ᾗ
550 1059 559 1075 ‘
578 1058 655 1089 Alia
670 1056 820 1093 deinde,’
842 1057 922 1088 dnm
950 1057 1010 1097 ait,

308 1110 405 1148 ‘lege
419 1108 586 1149 Pompeia
601 1107 644 1138 de
657 1107 842 1148 parricidio
854 1111 1009 1147 cavetur,

310 1163 348 1189 ut
371 1158 399 1188 si
422 1158 496 1198 quis
520 1158 684 1198 parentis,
701 1162 760 1188 aut
776 1155 849 1195 filii,
864 1161 923 1187 aut
940 1166 1010 1187 orn-

311 1209 391 1240 nino
421 1207 596 1239 affinitatis
625 1208 698 1248 ejus
729 1217 805 1249 quae
837 1216 1010 1247 nuncupa·

311 1259 402 1290 tione
419 1263 598 1299 parentum
614 1258 823 1293 continetur,
836 1255 906 1288 fata
923 1266 1011 1297 prae-

312 1309 507 1350 paraverit,'
523 1313 588 1341 ὅτε.

355 1361 460 1392 Morte
477 1359 643 1400 Conjugis]
675 1360 742 1391 Illa
771 1359 920 1391 Alcestis
946 1357 1011 1390 fuit

312 1415 402 1441 teste
429 1411 569 1442 Homer.
591 1410 633 1442 11.
648 1415 683 1442 B.
705 1409 823 1441 Πελίαο
851 1411 1012 1450 θυγατρῶν

312 1459 390 1493 εἶδος
406 1461 528 1503 ἀρίστῃ.

358 1511 534 1551 Tricenses]
551 1512 602 1542 Ex
620 1510 701 1542 urbe
716 1510 839 1541 Tricca
854 1509 924 1540 sive
939 1509 1014 1540 Tri-

313 1571 364 1596 ca,
395 1561 427 1591 in
458 1567 558 1602 parte
583 1561 766 1592 Thessaliae
791 1560 917 1591 Estioti
940 1559 1012 1590 sive

285 1610 499 1651 VVHestiaeoti
528 1610 636 1648 dicta,
659 1609 742 1640 urbe
771 1609 899 1641 celebri
927 1615 1011 1640 tem-

315 1660 372 1701 plo
386 1659 586 1700 AEsculapfi,
599 1665 633 1691 et
647 1659 770 1691 tabulis
787 1659 912 1690 ibidem
925 1668 1012 1690 mor·

314 1710 433 1741 borum
451 1715 722 1750 expugnatorum
745 1709 925 1740 indicibus.

361 1760 525 1791 Medicinoe
540 1759 635 1800 artis]
657 1759 713 1790 Sic
736 1759 885 1790 mulieris
908 1759 1012 1790 ancil-

315 1810 356 1840 1ae
373 1809 543 1849 tugurium
556 1809 694 1840 Sallust.
707 1808 795 1839 dixit
808 1809 840 1839 in
851 1808 1011 1848 Jugurth.

315 1864 350 1890 et
365 1859 544 1898 Augustin.
558 1857 715 1890 Confess.
729 1867 779 1889 ιν.
793 1861 824 1889 3.
848 1858 859 1875 ‘
871 1858 955 1889 Erat
971 1868 1012 1889 eo

315 1914 470 1949 tempore
501 1909 551 1939 vir
581 1918 697 1949 sagax,
724 1907 899 1939 medicinae
928 1908 1011 1938 artis

316 1958 552 1999 peritissimus,
582 1963 684 1999 atque
713 1958 747 1988 in
777 1968 818 1989 ea
844 1957 1012 1989 nobilissi-

316 2007 413 2039 mus.’
455 2009 501 2039 Et
517 2008 647 2038 Noster
662 2016 697 2038 v.
712 2010 744 2039 7.
765 2007 774 2024 ‘
790 2007 861 2038 avis
877 2005 1012 2048 aquila.'

360 2058 499 2088 Paeantis
516 2057 705 2095 Philocteta,
729 2056 783 2097 qui
808 2066 907 2088 comes
928 2056 1012 2087 Her-

315 2107 404 2146 culis,
423 2110 494 2147 post
520 2107 685 2138 discessum
701 2105 767 2145 ejus
787 2116 806 2136 α
827 2105 905 2145 diis]
930 2107 1012 2146 Leg.

317 2159 326 2175 ‘
345 2158 386 2188 ad
404 2158 506 2195 deos,'
537 2157 590 2187 vel
613 2159 622 2174 ‘
643 2156 686 2187 ab
712 2155 776 2195 e0,'
803 2165 850 2187 sc.
873 2155 1014 2187 Hercul.

317 2206 513 2238 Discessum
536 2211 629 2238 recte
647 2211 789 2236 mortem
807 2205 1015 2246 interpreta-

318 2262 373 2287 tur
388 2256 560 2291 Barthius,
584 2256 653 2287 sive
677 2255 858 2287 ἀποθέωσιν.
902 2256 1014 2296 Incly-

318 2312 371 2337 tus
387 2312 483 2337 certe
505 2306 686 2346 sagittandi
709 2310 783 2337 arte
797 2305 862 2337 fuit
878 2306 1015 2338 Philoc-

318 2360 407 2387 tetes
424 2356 513 2396 apud
531 2356 671 2386 Homer.
686 2356 728 2387 ΙΙ.
740 2359 775 2387 Β.
797 2360 832 2387 et
848 2356 1014 2387 Nostrum

318 2414 378 2437 ιιι.
396 2409 427 2438 1.
449 2407 458 2423 ‘
477 2407 601 2448 Neque
631 2406 784 2445 dubium,
816 2406 896 2447 quin
925 2406 1015 2437 inter

316 2457 376 2486 hos
408 2456 479 2497 jam
531 2457 747 2497 praecelleret
791 2456 1016 2496 Philoctetes,

317 2507 444 2547 qnippe
462 2507 620 2538 Herculis
644 2507 844 2546 sagittarum
861 2506 1015 2537 dominus

318 2562 354 2587 et
379 2557 549 2587 destinata
571 2561 645 2587 arte
666 2556 810 2587 feriendi
826 2555 1015 2587 mirabilis!

318 2606 469 2647 Ideoque
507 2606 649 2646 sagittas
695 2606 826 2637 divinas
869 2606 1014 2646 vocavit,

317 2655 406 2696 quod
425 2656 509 2687 adeo
530 2656 677 2687 feliciter
692 2656 826 2697 objecta
841 2656 1016 2697 transfige·

319 2712 394 2738 ret:
418 2707 631 2748 excedetque
654 2706 767 2747 fidem,
781 2708 870 2747 qnod
888 2707 1017 2738 Noster

319 2765 374 2788 nr.
401 2760 450 2788 18.
496 2758 724 2788 Philoctetem
753 2756 859 2788 refert
891 2757 1017 2796 sagitta

319 2807 485 2837 excidisse
504 2807 687 2845 vinculum,
702 2816 767 2847 quo
791 2807 936 2846 religata
960 2816 1016 2837 co-

320 2857 433 2887 lumba
449 2856 574 2889 fuerat.
619 2857 766 2897 Sagittas
787 2858 859 2897 ejus
884 2856 1016 2898 Hydrae

476 312 617 343 NOTAE
650 312 915 343 VARIORUM
951 312 999 342 ΙΝ
1036 311 1225 342 DIC'PYM
1261 311 1577 343 CRETENSEM·

1054 404 1218 444 sanguine
1242 403 1384 436 infectas
1411 404 1514 436 fuisse
1537 404 1662 446 Dictys
1688 405 1750 438 lib.

1054 464 1104 486 ιν.
1139 455 1258 486 author
1287 459 1360 496 est3
1395 455 1496 497 inque
1523 455 1750 488 Thurinorum

1054 504 1138 535 urbe
1160 504 1310 546 conspici
1331 506 1457 538 Justin.
1474 515 1538 538 xx.
1558 509 1589 539 1.
1632 507 1752 538 Thuri-

1054 564 1172 586 norum
1191 556 1308 587 nrbem
1322 557 1510 588 condidisse
1524 557 1751 588 Philoctetem

1056 605 1184 645 ferunt,
1210 605 1326 647 ibique
1358 607 1468 638 adhuc
1497 612 1751 639 monumentum

1055 656 1128 696 ejus
1157 655 1287 695 visitur,
1311 661 1346 687 et
1370 656 1530 688 Herculis
1556 657 1692 695 sagittae
1718 656 1752 687 in

1055 704 1225 745 Apollinis
1250 706 1389 747 templo,
1409 716 1484 748 quae
1509 705 1617 738 fatum
1638 707 1751 748 Trojae

1055 754 1164 787 fuere.

1100 808 1173 848 §15
1200 807 1332 839 Porcum
1361 817 1477 839 marem
1505 808 1539 839 in
1557 808 1668 846 forum
1695 809 1754 839 ad-

1047 857 1134 896 ferri
1147 857 1253 897 jubet]
1278 857 1377 897 Apud
1398 858 1565 888 Romanos
1588 858 1622 888 in
1647 856 1753 889 foede·

1058 908 1150 939 ribus
1164 908 1265 938 etiam
1283 908 1375 948 porci
1391 918 1480 939 usus.
1527 908 1600 939 Liv.
1617 917 1640 940 1.
1655 918 1688 950 p.
1701 912 1754 940 15.

1057 958 1097 989 Id
1115 958 1171 989 ubi
1190 958 1291 998 dixit,
1312 968 1449 1000 porcum
1468 968 1550 990 saxo
1566 959 1659 990 silice
1677 968 1754 1000 per-

1057 1007 1176 1039 cussit.

1104 1056 1230 1088 Orienti
1252 1057 1460 1098 accidentique
1485 1057 1618 1098 dividit]
1641 1058 1688 1090 Et
1704 1057 1753 1089 ita

1058 1106 1231 1147 Augurem
1257 1107 1346 1148 apud
1371 1108 1500 1139 Livium
1523 1107 1644 1139 fecisse
1661 1108 1754 1140 inve·

1058 1157 1167 1188 nimus
1184 1166 1210 1188 1.
1232 1158 1241 1175 ‘
1261 1157 1379 1198 Augur
1401 1158 1493 1189 Deos
1516 1162 1687 1198 precatus,
1703 1167 1755 1188 re-

1059 1208 1177 1248 giones
1192 1208 1235 1238 ab
1251 1208 1381 1239 oriente
1398 1208 1439 1239 ad
1461 1217 1618 1240 occasum
1643 1208 1756 1239 deter-

1059 1258 1220 1289 minavit?
1266 1258 1435 1290 Ortnmne
1452 1259 1604 1299 respexit
1626 1258 1680 1289 hic
1703 1268 1757 1289 sa-

1059 1307 1192 1344 cerdos,
1221 1317 1315 1339 more
1352 1307 1463 1344 solito,
1493 1312 1532 1339 ut
1559 1308 1654 1347 Virg.
1686 1316 1756 1338 xu.

1060 1358 1194 1389 AEueid.
1216 1359 1226 1375 ‘
1245 1359 1301 1389 Illi
1331 1357 1373 1389 ad
1400 1357 1570 1398 surgentis
1599 1357 1756 1388 conversi

1059 1409 1186 1440 lumina
1216 1409 1293 1439 solis
1322 1409 1417 1439 Dant
1454 1406 1569 1448 fruges
1603 1407 1758 1438 manibus

1060 1459 1189 1490 salsas!
1222 1458 1438 1499 Conjeeturae
1454 1458 1506 1489 hic
1523 1458 1625 1489 liceat
1647 1458 1757 1489 indul-

1061 1519 1156 1550 gere.
1201 1509 1287 1540 Cum
1305 1508 1412 1548 Argos
1437 1513 1669 1539 convenerant
1683 1508 1757 1538 Du-

1062 1569 1133 1599 ces,
1155 1568 1231 1590 mox
1255 1558 1334 1590 inde
1359 1558 1486 1590 Aulida
1509 1558 1658 1598 petituri,
1682 1558 1759 1596 iter,

1062 1610 1118 1640 via
1135 1609 1270 1649 publica
1287 1607 1569 1647 ingredientibus,
1594 1608 1661 1639 tale
1681 1606 1760 1646 fuit,

1063 1665 1099 1691 ut
1111 1669 1271 1690 -occasum
1288 1658 1389 1690 medii
1405 1658 1496 1689 inter
1511 1663 1546 1689 et
1558 1663 1668 1688 ortum
1683 1667 1758 1698 per-

1062 1716 1182 1750 gerent
1198 1720 1207 1748 ;
1225 1709 1320 1740 Aulis
1336 1710 1463 1749 quippe
1479 1707 1634 1744 Baeotiae,
1649 1707 1758 1738 orien-

1062 1760 1138 1791 talis
1154 1765 1204 1791 est
1222 1759 1323 1799 Argis
1340 1759 1372 1789 in
1389 1758 1565 1798 Argolide.

1106 1811 1171 1841 Per
1183 1810 1317 1841 medium
1333 1808 1468 1840 transire
1475 1808 1584 1849 jubet]
1596 1807 1758 1839 Similiter

1062 1860 1122 1891 lib.
1140 1870 1174 1892 v.
1191 1863 1242 1891 10.
1288 1862 1297 1877 ‘
1316 1860 1449 1891 Excisis
1472 1860 1506 1889 in
1531 1863 1646 1898 partes
1677 1857 1759 1888 duas

1062 1910 1182 1940 hostiis
1198 1919 1260 1950 per
1276 1909 1423 1940 medium
1439 1907 1641 1940 transeunt!
1685 1907 1758 1938 No-

1064 1959 1196 1990 tissima
1212 1959 1352 1990 historia
1368 1959 1493 1990 Xerxis
1511 1963 1563 1989 est
1579 1956 1669 1998 apud
1689 1957 1758 1987 He-

1064 2009 1233 2048 rodotum,
1257 2018 1319 2048 per
1345 2007 1492 2039 medium
1521 2007 1580 2038 filii
1605 2006 1760 2046 Hospitis

1064 2058 1286 2088 liberalissimi
1312 2059 1345 2088 in
1370 2057 1454 2088 duas
1480 2056 1619 2088 dissecti
1646 2060 1761 2096 partes

1064 2107 1252 2138 exercitum
1275 2107 1497 2139 traducentis.
1542 2106 1632 2140 Quin
1650 2106 1761 2147 gravi-

1065 2161 1118 2187 ter
1127 2157 1266 2189 Judaeos
1276 2158 1433 2198 increpat
1445 2158 1614 2190 Jeremias
1625 2165 1760 2188 xxxw.

1065 2208 1097 2236 8.
1125 2206 1214 2247 quod
1242 2216 1302 2246 per
1328 2206 1467 2237 dissecti
1492 2206 1590 2238 vituli
1614 2206 1760 2238 medium

1064 2257 1209 2288 transire
1225 2262 1483 2288 consueverant.

1109 2306 1195 2337 Pure
1214 2306 1309 2346 lauti]
1332 2306 1410 2338 Hoc
1426 2312 1478 2337 est
1493 2305 1657 2338 decenter
1672 2315 1761 2347 prae-

1065 2356 1188 2396 parati,
1218 2361 1256 2386 ut
1284 2356 1423 2387 solenne
1463 2356 1556 2386 istud
1590 2355 1762 2396 exigebat.

1064 2404 1161 2437 Infra
1177 2415 1227 2437 1v.
1245 2409 1276 2438 8.
1301 2406 1311 2423 ‘
1328 2406 1442 2438 Graeci
1459 2407 1587 2437 lautum
1603 2406 1691 2437 bene
1706 2416 1761 2438 ca-

1064 2454 1171 2485 daver
1187 2455 1359 2486 Antilochi
1377 2456 1518 2487 Nestori
1535 2455 1697 2487 tradunt!

1108 2506 1180 2537 Sibi
1193 2506 1442 2547 adhospitavere]
1459 2507 1577 2538 Barth.
1590 2506 1760 2546 explicat:

1065 2556 1160 2587 Deos
1179 2556 1242 2587 sibi
1259 2558 1353 2587 velut
1369 2556 1516 2597 hospitio
1533 2556 1760 2596 conjunxisse.

1066 2605 1203 2645 Melius,
1231 2606 1324 2636 Deos
1354 2605 1418 2635 sibi
1447 2604 1614 2645 propitios
1649 2603 1762 2635 reddi·

1066 2654 1166 2694 disse,
1180 2655 1246 2693 vel,
1258 2656 1349 2686 Deos
1366 2654 1448 2685 istos
1461 2663 1522 2694 pro
1538 2653 1762 2693 hospitalibus

1068 2705 1152 2735 Deis
1174 2705 1338 2744 elegisse:
1372 2709 1468 2734 erant
1491 2703 1578 2733 enim
1599 2703 1690 2734 Deos
1712 2704 1762 2734 in·

1068 2759 1134 2792 ter,
1150 2763 1232 2794 quos
1248 2758 1381 2784 veteres
1397 2751 1510 2791 ξεινίους
1528 2752 1761 2792 appellabant,

1066 2804 1273 2844 hospitales;
1317 2803 1360 2834 ob
1405 2802 1607 2833 intimiorem
1643 2811 1761 2833 eornm

1069 2856 1285 2896 praesentiazn
1323 2859 1360 2886 et
1397 2853 1687 2892 fainiliaritatem;
1724 2857 1763 2885 ut
