1889 3194
495 329 556 359 DE
590 328 745 359 BELLO
777 326 1001 358 TROJANO
1036 326 1128 356 LIB.
1162 328 1193 356 1.

1481 314 1566 357 389

124 421 313 463 Occulta
333 422 608 472 extenebrat,
627 421 854 475 redditque
871 421 1054 462 latentia
1073 420 1176 461 luci.

122 489 263 530 Immo
283 489 382 542 quis
402 502 426 529 e
444 502 605 542 supera
624 488 853 530 contendat
872 500 983 542 pace
1003 490 1196 528 creatam

119 556 424 597 Turbatricem
444 555 698 596 hominum?
730 567 832 608 quae
856 557 1009 595 sancta
1029 553 1209 594 silentia
1231 565 1377 605 regum

1479 552 1564 592 305

121 622 176 663 In
198 622 345 663 mundi
366 621 543 675 praefert
558 634 706 671 aures,
727 628 767 661 et
786 621 928 674 plebis
947 621 993 661 in
1014 632 1089 660 ora

119 688 337 742 Dissipat,
358 700 563 729 arcanum
583 700 697 728 curae
718 687 862 727 furata
881 686 1065 727 silentis.

176 754 314 795 Haud
335 767 474 805 mora,
494 767 576 795 non
588 753 707 807 jussi
726 754 864 803 lituis,
883 766 973 794 non
994 766 1081 795 aere
1104 752 1267 801 vocati,

119 821 386 874 Conspirant
407 820 463 862 ad
484 820 601 862 bella
621 821 718 871 viri,
740 820 815 862 sed
836 826 881 862 et
900 833 1018 862 arma
1037 820 1224 861 tumultu

118 887 255 929 Plebs
272 887 404 941 rapit,
423 891 468 928 et
488 887 663 928 vibrans
682 900 791 940 quos
812 900 901 928 non
920 888 1032 928 bene
1054 890 1233 928 noverat
1254 898 1399 935 cnseS,

1477 884 1563 925 310

118 953 305 1006 Ingenuo
324 953 457 994 irasci
476 952 621 998 discit,
643 954 914 1007 multumque
933 954 1136 1003 minatur,

117 1020 204 1061 Sed
220 1020 392 1061 factura
412 1032 588 1073 parum:
620 1021 719 1062 terit
737 1021 810 1062 hic
831 1022 878 1062 in
896 1020 1037 1061 fraena
1050 1020 1241 1073 jugales,

117 1086 222 1127 Non
242 1086 420 1139 longum
440 1098 674 1128 mansurus
694 1100 848 1141 eques,
864 1092 992 1140 rapta
1014 1087 1087 1127 ille
1110 1086 1310 1139 superbit

116 1152 316 1203 Casside,
337 1158 383 1194 et
400 1153 633 1206 impatiens
654 1158 809 1208 captos
829 1155 1087 1196 decrescere
1109 1154 1232 1194 visus
1250 1167 1260 1194 ε

115 1219 179 1260 Hi
202 1233 330 1261 suras
349 1220 536 1273 riguisse
555 1223 755 1273 stupent3
786 1221 830 1260 hi
851 1220 1045 1274 pondere
1068 1220 1173 1260 victi

113 1284 167 1325 In
189 1287 371 1339 clypeos
392 1290 574 1337 nutant3
607 1299 710 1340 pars
732 1287 918 1327 barbara
937 1299 1073 1339 regna
1093 1285 1277 1326 lacessit

114 1352 288 1405 Litigiis
310 1354 459 1394 audax
479 1358 524 1394 et
545 1354 652 1394 citra
672 1354 827 1407 praelia
846 1354 988 1403 fortis,

113 1417 304 1472 Objecto
326 1432 480 1461 secura
500 1419 638 1461 freto:
661 1421 798 1472 gemit
818 1420 953 1461 anxia
972 1424 1162 1460 matrum

111 1484 274 1536 Turba,
295 1499 375 1526 nec
395 1486 604 1526 infaustis
626 1486 785 1527 solatia
800 1491 962 1528 moesta
980 1485 1171 1539 querelis

111 1551 182 1592 lre
200 1557 356 1605 negant
375 1553 607 1606 lacrymae:
638 1553 843 1607 lacrymis
865 1557 1071 1601 certatur,
1094 1556 1138 1593 et
1160 1564 1330 1592 omnem

1475 1552 1559 1592 :20

111 1619 373 1662 Excessisse
390 1625 519 1674 putat
539 1620 668 1662 flendi
687 1621 950 1674 parcissima
969 1621 1136 1661 luctum
1157 1633 1165 1659 :

763 1794 904 1827 NOTAE

108 1876 270 1909 Excurrit
287 1878 320 1908 in
337 1877 461 1909 famam
483 1879 641 1919 exemplo
656 1879 751 1920 Virg.
767 1885 802 1912 et

108 1928 258 1967 Papinii,
283 1928 362 1959 item
379 1929 483 1961 Ovid.
509 1938 575 1960 xrr.
602 1929 740 1962 Metam.
767 1935 803 1962 et

106 1978 181 2008 Silii
211 1977 305 2009 initio
336 1978 470 2019 quarti:
497 1989 563 2020 qua
589 1978 631 2010 de
663 1989 699 2011 re
726 1980 804 2011 vide

107 2027 324 2059 Parrhasium
345 2029 478 2068 Sylloge
495 2038 544 2059 iv.
560 2030 625 2070 Ep.
641 2032 695 2061 29.
741 2031 804 2062 Est

107 2084 222 2109 autem
244 2078 425 2110 extenebrat
449 2081 646 2119 φωταγωγεῖ,
668 2079 802 2112 ἀποσκο-

105 2126 216 2166 τιάζει.
246 2128 304 2159 Ita
318 2128 462 2159 Tertull.
487 2129 496 2145 ‘
510 2129 567 2160 Sol
587 2130 803 2171 tenebravit,'

106 2176 165 2207 lib.
183 2181 301 2207 contra
315 2177 470 2216 Judaeos,
485 2180 538 2208 13.
575 2179 684 2209 Varro
702 2189 743 2211 11.
759 2180 802 2211 de

108 2226 157 2256 Re
175 2226 271 2256 Rust.
296 2226 306 2243 ‘
321 2227 431 2266 quoad
450 2228 733 2269 contenebravit:
748 2228 804 2262 ἕως

106 2273 342 2313 συνεσκόταζεν.
396 2275 512 2307 Idem:
539 2281 663 2317 ‘atque
686 2288 802 2311 omnes

105 2325 191 2356 adeo
214 2325 382 2366 perquirit
408 2329 509 2365 atque
534 2327 738 2359 extenebrat
752 2339 803 2360 ar-

106 2373 181 2405 tes.'
204 2374 349 2405 Orosius
365 2374 452 2405 libro
469 2374 512 2405 de
529 2374 702 2407 Arbitrio:
722 2377 803 2409 ‘Vi-

106 2424 189 2454 tium
215 2423 383 2454 natm-alia
408 2423 494 2454 bona
520 2425 746 2457 contenebrat
768 2432 804 2459 et

103 2472 277 2508 infirmat‚'
304 2475 379 2504 676.
420 2473 478 2504 Sic
505 2472 621 2506 Plaut.
645 2476 654 2492 ‘
673 2482 804 2507 extere-

105 2522 286 2554 bronides'
330 2522 371 2553 ab
409 2522 640 2555 exterebrare.
694 2525 802 2556 Prud.

104 2574 114 2590 ⁴
128 2573 350 2613 Elaqueanda
362 2573 481 2604 animis
493 2572 716 2606 Constantia!
740 2576 803 2606 Fa-

102 2633 169 2663 ma,
186 2633 261 2665 quae
277 2623 422 2664 plurima
437 2622 515 2660 scit,
529 2627 567 2653 ut
583 2623 630 2654 ait
646 2624 723 2654 Sen.
740 2625 804 2665 Ep.

102 2676 154 2705 43.
171 2678 248 2714 post
264 2674 373 2705 coenia
397 2673 465 2713 illa,
481 2679 517 2704 et
534 2673 627 2709 vitia,
648 2684 724 2715 quae
753 2680 804 2705 te-

102 2723 225 2754 nebras
250 2723 389 2762 habent,
413 2722 629 2761 extenebrat‚
655 2732 719 2754 non
746 2734 799 2754 crv-

102 2771 226 2812 σκιάζει
255 2777 290 2804 et
314 2773 512 2804 inlatebrat:
541 2773 599 2803 sed
626 2775 797 2814 λογοποιεῖ,

88 2823 280 2866 smm'ferat,
297 2828 335 2854 ut
363 2828 415 2854 est
433 2823 523 2864 apud
544 2824 712 2855 Nonium:
747 2829 799 2856 est

101 2878 109 2892 ‘
122 2872 347 2914 rumigerula‚’
363 2883 436 2914 quae
451 2883 514 2904 vox
530 2873 695 2905 Ammiani
707 2875 798 2906 Mar-

856 1881 981 1912 cellini.

900 1934 960 1962 311
988 1931 1124 1969 Iugcnue
1141 1929 1235 1959 irasci
1250 1927 1358 1967 discit]
1375 1927 1554 1966 Αὐτοφυῶς,

858 1990 951 2011 more
975 1979 1126 2014 militari,
1143 1987 1208 2009 nou
1231 1977 1417 2008 desultorio
1436 1982 1470 2008 et
1487 1987 1555 2008 rus-

859 2029 938 2060 tico.

900 2079 1098 2116 Multumque
1112 2076 1264 2114 minatur,
1280 2074 1341 2105 Sed
1357 2074 1487 2113 factura
1500 2085 1555 2114 pu-

857 2128 942 2169 rum]
969 2126 1080 2158 Infra:
1101 2128 1110 2144 ‘
1127 2125 1261 2166 Litigiis
1277 2125 1387 2155 audax
1409 2130 1445 2155 et
1466 2125 1556 2155 citra

858 2179 978 2220 praelia
1000 2175 1124 2208 fortis!
1168 2174 1256 2206 Vide
1281 2175 1382 2205 etiam
1407 2183 1458 2205 vr.
1481 2177 1557 2205 601.

858 2227 1061 2260 Petronius:
1085 2226 1094 2242 ‘
1113 2224 1289 2256 absentem
1313 2224 1400 2254 votis
1426 2223 1554 2254 interti-

858 2279 905 2311 cit
921 2275 1076 2308 hostem.'

900 2330 962 2359 320
987 2324 1150 2364 Lacrymis
1176 2321 1330 2361 certatur]
1360 2320 1439 2352 Sen.
1466 2321 1553 2351 Con-

859 2383 946 2408 trov.
971 2384 1021 2406 vr.
1041 2377 1073 2404 8.
1096 2373 1104 2388 ‘
1121 2373 1282 2410 lacrymae
1306 2373 1381 2400 sunt
1409 2368 1553 2408 pignora

856 2422 1078 2458 nolentiumz’
1103 2421 1202 2461 paulo
1216 2424 1309 2460 post:
1333 2420 1342 2435 ‘
1361 2417 1478 2448 Fletus
1495 2418 1554 2447 hu-

857 2484 1032 2507 manarum
1073 2470 1315 2502 necessitatum
1361 2468 1552 2498 verecunda

856 2523 1031 2555 execratio
1047 2519 1123 2551 est!

883 2574 929 2604 Et
940 2580 1058 2603 omnem
1072 2567 1250 2600 Excessisse
1264 2569 1354 2606 putat
1360 2566 1464 2606 flendi
1478 2577 1551 2607 par-

856 2622 979 2653 cissima
992 2618 1121 2658 luctum]
1143 2617 1186 2647 Se
1202 2617 1333 2647 scilicet
1348 2616 1548 2655 excessisse3

858 2682 949 2713 saepe
959 2671 1047 2701 eninr
1060 2666 1217 2707 talequid
1231 2665 1373 2703 omittit,
1386 2674 1427 2696 ιι.
1441 2666 1549 2697 ‘haec-

853 2732 896 2753 ne
925 2721 1074 2752 animosa
1098 2715 1265 2756 superbit,
1291 2715 1401 2746 Solius
1432 2717 1548 2747 memi-

854 2773 942 2803 nisse
967 2769 1028 2800 viri
1039 2766 1060 2798 ?’
1100 2766 1154 2799 v.‘
1171 2765 1386 2796 reminiscere
1411 2766 1547 2796 tandem

853 2823 1039 2862 Spartanos
1047 2815 1188 2848 coluisse
1198 2815 1282 2845 lares
1294 2814 1313 2842 :’
1327 2815 1390 2845 v1.‘
1401 2816 1548 2856 Fingere

855 2880 949 2903 sacra
971 2872 1083 2903 vovet,
1110 2865 1205 2906 fingit
1229 2874 1263 2896 se
1289 2875 1385 2896 sacra
1408 2876 1547 2904 vovere,
