1889 3194
510 362 572 391 DE
605 360 761 391 BELLO
795 359 1021 390 TROJANO
1054 359 1150 389 Llss.
1184 360 1259 390 111.

1518 349 1602 389 447

160 456 384 500 Praevelat
403 456 581 498 fraudes
600 469 611 496 ι
642 468 788 498 caesas
808 468 899 497 non
917 454 1057 496 induit
1072 454 1212 503 alnos,

161 526 402 566 Pinnarum
423 527 632 577 suspecta
652 528 798 564 strues
818 535 830 562 :
864 534 1102 563 numerosa
1120 523 1303 574 vagatur

158 591 417 644 Tranquillo
435 591 592 631 classis
610 590 761 632 cultu:
792 589 948 643 regalis
965 589 1129 630 olivam

160 657 401 700 Praetendit
418 658 574 711 pinus:
606 657 867 710 tandemque
882 660 1033 709 erepta
1053 655 1189 696 furori

1516 655 1600 695 165

162 724 422 765 Semimaris
444 724 582 774 Galli,
602 738 687 765 non
716 724 974 764 adversante
996 721 1174 775 Cybele,

160 791 349 832 Miratur
364 791 532 832 similes
551 790 758 832 bacchari
785 790 841 831 ad
859 790 1010 831 littora
1028 802 1177 831 voces.

160 858 293 899 Hanc
309 857 444 899 decor
462 858 654 910 insignit,
674 857 851 911 qualem
871 856 1146 910 progressior
1164 867 1273 896 usus

160 925 273 966 Post
291 925 470 977 longum
489 925 682 965 lucratur
704 937 835 978 opus,
855 924 1057 966 tabulata
1078 923 1277 976 superbis

160 991 437 1033 Praeradiant
456 991 668 1044 inscripta
683 992 818 1040 notis,
839 991 1023 1032 vestitur
1042 989 1168 1030 herili

1521 990 1604 1031 170

160 1059 299 1100 Prora
317 1059 450 1112 Tyro,
472 1058 721 1112 puppisque
741 1058 883 1110 Tago,
904 1057 1022 1098 nitor
1041 1057 1169 1109 erigit
1192 1055 1330 1097 Indus

162 1125 428 1175 Antennam,
449 1126 705 1179 spargitque
725 1125 769 1165 in
788 1128 978 1165 transtra
998 1136 1235 1177 cupressus
1255 1123 1433 1164 odorem

160 1191 281 1233 Vela
297 1204 454 1244 regens
472 1206 482 1233 :
514 1196 681 1233 certant
700 1192 831 1241 venti,
853 1192 951 1244 quis
971 1191 1106 1232 lintea
1127 1189 1282 1231 tendat

165 1258 422 1312 Purpureos
444 1259 661 1300 discincta
678 1259 799 1299 sinus
816 1271 826 1299 ε
858 1262 902 1298 at
921 1258 1016 1299 lene
1035 1257 1221 1298 fluentes

162 1324 365 1366 Arcessit
386 1325 615 1379 Zephyros
631 1326 774 1380 puppi
797 1325 1061 1379 praescripta
1084 1324 1248 1365 Dione.

1520 1324 1605 1365 175

812 1454 954 1486 NOTAE

195 1539 258 1568 162
270 1537 375 1568 Caesas
384 1546 444 1568 non
453 1536 557 1569 induit
568 1538 667 1575 alnos,
682 1538 855 1569 Pinnarum

158 1591 299 1628 suspecta
314 1587 431 1627 strues]
456 1587 556 1620 Quod
575 1593 639 1627 est,
655 1593 856 1618 ornamenta

159 1637 256 1669 navis
284 1646 352 1668 non
379 1636 518 1669 fuerunt
548 1638 679 1668 bellicae
719 1638 831 1678 pinnae
846 1648 853 1666 :

158 1687 300 1728 fastigia
312 1695 496 1718 murorum.
533 1687 716 1728 Vegetius:
732 1687 742 1704 ‘
754 1696 856 1727 super

158 1747 258 1779 quem
274 1736 316 1768 ad
332 1736 582 1768 similitudinem
598 1738 683 1768 muri
696 1741 730 1768 et
742 1737 855 1778 pinnae

159 1791 196 1818 et
214 1787 470 1827 propugnacula
487 1786 760 1827 componuntur!
790 1787 856 1817 Pa-

160 1836 231 1877 pin.
244 1845 311 1867 vu.
327 1836 435 1868 Theb.
459 1835 469 1852 ‘
481 1836 632 1867 Fortuito
647 1836 758 1868 ductae
775 1846 856 1877 qua-

160 1892 216 1918 ter
231 1895 353 1926 aggere
370 1885 508 1926 piunae.'
553 1895 590 1917 x.
608 1886 720 1918 Theb.
742 1887 751 1904 ‘
770 1886 856 1917 Inde

160 1945 223 1977 per
252 1935 417 1976 abruptas
446 1939 632 1968 castrorum
663 1946 705 1968 ex
732 1945 857 1978 aggere

161 1985 304 2026 pinnas.'

205 2038 268 2066 166
280 2034 462 2066 Semimaris
477 2035 579 2076 Galli]
598 2034 701 2068 Ovid.
719 2045 787 2067 rem
805 2041 857 2068 to-

163 2088 232 2115 tam
249 2083 412 2115 describit
432 2093 481 2116 xv.
503 2085 595 2115 Fast.
612 2088 686 2117 100.
731 2086 856 2118 Catull.

161 2133 196 2163 iu
210 2132 415 2164 Galliambo.
450 2133 575 2164 Minut-
590 2133 684 2165 Felix
700 2134 733 2165 in
748 2135 854 2166 Octa-

161 2183 228 2214 vio.
251 2182 419 2213 Arnobius
438 2192 471 2214 v.
513 2183 705 2223 Stephanus
726 2185 856 2225 Byzan-

161 2233 227 2264 tius
241 2232 274 2262 in
286 2230 422 2270 γάλλος.
466 2232 647 2264 Fenestell.
659 2242 684 2265 1.
697 2236 749 2264 12.
767 2234 858 2265 Galli

163 2281 247 2312 dicti
264 2290 283 2311 a
298 2279 412 2312 fluvio.
446 2281 535 2311 Vide
548 2281 622 2313 Jos.
636 2282 800 2322 Scaliger.
815 2283 857 2314 ad

164 2331 290 2363 Euseb.
320 2340 354 2371 p.
383 2333 457 2361 114.
527 2330 658 2361 Seneca
687 2332 754 2371 Ep.
784 2335 856 2364 109.

163 2382 327 2413 Brodaeus
341 2389 381 2412 11.
395 2380 480 2411 Crit.
494 2383 545 2412 13.
558 2390 592 2420 p.
603 2383 680 2412 537.
704 2382 858 2413 Phornu-

165 2436 220 2462 tus
236 2430 279 2461 de
291 2430 398 2470 Rhea,
410 2433 483 2461 152.
507 2430 618 2461 Varro
631 2431 665 2461 in
675 2429 859 2471 fragment.

163 2480 306 2512 Ambitu
331 2489 407 2512 cum
432 2480 575 2510 maximo
597 2479 640 2511 de
661 2480 768 2511 Gallis
790 2481 861 2522 agit

164 2531 347 2562 Marcellus
372 2530 498 2560 Donat.
523 2529 678 2560 Dilucid.
704 2530 745 2560 ad
767 2531 861 2562 Suet.

163 2591 194 2613 c.
210 2585 262 2613 68.
307 2581 420 2612 Varro
437 2591 469 2621 p.
484 2583 537 2612 94.
553 2582 725 2620 μυθολογεῖ
738 2582 779 2613 de
795 2582 862 2613 sin-

137 2662 140 2666 ,
164 2632 264 2673 guliS‚
278 2638 313 2663 et
329 2632 468 2663 Lucret.
481 2641 521 2662 11.
533 2634 607 2664 614.

208 2683 270 2715 168
308 2682 439 2717 Qualem
458 2681 653 2722 progressior
680 2681 768 2722 usus]
805 2681 862 2713 Ita

164 2739 214 2761 ιν.
229 2732 303 2762 479.
317 2731 327 2748 ‘
340 2730 544 2771 Progressus
558 2734 683 2762 testata
693 2730 790 2766 dies‚'
800 2730 860 2762 lib.

164 2789 216 2811 vr.
243 2783 317 2812 778.
342 2785 350 2798 ¹
365 2780 564 2821 productior
592 2780 696 2812 usus.’
739 2781 861 2811 Festus

164 2830 198 2861 in
212 2830 418 2862 Proculum:
433 2830 442 2847 ‘
455 2830 531 2871 quia
544 2829 698 2870 patribus
710 2829 861 2868 senibus,

167 2881 263 2920 quasi
286 2881 405 2922 procul
433 2880 620 2921 progressis
645 2884 762 2916 aetate,
790 2879 860 2911 nati

909 1537 1013 1576 sunt,’
1025 1536 1238 1578 προβεβηκόσι
1254 1536 1296 1568 εἷς
1309 1537 1421 1577 γῆρας,
1433 1542 1605 1577 προεληλυ-

909 1587 1007 1627 odam,
1030 1592 1067 1619 ut
1083 1589 1150 1619 Dio
1167 1588 1333 1619 Cocceius
1357 1588 1518 1628 loquitur,
1533 1599 1607 1627 προ·

908 1638 1049 1675 βεβηκὼς
1064 1637 1194 1678 ἡμερῶν.
1232 1638 1356 1670 Genes.
1373 1640 1426 1669 24.
1442 1637 1607 1678 προϊούσης

909 1688 966 1725 τῆς
986 1687 1118 1725 ἡλικίας.
1164 1687 1269 1719 Arist.
1292 1687 1384 1719 Hist.
1402 1687 1513 1718 Anim.
1540 1697 1607 1719 vu.

911 1740 962 1769 12.
974 1737 984 1754 ‘
993 1738 1161 1778 provectis
1171 1737 1296 1769 aetate.'
1317 1738 1457 1769 Sueton.
1469 1738 1544 1769 Tib.
1554 1740 1607 1769 54.

911 1793 946 1818 et
962 1787 1059 1819 initio
1082 1787 1142 1819 lib.
1157 1797 1192 1819 v.
1208 1787 1240 1818 in
1255 1788 1374 1819 Claud.
1389 1790 1421 1819 2.
1447 1789 1456 1806 ⁴
1471 1798 1513 1819 ne
1531 1797 1608 1829 pro-

912 1848 1028 1878 gressa
1050 1838 1187 1879 quidem
1205 1837 1332 1869 aetate!
1365 1839 1421 1869 Sic
1438 1838 1607 1879 Hegesip-

913 1897 992 1928 pus:
1009 1888 1120 1919 ‘edita
1136 1887 1244 1920 aetas.'
1275 1890 1284 1906 ‘
1298 1888 1482 1919 Declinata
1499 1887 1606 1919 aetas.¹

911 1937 1056 1970 Quintil.
1093 1938 1231 1970 Lucret.
1257 1947 1298 1970 ιι.
1342 1938 1352 1955 ‘
1368 1938 1608 1979 Paulatimque

912 1987 1035 2028 gradus
1051 1989 1163 2019 aetatis
1178 1988 1341 2020 scandere
1357 1987 1508 2020 adultael
1530 1989 1609 2019 Vir-

911 2038 971 2077 gil.
1008 2046 1063 2068 111.
1098 2038 1226 2078 Georg.
1259 2040 1268 2055 ‘
1283 2039 1341 2069 Sin
1365 2038 1399 2069 in
1428 2047 1608 2079 progressu

911 2087 1016 2127 coepit
1031 2087 1234 2119 crudescere
1257 2087 1415 2120 morbus.'
1461 2088 1608 2129 Oppone

911 2137 988 2168 huic
1011 2138 1191 2178 apparatui
1214 2138 1357 2169 alterum
1376 2147 1400 2170 1.
1416 2140 1470 2169 77.
1514 2138 1609 2169 Aris-

911 2187 1027 2217 totelis
1050 2187 1133 2217 illud
1157 2188 1197 2218 ad
1214 2197 1346 2218 sensum
1364 2188 1462 2228 hujus
1475 2188 1540 2218 loci
1556 2186 1608 2218 fa-

912 2236 960 2266 cit
978 2247 985 2265 :
1009 2237 1146 2267 πλεῖστα
1167 2238 1230 2267 τῶν
1245 2237 1382 2277 ἇρχαιῶν
1405 2235 1501 2274 ἧττον
1527 2235 1608 2277 διήρ-

912 2286 1033 2325 θρωται.
1054 2286 1159 2316 Polit.
1179 2294 1218 2316 11.
1235 2289 1286 2316 10.

958 2337 1019 2365 170
1047 2334 1187 2365 Vestitur
1201 2335 1294 2366 lierni
1310 2335 1414 2366 Prora
1429 2335 1522 2376 Tyra,
1533 2345 1608 2376 pup-

911 2384 1019 2425 pisque
1039 2384 1139 2424 Tago]
1160 2384 1275 2423 Tagus
1298 2389 1332 2415 et
1347 2385 1456 2424 Tyrus
1473 2393 1534 2424 pro
1550 2393 1608 2415 au-

916 2443 951 2464 ro
964 2438 999 2464 et
1016 2443 1176 2473 purpura.
1215 2433 1271 2464 Ita
1283 2433 1426 2464 Tertull.
1454 2437 1463 2450 ‘
1478 2432 1609 2474 aliquid

916 2481 1080 2519 Arabiae‚'
1095 2482 1129 2513 id
1142 2486 1193 2513 est
1215 2482 1333 2521 thuris,
1350 2482 1406 2513 lib.
1423 2481 1465 2512 de
1482 2491 1610 2513 corona

915 2533 1031 2564 militis
1045 2541 1081 2563 x.
1108 2534 1182 2562 183.
1226 2532 1284 2563 Sil.
1310 2532 1370 2563 lib.
1389 2540 1467 2562 xvr.
1490 2532 1609 2562 ‘Auri-

915 2580 990 2613 fero
1007 2580 1147 2621 profusa
1162 2581 1252 2620 Tago
1269 2581 1384 2612 villosa
1401 2580 1504 2611 leonis
1525 2581 1609 2612 Ter-

915 2641 959 2672 ga
975 2630 1067 2663 feri!
1112 2631 1303 2663 Lucianus:
1339 2630 1417 2670 ὅλην
1437 2630 1498 2668 τὴν
1521 2630 1610 2671 Ἀρα-

914 2680 986 2717 βίαν
1000 2679 1115 2720 σχεδὸν
1129 2680 1165 2711 ἐκ
1177 2682 1239 2711 τῶν
1248 2682 1363 2720 τριχῶν
1377 2679 1587 2712 ἆποπνέουσα.

958 2733 996 2762 17
1001 2733 1019 2762 3
1059 2730 1139 2766 Quis
1170 2729 1265 2761 lintea
1294 2731 1401 2761 tendat
1429 2730 1611 2771 Purpureos

915 2781 1065 2812 discincta
1091 2780 1192 2821 sinus]
1228 2781 1281 2811 De
1312 2780 1396 2811 velis
1430 2779 1610 2821 purpureis

917 2829 1214 2862 videBernartium
1223 2829 1263 2860 ad
1274 2830 1383 2871 sylvas
1391 2830 1515 2871 Papin.
1523 2839 1548 2862 1.
1557 2833 1610 2861 46.

958 2882 1017 2911 175
1043 2879 1146 2920 Puppi
1157 2880 1341 2920 prcescripca
1353 2879 1472 2920 Dione]
1488 2880 1611 2912 Tutela
