1889 3194
296 341 381 381 582
470 352 610 384 NorAE
642 352 909 384 VARIORUM
946 353 996 383 1N

294 446 445 482 πωλῆσαι.
471 445 588 476 Idem:
613 445 770 485 Ἀμυμώνη
785 445 810 476 δ’
828 446 862 476 ἐκ
876 449 986 476 Ποσει·

290 497 384 526 δῶνος
406 494 554 534 ἐγέννησε
575 494 743 526 Ναύπλιον.
766 492 854 526 οὗτος
873 493 986 534 μακρό-

291 548 359 579 βιος
373 544 539 585 γενόμενος
551 544 656 575 πλέων
669 545 729 582 τὴν
747 544 909 576 θάλασσαν
922 545 987 575 τοῖς

291 596 493 633 ἐμπίπτουσιν
515 596 564 627 ἐπὶ
589 596 709 635 θανάτῳ
735 594 904 635 ἐδυσφόρει.
943 597 986 626 Et

290 656 389 677 mox:
423 646 519 685 ἔγημε
555 647 718 684 Κλυμένην
745 646 805 683 τὴν
831 644 985 685 Κρητέως,

291 695 356 735 (tta
372 695 579 736 legendum)
599 696 648 726 καὶ
668 695 816 734 ἐγέννησε
836 695 985 733 Παλαμή-

293 747 358 784 δην,
373 746 484 784 Οἵακα,
500 746 744 783 Ναυσιμέδοντα.
920 755 922 758 ⁴

332 795 507 834 Anaxibia]
524 796 578 826 Ita
589 800 679 826 recte
695 795 768 825 libri
780 795 986 831 uostrimon,

291 845 520 880 medebatur,
537 846 546 861 ‘
560 844 771 875 Anaxiboea!
800 845 986 876 Pausanias

289 894 526 925 Corinthiacis.
544 894 986 933 ApollodorusprimoBibl.

288 943 416 984 Νέστωρ
427 943 529 982 γήμας
541 943 714 983 Ἀναξιβίαν
729 945 786 981 τὴν
802 944 954 984 Κρατέως.

332 994 349 1033 ξ
366 996 385 1023 2
410 993 463 1023 Ex
475 992 591 1023 Sidone
607 1004 625 1023 a
641 994 790 1024 Phoenice
803 994 908 1033 patre]
932 995 986 1025 Ita

288 1043 367 1073 libri
395 1044 521 1074 nostri:
555 1049 769 1073 mutaverant
796 1044 852 1084 qui
878 1044 983 1074 Euro-

288 1103 365 1133 pam
389 1093 558 1132 Agenoris
587 1102 653 1123 non
685 1093 858 1123 Phoenicis
889 1093 983 1123 audi-

288 1148 405 1173 erant:
424 1147 458 1173 at
474 1143 506 1172 id
519 1143 608 1183 juris
622 1142 771 1181 ambigui
787 1141 862 1172 fuit.
878 1142 983 1182 Apol-

288 1193 423 1222 lodorus
440 1192 536 1223 initio
554 1201 610 1223 ιιι.
632 1190 713 1223 τινὲς
729 1193 753 1222 δ’
767 1192 912 1232 Εὐρώπην
927 1192 982 1223 οὐκ

285 1241 462 1282 Ἀγήνορος,
516 1242 602 1273 ἀλλὰ
646 1242 782 1274 Φοίνικος
823 1243 982 1282 λέγουσιν.

288 1291 389 1322 Hom.
413 1292 456 1322 11.
482 1295 515 1324 Ξ.
549 1292 619 1323 Οὐδ’
641 1292 694 1323 ὅτε
713 1293 850 1324 Φοίνικος
873 1293 983 1334 κούρης

287 1344 518 1380 τηλεκλειτοῖο,
536 1342 576 1373 *H
599 1342 671 1374 τέκε
694 1356 745 1382 μοι
769 1344 854 1375 Μίνω
874 1357 911 1375 τε
933 1345 983 1376 καὶ

288 1392 428 1423 ἀντίθεον
439 1391 655 1430 Ῥαδάμανθυν.
694 1394 780 1425 Haec
797 1400 907 1426 autem
925 1396 981 1425 ad-

286 1442 357 1473 dita
381 1453 401 1474 a
425 1448 538 1474 nostro
555 1449 706 1483 auctore,
721 1450 757 1475 ut
773 1444 921 1476 fabulam
939 1445 981 1476 de

285 1493 532 1524 transvectione
549 1494 695 1533 Europae
709 1495 741 1524 in
757 1494 892 1525 Cretam
907 1505 980 1526 vec·

285 1547 358 1572 tore
384 1548 481 1573 tauro
510 1542 713 1580 dissimulet,
741 1550 776 1575 ut
803 1545 979 1576 consilium

284 1600 378 1621 suum
391 1595 562 1631 sequatur,
577 1591 752 1632 redigendi
768 1593 878 1622 omnia
891 1605 980 1632 τερα·

283 1641 422 1678 τεύματα
447 1641 488 1672 ad
519 1652 560 1672 ea
584 1651 657 1682 quae
687 1642 759 1673 fieri
787 1643 978 1674 humanitus

286 1697 440 1730 potuere.

328 1742 379 1780 §3
405 1741 545 1780 Aliisque
567 1751 607 1772 ex
632 1741 914 1781 consanguinitate]
937 1742 977 1773 In

284 1792 440 1831 vulgatis,
458 1794 466 1808 ‘
485 1802 559 1822 cum
578 1792 681 1822 AEnea
697 1793 838 1833 aliisque
853 1792 879 1822 :'
902 1802 977 1832 quae

284 1840 351 1871 duo
368 1841 472 1871 verba
493 1841 615 1872 absunt
631 1851 650 1871 a
666 1841 819 1881 scriptis:
844 1847 880 1873 et
897 1851 978 1872 sane

283 1890 339 1920 vix
367 1891 525 1921 convenit
554 1900 628 1921 cum
658 1891 799 1921 historia
823 1891 977 1931 sequenti

283 1939 336 1969 hic
355 1940 469 1970 AEneae
493 1940 684 1974 comitatus,
700 1950 797 1980 quem
815 1941 925 1971 Dares
943 1945 978 1972 et

283 1989 338 2019 alii
356 1995 513 2020 auctores
532 1990 639 2020 minus
651 1991 875 2021 verisimiliter
887 2000 976 2021 com·

282 2040 386 2069 menti
404 2044 495 2073 sunt.
540 2040 642 2070 Certe
660 2050 724 2070 nou
750 2041 833 2071 alius
848 2041 899 2071 liic
917 2050 975 2071 no-

283 2089 427 2119 minatus
465 2099 564 2130 quam
598 2090 748 2120 Glaucus
779 2089 976 2127 Antenoris,

282 2148 380 2178 quem
395 2137 483 2169 infra
498 2139 722 2179 expeditionis
733 2139 805 2180 ejus
816 2140 974 2170 comitem

283 2186 403 2226 refert,
417 2191 452 2218 et
468 2198 585 2228 poenas
606 2189 707 2219 luisse
727 2193 852 2220 morte:
878 2190 974 2230 isque

281 2248 324 2268 ex
339 2239 595 2279 consanguineis
614 2240 812 2278 Alexandri,
829 2249 902 2270 cum
916 2250 975 2270 ne-

283 2298 342 2327 pos
365 2288 499 2318 dicatur
513 2288 660 2328 AEsyetae
685 2294 721 2320 et
742 2290 974 2325 Cleomestrae,

280 2347 355 2377 quae
383 2338 487 2368 amita
515 2338 777 2369 Laomedontis:
802 2337 889 2369 infra
907 2338 974 2370 fine

282 2387 302 2417 l.
325 2396 356 2416 v.

323 2436 412 2467 Sicut
435 2437 469 2467 in
495 2437 553 2467 tali
574 2447 607 2467 re
621 2437 701 2478 fieri
722 2437 821 2477 amat]
847 2438 902 2469 Ita
925 2437 974 2469 di·

280 2493 371 2517 sei-te
406 2486 483 2516 libri
513 2487 617 2518 nostri
633 2499 642 2526 ;
675 2488 869 2526 eleganter:
907 2498 973 2519 non

281 2537 368 2566 addo
382 2538 537 2576 exempla
553 2547 628 2577 quae
648 2536 807 2568 notarunt
823 2537 913 2568 docti
931 2548 973 2568 ex

279 2586 410 2618 Graecis
432 2591 467 2618 et
492 2587 621 2617 Latinis
645 2586 880 2626 scriptoribus.
926 2587 975 2618 At

282 2637 358 2667 boni
373 2642 582 2668 correctores
602 2637 792 2677 ediderant,
806 2641 817 2655 ‘
835 2636 943 2668 solet.’

322 2688 339 2726 ᾧ
356 2690 374 2717 5
397 2686 450 2717 Ad
463 2686 697 2717 ostentationem
717 2686 814 2725 regim
828 2686 973 2727 magnifi-

279 2734 404 2773 centiae]
432 2735 530 2766 Hom.
546 2735 589 2765 ΙΙ.
604 2739 637 2765 Ζ.
664 2733 748 2765 Ἔνθ’
774 2734 849 2765 ἕσαν
869 2735 898 2764 οἱ
918 2734 972 2766 πέ-

279 2789 353 2813 πλοι
360 2783 568 2821 παμποίκιλοι,
579 2783 654 2823 ἔργα
661 2786 813 2823 γυναικῶν
820 2784 972 2822 Σιδονίων,

279 2832 334 2862 τὰς
359 2833 449 2863 αὐτὸς
472 2832 669 2874 Ἀλέξανδρος
696 2835 828 2871 θεοειδὴς
848 2833 970 2872 ’Ὴγαγε

281 2882 463 2920 Σιδονίηθεν,
491 2883 625 2913 ἐπιπλὼς
654 2882 742 2923 εὐρέα
764 2882 888 2922 πόντον,
907 2884 970 2920 Τὴν

1035 352 1181 383 DICTY
1191 353 1224 382 M
1258 351 1570 383 CRETENSEM.

1037 444 1108 475 ὁδὸν
1129 443 1168 481 ἢν
1187 443 1318 483 Ἑλένην
1339 457 1396 486 περ
1418 445 1577 486 ἀνήγαγεν
1600 444 1728 478 εὐπατέ-

1034 505 1130 535 pelav-

1079 546 1126 586 §7
1152 545 1245 576 Nihil
1257 546 1344 585 pensi
1358 549 1413 576 aut
1426 545 1556 577 consulti
1559 544 1730 584 facientes]

1036 595 1143 633 Libri,
1168 595 1178 611 ‘
1197 595 1389 635 patientes.’
1423 595 1554 633 Scribe,
1581 599 1589 612 ‘
1606 595 1730 626 baben-

1036 644 1112 675 tes!
1145 645 1323 675 Sallustius
1353 645 1386 675 in
1418 645 1585 676 Catilina:
1607 647 1616 662 ‘
1634 644 1729 676 Nihil

1035 694 1129 733 pensi
1153 703 1261 734 neque
1285 694 1450 725 moderati
1475 694 1624 734 habere,’
1643 695 1728 726 etin

1033 744 1254 784 Jugurituno,
1268 745 1278 761 ‘
1295 745 1376 774 nihil
1391 745 1486 785 pensi
1501 753 1608 786 neque
1622 744 1729 776 sancti

1035 793 1184 824 habere.’

1077 845 1130 884 §9
1154 844 1300 874 Danaum
1324 844 1406 874 enim
1426 847 1518 884 utque
1539 843 1729 884 Agenorem]

1036 893 1163 924 Nescio
1189 903 1272 934 quos
1299 899 1434 925 secutus
1460 901 1618 926 auctores
1641 895 1728 926 banc

1033 943 1361 981 consanguinitatem
1413 949 1565 976 attexat:
1619 954 1728 986 neque

1033 994 1120 1023 enim
1135 993 1247 1024 Danai
1264 999 1298 1024 et
1310 993 1477 1034 Agenoris
1493 994 1728 1034 cognationem

1032 1044 1223 1083 exequitur,
1239 1053 1313 1084 quae
1330 1043 1484 1083 ponenda
1500 1043 1574 1079 fuit,
1585 1049 1622 1075 ut
1638 1045 1727 1075 ratio

1032 1096 1220 1131 constaret,
1237 1092 1498 1133 ponendumque
1519 1095 1672 1125 Danaum
1689 1093 1728 1124 fi-

1032 1141 1112 1172 lium
1131 1142 1204 1172 Beli
1222 1142 1279 1183 qui
1302 1141 1411 1172 frater
1427 1141 1606 1182 Agenoris.
1643 1143 1728 1174 Sim-

1032 1192 1155 1230 plicius
1182 1192 1300 1222 fuisset
1328 1192 1454 1231 dicere,
1491 1193 1660 1223 Electram
1691 1198 1728 1224 et

1030 1241 1216 1281 Taygetam
1232 1251 1377 1281 sorores,
1390 1243 1537 1273 Pleionae
1554 1248 1589 1274 et
1605 1242 1727 1274 Atlan-

1032 1291 1074 1321 tis
1094 1291 1192 1326 filias,
1209 1296 1244 1322 et
1269 1301 1312 1323 ex
1329 1292 1468 1322 Electra
1483 1292 1668 1330 Priamum,
1681 1302 1725 1323 ex

1029 1341 1182 1381 Taygeta
1197 1333 1427 1382 Tyndareum,
1444 1341 1487 1372 de
1510 1351 1576 1383 quo
1594 1348 1726 1372 veteres

1030 1400 1146 1421 omnes
1181 1391 1410 1422 consentiunt.
1458 1390 1507 1422 At
1546 1392 1722 1422 Pleionam

1030 1441 1174 1476 Oceani,
1197 1451 1263 1471 non
1282 1441 1401 1480 Danai,
1423 1440 1494 1472 fere
1516 1442 1621 1472 omnis
1639 1441 1726 1472 anti-

1030 1491 1152 1531 quitas,
1169 1495 1204 1522 et
1216 1492 1402 1532 Taygetam
1422 1491 1579 1530 Atlantis,
1595 1501 1661 1522 non
1679 1491 1725 1522 A·

1028 1542 1173 1579 genoris.
1218 1541 1283 1571 Sed
1312 1541 1452 1571 eandem
1480 1541 1645 1581 originem
1670 1550 1723 1572 re-

1031 1591 1118 1629 petit
1135 1590 1237 1620 etiarn
1253 1588 1341 1620 infra
1354 1590 1439 1620 libro
1456 1595 1587 1629 quarto.

1076 1639 1281 1679 ExPlciona]
1298 1639 1384 1670 Haec
1397 1639 1722 1679 eratvulgatascrip-

1031 1691 1127 1726 tura;
1151 1689 1454 1728 manuscriptorum
1468 1697 1565 1725 unus,
1580 1691 1589 1705 ¹
1601 1688 1691 1720 Jona
1702 1688 1725 1727 ;’

1031 1739 1116 1769 alter
1131 1742 1139 1756 ⁸
1153 1739 1260 1778 Ona3’
1274 1743 1453 1780 utrumque
1470 1743 1640 1778 corrupte.
1668 1739 1724 1770 In-

1029 1786 1083 1819 fra
1108 1789 1194 1820 libro
1220 1794 1356 1830 quarto,
1377 1790 1386 1806 ‘
1405 1789 1556 1820 Hesiona
1570 1788 1598 1819 :'
1621 1794 1658 1820 ut
1674 1789 1723 1819 vi·

1031 1837 1151 1868 ‹leatur
1187 1838 1288 1869 etiam
1320 1838 1353 1868 in
1382 1838 1444 1868 boe
1473 1838 1555 1869 alios
1583 1843 1720 1870 secutus

1030 1893 1200 1919 auctores.

1074 1937 1240 1977 Amiclom]
1264 1938 1318 1968 Ita
1330 1937 1463 1978 scripsi,
1479 1937 1557 1978 quia
1571 1937 1602 1968 in
1617 1938 1724 1978 libris,

1030 1987 1038 2002 ‘
1055 1986 1221 2017 Amiclum
1235 1987 1257 2018 ι’
1281 1992 1317 2017 ut
1334 1987 1434 2027 vulgo
1450 1987 1626 2028 edebatur,
1647 1990 1656 2005 ‘
1673 1988 1721 2020 A·

1029 2037 1165 2068 mictum
1199 2036 1420 2074 Musonium:
1454 2038 1721 2077 corruptissime.

1029 2086 1128 2118 Quod
1156 2087 1309 2127 seqnitur
1336 2087 1378 2117 de
1406 2086 1547 2127 Argalo,
1571 2088 1722 2128 quamvis

1028 2141 1213 2167 sectatores
1240 2136 1362 2167 habeat
1380 2137 1469 2167 viros
1496 2137 1721 2173 doctissimos,

1027 2187 1127 2226 longe
1158 2187 1258 2218 aliter
1287 2191 1463 2218 enarratur
1489 2197 1509 2218 a
1535 2187 1722 2224 veteribus,

1027 2237 1083 2276 qui
1113 2236 1264 2278 Aniyclae
1294 2237 1492 2277 Cynortam,
1525 2238 1624 2279 liuJus
1653 2239 1722 2270 Pe-

1028 2289 1162 2325 rit-rem,
1198 2288 1273 2326 ejus
1302 2287 1460 2318 (Ebalum
1495 2286 1568 2319 fere
1603 2297 1720 2319 omnes

1025 2338 1254 2369 consentiunt.

1070 2388 1224 2426 Agenoris
1255 2388 1365 2428 quippe
1392 2387 1499 2428 filium
1525 2387 1718 2429 Phoenicem]

1027 2437 1104 2467 Nou
1121 2438 1224 2477 magis
1248 2442 1379 2468 constat
1404 2438 1488 2468 ratio
1513 2438 1612 2478 hujus
1638 2448 1719 2469 con-

1025 2487 1262 2527 sanguinitatis
1277 2497 1376 2528 quam
1397 2488 1592 2527 superiori&
1624 2487 1719 2519 Unus

1025 2537 1198 2572 librorum,
1220 2538 1229 2553 ‘
1247 2542 1284 2568 et
1309 2537 1405 2567 Dime
1428 2536 1534 2576 patris
1561 2536 1716 2568 Hecubae

1026 2591 1062 2617 et
1079 2585 1217 2617 Ledae2'
1240 2586 1339 2623 alter,
1361 2585 1370 2602 ‘
1388 2586 1430 2616 de
1450 2584 1551 2616 Dime
1566 2585 1593 2616 τ’
1615 2590 1652 2616 ut
1668 2587 1715 2617 vi-

1026 2636 1146 2667 deatur
1182 2636 1348 2676 scriptum
1375 2634 1489 2673 fuisse,
1520 2637 1530 2651 ‘
1548 2633 1715 2674 Agenoris

1024 2686 1150 2725 quippe
1177 2685 1342 2715 Phineum
1376 2687 1412 2714 et
1439 2683 1648 2722 Phoenicem,
1680 2689 1717 2716 et

1023 2734 1100 2765 inde
1115 2739 1228 2774 patres
1239 2732 1392 2765 Hecubae
1408 2738 1443 2763 et
1460 2732 1560 2763 Ledae
1576 2742 1716 2764 consan-

1023 2785 1196 2825 guinitatis
1226 2784 1389 2824 originem
1419 2782 1598 2814 divisisse!
1634 2783 1716 2815 Phi-

1023 2845 1120 2866 neum
1139 2835 1302 2875 Agenoris
1324 2833 1450 2865 adserit
1473 2838 1588 2865 noster
1609 2834 1715 2866 etiam

1023 2886 1043 2916 l.
1069 2894 1123 2916 ιιι.
1166 2887 1175 2901 ‘
1191 2883 1439 2915 l’erliibebatur
1465 2892 1508 2915 ex
1534 2883 1584 2915 bis
1609 2884 1666 2925 qui
1693 2893 1713 2915 a
