1889 3194
235 298 320 341 358
772 309 840 340 AD
875 309 1152 340 LECTOREM.

238 417 324 445 non
343 402 538 455 diffiteor,
560 403 677 445 illius
695 404 865 446 auxilio
881 403 1035 447 Po'etae
1055 403 1259 458 patriam,
1276 415 1440 444 nomen
1456 405 1498 445 et
1517 403 1679 457 ingeni-

237 485 310 512 um
330 471 516 513 restitui.

293 538 323 580 J
327 539 517 592 osephus
537 538 684 592 itaque
706 537 912 588 Iscanus,
934 541 1040 591 post
1061 538 1125 578 tot
1145 537 1311 578 saecula
1330 540 1374 579 et
1392 537 1582 591 ingenia,
1605 551 1681 580 au-

238 619 314 647 sus
345 606 402 646 ob
426 605 619 659 Trojam,
642 608 687 645 ut
708 604 897 646 Plautus
916 604 1122 657 loquitur,
1145 606 1384 645 exercitum
1404 604 1583 655 ducere,
1607 605 1682 659 ju-

235 673 432 714 ventutis
462 673 563 713 illas
584 672 741 719 minas,
773 675 819 712 ut
844 671 1023 724 quidem
1048 683 1151 711 mea
1177 671 1328 724 opinio
1347 675 1429 723 est,
1451 671 1683 726 splendide

237 741 413 781 exeruit
430 753 439 782 :
482 741 684 793 viamque
715 738 804 780 illis
836 739 893 780 ad
922 739 1085 779 famam
1118 739 1338 791 quaesivit.
1398 739 1525 793 Opus
1555 752 1681 780 suum

236 804 419 848 Thomae
450 806 757 848 Cantuariensi
788 806 1019 859 Episcopo
1053 809 1097 846 et
1124 806 1326 848 Henrico
1351 818 1403 847 1¹.
1438 807 1681 860 inscripsit.

236 875 433 915 Thomas
455 887 559 915 vero
575 873 834 927 Episcopen
853 873 974 914 illam
991 873 1103 914 adiit
1122 872 1254 915 Anno
1277 885 1354 917 010
1370 885 1528 916 cLXu.
1548 874 1682 914 inter-

236 942 375 982 fectus
398 954 510 982 anno
533 952 610 982 010
631 951 788 982 CLXX.
812 941 885 982 vel
906 941 1119 995 sequenti,
1139 945 1186 982 ut
1214 941 1439 995 Sylvester
1459 940 1682 995 Gyraldus

235 1009 307 1050 20.
338 1009 516 1050 scribit:
551 1021 611 1049 ex
643 1021 732 1062 quo
765 1008 914 1062 liquet,
946 1009 1074 1049 istius
1095 1009 1292 1050 octennii
1312 1021 1427 1050 anno
1448 1008 1612 1061 aliquo,
1630 1007 1683 1048 li-

234 1078 336 1117 bros
356 1075 436 1116 hos
456 1075 722 1129 publicatos.
779 1074 1079 1116 Antiocheida
1100 1075 1237 1116 etiam
1258 1074 1498 1116 adornasse
1511 1074 1683 1123 dicitur,

235 1158 292 1184 ex
313 1155 401 1197 qua
422 1155 573 1183 versus
592 1142 731 1183 habes
752 1141 796 1182 in
819 1141 953 1183 Notis
980 1142 1037 1183 ad
1066 1141 1198 1183 finem
1220 1153 1272 1183 11.
1317 1141 1600 1183 Cambdenus
1622 1141 1685 1182 ait

236 1211 292 1252 ad
315 1211 562 1252 Hubertum
583 1208 984 1263 Archiepiscopum
1006 1209 1382 1259 Cantuariensem,
1402 1208 1610 1262 quaedam
1632 1208 1685 1248 il-

234 1280 324 1320 lum
345 1277 536 1327 misisse,
557 1282 603 1318 et
620 1277 824 1318 floruisse
841 1276 973 1318 Anno
991 1288 1068 1319 clo
1084 1288 1301 1318 ccxxnl.
1317 1290 1418 1331 quae
1435 1277 1473 1317 si
1487 1275 1575 1317 fide
1592 1276 1686 1316 veri

236 1346 367 1394 dicta,
387 1343 537 1384 forsan
558 1344 895 1396 septuagenario
917 1343 1060 1397 major
1089 1345 1309 1386 excessit:
1343 1344 1421 1385 sed
1450 1343 1549 1384 haec
1569 1341 1685 1396 ἀπόῤ-

237 1417 329 1467 ρητα
349 1408 500 1463 ἀμείνω.
562 1408 667 1449 Non
693 1409 845 1451 dubito
876 1415 1026 1451 autem
1062 1410 1275 1464 plurimos
1305 1411 1487 1460 futuros,
1522 1410 1685 1464 quibus

235 1478 478 1520 laureolam
498 1477 541 1516 in
561 1480 787 1517 mustaceo
809 1477 1071 1529 quaesivisse
1091 1477 1332 1518 videbitur:
1354 1478 1431 1531 qui
1447 1477 1589 1518 ferula
1608 1477 1685 1530 hy-

236 1544 467 1600 percritica
483 1543 660 1585 omnino
682 1543 808 1583 illum
829 1543 1059 1596 abjicient:
1073 1543 1170 1596 jam
1188 1548 1278 1586 tum
1295 1544 1409 1584 enim
1423 1557 1550 1585 aures
1564 1556 1684 1584 meas

236 1615 325 1654 ista
345 1615 595 1666 personant.
656 1609 915 1650 Orationem
936 1609 1057 1650 illius
1084 1610 1220 1652 instar
1248 1610 1404 1651 attritae
1434 1616 1479 1651 et
1509 1610 1685 1651 decotis

239 1684 357 1732 togae
382 1677 679 1732 proletariam,
703 1674 820 1724 δοθῆσι
847 1675 1170 1730 Φλεγμαίνουσαν,
1195 1677 1499 1730 stribiliginem
1519 1678 1688 1719 meliori

239 1746 408 1788 saeculo
430 1742 804 1786 descobinandam
833 1756 1016 1797 sapere:
1052 1744 1185 1786 verba
1212 1745 1498 1793 maculantia,
1526 1745 1687 1798 quibus

237 1826 386 1855 versus
401 1811 652 1861 conforivit,
663 1810 816 1852 Naevii
829 1812 1225 1865 tolutiloquentiam
1239 1812 1475 1862 sonticam,
1487 1813 1532 1853 in
1544 1824 1590 1852 re
1601 1811 1688 1852 La-

238 1881 425 1922 tinitatis
446 1878 759 1928 intestabilem,
785 1877 1116 1932 Minervamque
1135 1878 1443 1929 rancidiorem,
1461 1880 1531 1919 cui
1552 1891 1690 1932 spon-

238 1949 310 2001 gia
330 1947 495 1988 deletili
511 1958 639 2000 opus,
661 1958 750 1999 qua
775 1945 947 1998 phrasis
969 1945 1231 1986 distenditur
1248 1945 1457 1999 hydrops,
1480 1943 1548 1994 ἔξω
1565 1948 1688 2000 περιρ-

239 2013 435 2069 ῥαντηρίων
456 2013 700 2054 arcendam.
750 2010 882 2052 Alius
898 2012 1142 2065 legirupam
1158 2024 1275 2062 esse,
1289 2012 1562 2065 syllabarum
1576 2017 1687 2053 tem-

238 2095 349 2137 pora
364 2079 568 2130 δι’ίππεύειν,
584 2082 750 2121 statera
765 2079 956 2128 auraria,
974 2084 1025 2120 ut
1043 2078 1189 2120 Varro
1210 2079 1434 2128 monebat,
1451 2079 1558 2120 nihil
1578 2092 1687 2132 pon-

239 2149 401 2198 derare,
420 2160 511 2189 non
541 2144 801 2198 ἁποσμιλεόειν
833 2146 1011 2200 stylum,
1040 2145 1253 2199 illiusque
1286 2159 1445 2188 nasum
1475 2146 1687 2188 condere:

241 2221 413 2257 saturos
434 2215 589 2268 itaque
612 2227 659 2254 se
690 2214 929 2264 ambrosia,
957 2225 1089 2266 quam
1114 2213 1284 2254 foenum
1304 2226 1401 2254 esse
1421 2214 1569 2255 malle.
1625 2213 1688 2256 At

239 2283 373 2336 paulo
393 2282 520 2323 aliter
534 2281 821 2335 judicabunt,
844 2293 958 2334 quos
985 2293 1067 2321 nec
1094 2279 1279 2328 φιλαυτία
1301 2293 1464 2331 caecos,
1491 2294 1572 2322 nec
1591 2294 1687 2322 car-

239 2349 374 2403 pendi
395 2348 592 2389 studium
614 2349 784 2389 strabos
804 2347 1022 2388 reddidit:
1042 2345 1220 2402 Ὓστέραν
1240 2348 1483 2389 Simonidis
1500 2348 1688 2390 fortasse

240 2429 327 2457 non
346 2416 497 2466 coluit,
514 2414 791 2470 ἀθυρογλωττεῖ
809 2418 886 2469 γὰρ
909 2414 972 2454 καὶ
993 2413 1275 2470 ἀνθηρογραῴεῖ,
1289 2418 1345 2464 et,
1362 2414 1482 2468 quod
1497 2415 1689 2455 Photius

241 2484 296 2524 de
317 2483 488 2524 Basilio
510 2483 812 2533 Seleuciense,
835 2481 937 2538 κόρος
955 2481 1137 2534 ἀμβλύνει
1155 2481 1287 2537 χάριν.
1310 2481 1396 2522 Sed
1417 2481 1517 2534 quis
1532 2481 1688 2531 nescit,

242 2550 389 2591 mundi
409 2563 495 2590 non
515 2563 646 2591 unam
667 2551 856 2604 plagam,
875 2563 960 2591 nec
983 2550 1089 2603 styli
1109 2562 1238 2590 unam
1262 2548 1421 2588 faciem
1449 2551 1494 2588 et
1513 2551 1688 2589 aetatem

241 2630 355 2666 esse,
388 2616 477 2657 imo
497 2630 581 2658 nec
601 2630 689 2658 uno
709 2618 876 2659 saeculo
899 2620 978 2658 aut
1006 2629 1121 2658 anno
1147 2614 1335 2657 eundem
1355 2614 1559 2655 orationis
1581 2614 1689 2656 duc-

243 2691 337 2725 tum
359 2688 630 2737 usurpatum,
650 2687 697 2724 ut
710 2684 954 2737 juventutis
975 2684 1156 2738 spiritus
1176 2681 1403 2723 omittam?
1464 2680 1575 2734 Ipso
1596 2680 1690 2721 Au·

244 2753 394 2804 gusteo
413 2762 524 2801 aevo,
541 2750 654 2791 alios
669 2762 833 2803 pressa,
853 2751 1073 2803 castigata
1085 2754 1128 2790 et
1140 2752 1346 2789 matronae
1363 2745 1556 2799 similis,d
1572 2748 1688 2789 alios

582 2836 596 2857 d
620 2836 706 2868 Vide
722 2837 886 2869 Senecam
902 2838 1012 2879 Epist.
1024 2840 1095 2869 114.
1115 2837 1253 2868 Sueton.
1272 2844 1311 2866 n.
1328 2838 1360 2866 2.
