1889 3194
566 342 630 371 DE
662 341 819 372 BELLO
851 340 1079 372 TROJANO
1115 341 1208 371 LlB.
1242 342 1305 371 vl.

1580 330 1661 372 531

217 435 271 476 In
285 434 489 488 jugulum
511 435 696 476 stridens
714 449 724 477 x
756 435 885 477 Paris
905 436 1018 477 hanc
1039 435 1242 477 excussit
1262 436 1305 476 in
1327 447 1456 476 auras

214 501 414 555 Assyriis
435 503 604 552 melior,
627 506 969 557 aequaturusque
990 502 1206 544 Gelonos.

273 568 380 609 Dux
400 569 497 618 ruit,
517 572 560 610 et
581 573 731 609 tenues
743 568 953 622 jactatrix
975 569 1118 622 gloria
1138 569 1307 611 fructus

215 634 328 676 Cum
346 634 470 676 luctu
493 635 664 676 lucrata
684 636 825 688 perit:
848 636 1082 690 cunctique
1097 636 1322 690 jacentem

1580 634 1662 675 140

215 701 377 743 Mixtis
397 702 652 743 confodiunt
670 702 812 743 hastis
829 715 837 740 :
869 706 915 744 at
932 715 1033 756 rege
1056 707 1251 756 peremto

216 768 319 809 Non
339 782 385 809 se
407 770 533 810 turba
553 769 688 822 regit:
720 782 841 811 caeso
863 769 974 811 duce
995 773 1091 811 tota
1111 773 1370 824 sequentum

215 836 391 878 Debilis
414 837 620 888 aegrescit
639 836 793 887 virtus,
815 849 937 877 arma
956 836 1059 890 ipsa
1078 836 1281 878 videntur

213 902 357 943 Posse
377 903 536 944 minus.

596 903 673 944 Sic
695 904 733 944 si
754 904 895 957 ruptis
917 904 1166 945 moderator
1186 903 1368 944 habenis

214 969 456 1019 Deciderit‚
476 970 705 1011 turbantur
724 970 839 1024 equi,
859 971 1030 1012 leviora
1051 975 1280 1024 stupentes

1580 969 1663 1009 145

213 1035 427 1089 Imperia,
447 1040 491 1077 et
512 1037 662 1078 subita
677 1037 772 1091 jam
792 1037 994 1079 libertate
1016 1038 1158 1091 potiti,

213 1101 308 1143 Ceu
331 1103 529 1152 timeant,
551 1103 718 1145 incerta
737 1116 852 1156 vago
876 1105 1062 1157 vestigia
1083 1117 1212 1146 cursu

213 1168 532 1223 Praecipitant:
563 1169 659 1223 lege
678 1170 760 1211 hac
781 1171 969 1223 fugiunt,
990 1171 1074 1212 hoc
1097 1171 1246 1212 ordine
1266 1170 1354 1212 fusi

213 1235 501 1290 GraJugenae:
525 1236 621 1290 jam
642 1242 788 1278 castra
808 1238 976 1291 procul,
988 1238 1086 1291 jam
1108 1238 1258 1279 littora
1277 1239 1420 1290 longe,

212 1303 359 1357 Seque
380 1308 518 1346 terunt
536 1304 726 1353 vicibus,
747 1308 792 1345 et
812 1305 887 1358 qui
908 1306 1038 1358 prior,
1061 1318 1157 1346 esse
1178 1318 1409 1358 supremus

1578 1304 1662 1344 150

210 1369 361 1424 Atque
382 1370 498 1411 hosti
519 1371 700 1424 propior
719 1373 901 1412 metuit:
932 1384 1040 1412 mox
1060 1376 1241 1425 pectore
1261 1372 1378 1412 nudo

210 1436 354 1490 Terga
373 1441 543 1490 tegunt,
565 1441 817 1491 armantque
836 1437 1011 1491 sugam3
1042 1438 1119 1479 sed
1140 1438 1261 1479 nulla
1284 1438 1396 1479 tueri

210 1503 323 1545 Tela
344 1507 528 1558 queunt,
551 1504 721 1544 classes
742 1504 888 1551 nullae,
909 1505 1152 1546 munimina
1172 1505 1316 1547 nulla:

211 1570 473 1620 Incendunt,
496 1574 707 1620 sternunt,
730 1572 961 1624 perimunt,
979 1572 1077 1613 face
1098 1573 1299 1623 carbasa,
1321 1573 1464 1614 contis

212 1639 366 1688 Arces,
386 1649 492 1678 ense
513 1637 631 1678 viros
649 1651 659 1679 ε
690 1644 860 1691 strages
882 1639 1101 1693 vulgatur,
1123 1638 1323 1681 Achilles

1577 1638 1660 1679 155

860 1789 1003 1822 NOTAE

212 1859 289 1900 εἷκῆ,
305 1860 370 1900 εἴγε
386 1859 436 1891 καὶ
451 1859 530 1898 εἰκῆ.
554 1860 652 1901 Virg.
664 1870 714 1893 ιν.
726 1861 802 1894 AEn.
816 1866 825 1880 ‘
837 1872 907 1895 mo·

210 1911 336 1942 riemur
355 1911 490 1953 inultae,
516 1910 584 1942 Sed
614 1912 811 1952 moriemur,
839 1913 909 1944 ait.'

210 1961 441 2001 Chrysostom.
462 1961 496 1991 in
523 1961 648 1992 Matth.
668 1961 768 1993 Hom.
794 1971 849 1993 XI.
874 1972 907 2002 p.

212 2013 285 2041 103.
296 2009 382 2041 ἀλλὰ
392 2010 435 2049 μὴ
451 2011 602 2051 φοβηθῇς,
616 2011 742 2049 μᾶλλον
756 2009 788 2042 δὲ
805 2010 905 2051 φοβή-

211 2063 279 2098 θητι
293 2060 361 2098 μὲν,
375 2060 418 2099 μὴ
430 2060 572 2100 ἆπογνῷς
584 2060 628 2091 δέ.

254 2112 316 2140 139
340 2110 456 2141 Tenues
471 2110 628 2148 jactatrix
653 2110 758 2149 gloria
778 2110 907 2148 fructus

213 2159 292 2190 Cum
314 2160 398 2191 luctu
426 2160 546 2190 lucrata
567 2159 666 2201 perit]
711 2159 906 2191 Artabanus

210 2209 357 2249 graviter
379 2209 469 2249 apud
487 2209 697 2240 Herodotum
721 2210 754 2240 in
771 2210 905 2250 Polym-

209 2259 286 2290 nia:
309 2259 382 2298 ὁρᾶς
401 2259 441 2290 ὡς
455 2258 496 2290 τὰ
512 2258 704 2298 ὑπερέχοντα
725 2257 787 2297 ζῶα
801 2270 906 2299 κεραυ-

208 2308 283 2340 νοῖὁ
299 2308 377 2344 θεὸς,
392 2308 461 2340 οὐδὲ
476 2309 512 2350 ἐᾷ
522 2308 738 2348 φαντάζεσθαι.
755 2314 790 2341 et
805 2311 907 2351 paulo

209 2364 308 2399 post:
332 2358 432 2398 φιλέει
453 2359 515 2400 ’γὰρ
538 2360 554 2390 ὀ
571 2358 637 2390 θεὸς
650 2359 692 2390 τὰ
715 2359 906 2400 ὑπερέχοντα

208 2410 311 2442 πάντα
346 2410 498 2442 κολούειν.
543 2411 717 2452 Chrysost.
752 2420 832 2442 vere
870 2411 904 2442 in

208 2461 336 2494 Psalm.
352 2464 426 2493 127.
440 2472 474 2502 p.
489 2464 564 2493 459.
587 2461 676 2494 οὐδὲν
690 2462 769 2493 οὕτω
784 2468 904 2502 σφαλε-

207 2511 270 2552 ρὸν,
278 2511 318 2543 ὣς
327 2510 364 2542 τὸ
376 2511 409 2542 ἐν
421 2511 586 2552 ἀνθρώποις
595 2513 747 2554 κομᾷν,θῑ
757 2512 906 2544 Homilia

206 2571 259 2594 lv.
284 2563 318 2594 iu
340 2564 444 2596 Mart.
461 2573 494 2604 p.
512 2566 565 2596 24.
591 2564 647 2595 οὐκ
671 2563 764 2603 οἶδας,
785 2563 833 2595 ὅτι
853 2563 907 2596 ἐὰν

206 2611 378 2644 ἐπαινέσεις
411 2613 538 2652 σαυτὸν,
567 2613 622 2644 οὐκ
647 2612 694 2644 ἔτι
720 2625 757 2646 σε
787 2614 804 2645 ὁ
839 2614 906 2647 θεὸς

207 2661 410 2699 ἐπαινέσεται,
422 2665 486 2694 &c.
509 2664 617 2695 Recte
632 2664 746 2706 itaque
760 2665 904 2696 Pontius

206 2713 394 2745 Paulinus:
419 2714 428 2730 ‘
441 2713 560 2745 Virtus
573 2723 647 2745 mea
664 2724 729 2745 non
742 2714 821 2745 milii
840 2715 904 2745 vir-

205 2767 272 2799 tus,
283 2763 317 2795 Si
330 2773 466 2795 caream
482 2764 609 2796 virtute
624 2764 713 2799 Dei.'
729 2765 817 2795 Vide
831 2765 901 2796 Cri-

206 2813 315 2844 nitum
343 2823 424 2845 xnr.
451 2817 504 2845 12.
549 2815 601 2846 De
621 2815 806 2846 Palamede
825 2814 900 2846 vide

206 2863 304 2903 plura
329 2863 419 2906 apud
442 2864 685 2898 Philostraturn
701 2874 753 2897 lv,
770 2865 813 2897 de
830 2866 900 2897 vita

960 1863 1146 1904 Apollonii,
1162 1864 1219 1896 ubi
1237 1864 1429 1896 nominatur
1445 1863 1557 1902 ἀγαθὸς
1572 1862 1659 1901 ἀνὴρ,

960 1914 996 1945 δι’
1012 1913 1048 1945 ὃν
1063 1915 1160 1954 σοφία
1174 1915 1273 1947 πᾶσα.

1006 1967 1063 1996 141
1076 1966 1166 2004 Rege
1174 1968 1310 2005 peremto
1323 1964 1396 1995 Non
1411 1973 1442 1995 se
1454 1963 1545 1995 turha
1559 1963 1660 2002 regit]

960 2015 1023 2046 Est
1039 2015 1128 2046 enim
1144 2014 1237 2050 βάσις
1250 2015 1305 2046 τοῦ
1315 2015 1390 2053 λεὼ,
1407 2018 1442 2045 et
1455 2013 1610 2053 Sapient.
1624 2016 1656 2043 6.

959 2064 1109 2101 βασιλεὺς
1123 2065 1267 2105 φρόνιμος
1285 2063 1432 2096 εὐσταθία
1446 2063 1552 2101 δήμου.
1597 2063 1657 2093 Se·

959 2124 1046 2146 neca
1061 2116 1217 2156 apposite
1233 2116 1291 2147 lib.
1306 2124 1331 2146 1.
1344 2118 1374 2146 4.
1391 2115 1432 2145 de
1445 2113 1552 2145 Clem.
1568 2114 1577 2130 ‘
1592 2112 1657 2143 Ille

960 2169 1014 2196 est
1044 2165 1226 2204 vinculum,
1255 2173 1315 2205 per
1343 2163 1432 2205 quod
1464 2162 1657 2204 respublica

959 2214 1124 2246 cohaeret:
1148 2215 1203 2245 ille
1233 2214 1372 2255 spiritus
1401 2213 1525 2252 vitalis,
1557 2222 1656 2253 quem

959 2264 1032 2295 haec
1050 2269 1101 2295 tot
1113 2265 1217 2296 millia
1232 2264 1388 2296 trahunt:
1413 2263 1495 2294 nillil
1509 2264 1581 2303 ipsa
1596 2272 1657 2303 per

961 2323 997 2344 se
1027 2313 1154 2354 futura,
1183 2315 1246 2346 nisi
1279 2324 1362 2346 onus
1393 2319 1429 2345 et
1459 2313 1590 2354 praeda,
1628 2313 1656 2343 si

960 2373 1053 2395 mens
1069 2364 1129 2396 illa
1144 2365 1275 2405 imperii
1290 2362 1534 2396 subtrahatur!
1554 2364 1563 2379 ⁸
1575 2371 1654 2402 rege

959 2413 1117 2445 incolumi
1130 2425 1223 2446 mens
1238 2415 1390 2446 omnibus
1407 2424 1488 2454 una,
1511 2412 1656 2452 Amisso,

959 2473 1080 2504 rupere
1095 2463 1220 2495 fidem:
1243 2465 1340 2504 Virg.
1357 2473 1407 2495 1v.
1423 2463 1549 2503 Georg.
1565 2462 1654 2493 Vide

959 2514 1099 2546 doctiss.
1114 2514 1299 2546 Gruterum
1315 2514 1350 2545 in
1360 2514 1525 2545 Discursu
1537 2513 1578 2544 ad
1590 2513 1655 2544 Ta·

959 2565 1065 2596 citum
1081 2573 1105 2595 r.

1002 2618 1063 2646 143
1085 2615 1187 2646 Arma
1211 2615 1279 2656 ipsa
1301 2615 1448 2646 videntur
1473 2614 1569 2646 Posse
1596 2617 1654 2646 mi-

957 2664 1030 2705 nus]
1055 2665 1182 2696 Eadem
1201 2665 1298 2697 initio
1315 2665 1414 2705 hujus
1429 2664 1519 2696 libri.
1549 2665 1653 2705 Papi-

957 2714 1054 2746 nius:
1077 2716 1087 2732 ‘
1099 2714 1211 2755 Tiphy
1225 2720 1357 2746 mortno
1373 2724 1438 2746 non
1453 2713 1544 2746 ferre
1560 2715 1652 2745 vide-

958 2768 1014 2795 tur
1028 2764 1152 2795 Remus
1169 2773 1284 2806 aquas,
1300 2764 1429 2807 ipsique
1452 2764 1561 2796 minus
1579 2766 1652 2805 jam

956 2813 1082 2847 ducere
1100 2814 1212 2847 veum5
