1889 3194
447 342 619 374 ULRICI
653 341 900 373 OBREGHTI
933 341 1076 373 NOTAE
1112 342 1163 372 IN
1199 342 1293 371 LlB.
1326 342 1404 372 111.

197 433 328 465 AEneid.
354 432 413 465 lib.
431 442 469 465 x.
495 433 687 465 Mezentius
704 436 825 465 contra
839 433 895 464 ΙΕ-

195 493 294 514 neam
319 487 328 501 ‘
346 483 434 514 mole
457 492 514 514 sua
536 482 630 514 stat.’
668 482 764 514 Infra
790 492 841 514 lv.
861 485 894 514 6.

195 533 326 564 Noster
362 531 405 563 de
440 531 577 563 eodem:
617 531 627 548 ‘
645 532 758 572 gravis
789 536 893 574 atque

193 580 332 612 summis
350 581 473 611 viribus
490 580 676 621 ingruens.'

236 633 254 671 ᾧ
269 635 309 663 45
333 631 425 672 Apud
437 632 630 671 peninsulam
640 642 708 672 quoe
719 632 894 672 anteposita

190 680 329 721 civitati]
360 681 454 712 Med.
477 680 618 711 editioni
645 680 790 712 debetur
820 681 892 713 haec

191 732 308 763 lectio.
353 731 394 762 In
423 731 557 762 caeteris
580 735 647 770 est,
681 731 690 748 ‘
708 741 784 772 quae
811 738 892 763 ante

191 781 338 821 positam
366 779 566 812 civitatem!
602 782 698 812 Serv.
731 781 805 813 AEn.
833 790 891 813 ιιι.

190 829 200 846 ‘
216 830 351 861 Sicanio
375 834 545 870 praetenta
569 829 751 871 sinujacet
768 830 891 873 insula)

189 880 379 919 Praetenta,
391 879 607 920 anteposita)

232 931 250 970 ᾧ
266 932 308 961 46
333 929 464 969 Raptim
487 939 524 960 ac
545 929 611 960 sine
625 929 696 960 ullis
713 929 888 971 ordinibus]

188 980 271 1020 Arg.
285 981 294 997 ‘
309 979 469 1020 rapiunt!
485 978 582 1010 Med.
600 981 609 997 ‘
625 980 762 1020 rapiunt
773 979 890 1011 arma.’

187 1031 262 1062 Liv.
278 1039 388 1061 xxm.
409 1033 463 1061 20.
487 1030 496 1046 ‘
513 1029 593 1061 vicit
609 1035 723 1061 tamen
740 1039 781 1061 ea
797 1040 890 1071 pars,

187 1090 263 1121 quae
280 1080 363 1111 nihil
390 1080 515 1119 raptim
542 1088 604 1111 nec
631 1084 760 1112 temere
786 1089 887 1121 agen-

187 1131 266 1163 dum
283 1130 441 1163 censuit!

229 1183 302 1223 §47
328 1182 406 1213 Cum
430 1181 557 1212 interim
574 1180 703 1220 Trojani
728 1192 769 1214 ex
790 1182 888 1214 muris

182 1232 407 1272 respectantes]
433 1232 542 1263 Iidem
559 1232 702 1272 Trojani
728 1232 816 1272 apud
843 1233 887 1266 Q.

183 1282 331 1313 Ennium
348 1281 520 1313 referente
547 1281 726 1313 Macrobio
747 1282 886 1314 Saturn.

182 1341 232 1363 vr.
249 1335 280 1364 2.
317 1337 326 1350 ‘
341 1333 372 1364 O
390 1333 448 1364 lux
472 1332 589 1372 Trojae
611 1342 771 1372 germane
792 1332 884 1363 Hec-

182 1387 250 1422 tor,
266 1382 358 1415 Quid
381 1383 427 1414 ita
451 1392 526 1414 cum
551 1387 609 1413 tuo
632 1382 783 1413 lacerato
807 1391 884 1413 cor-

183 1442 264 1472 pore
281 1432 396 1471 miser,
411 1432 481 1463 Aut
497 1431 554 1472 qui
572 1435 605 1462 te
619 1431 668 1462 sic
685 1435 883 1472 respectan-

181 1482 272 1514 tibus
288 1487 481 1514 tractavere
498 1482 594 1513 nobis
606 1480 636 1512 ?'

223 1534 240 1574 §
258 1536 300 1564 49
327 1534 433 1572 Neque
448 1532 619 1572 cupiditate
643 1533 707 1563 ulla
722 1535 776 1563 aut
800 1532 880 1563 desi-

177 1583 263 1613 derio
292 1583 427 1623 lapsum]
460 1581 516 1612 Ita
538 1580 634 1612 Med.
659 1581 692 1611 in
716 1581 800 1621 Arg.
827 1586 881 1613 est

178 1634 187 1649 ‘
201 1631 355 1663 laesan1:'
374 1632 463 1671 vulg.
485 1630 646 1662 ‘laesum.'
681 1631 795 1662 Plaut.
808 1631 880 1662 Cis-

178 1681 237 1712 tel.
263 1690 303 1713 ιι.
327 1681 336 1698 ‘
355 1680 412 1712 Ita
435 1690 489 1712 me
510 1689 604 1712 amor
626 1680 757 1721 lapsum
777 1679 879 1711 animi

175 1729 355 1762 ludificat.’

220 1782 294 1822 §52
323 1780 447 1812 Interea
477 1779 605 1820 reliquis
635 1780 764 1811 ducibus
783 1779 877 1819 favo·

174 1840 240 1862 rem
254 1831 485 1872 attollentibus]
511 1830 601 1862 Μετὰ
617 1831 695 1867 βοῆς
718 1829 814 1861 αὐτὸν
829 1830 878 1861 εὖ·

173 1880 367 1920 φημούντων,
393 1886 432 1912 ut
456 1885 549 1912 recte.
565 1881 655 1911 bunc
676 1881 787 1912 locum
813 1881 877 1913 Ca-

175 1932 345 1963 saubonus
363 1931 515 1971 explicat
539 1931 581 1962 ad
599 1931 743 1971 Vopisci
768 1930 877 1962 Aure-

174 1982 299 2013 lianum
315 1985 370 2013 48.
394 1981 542 2013 Inferius
558 1990 615 2012 111.
632 1984 687 2013 18.
713 1982 724 2000 ‘
742 1982 875 2014 Quibus

173 2042 250 2063 cum
282 2042 302 2063 a
332 2031 472 2073 reliquis
505 2031 602 2062 favor
632 2031 875 2063 attolleretur.'

172 2082 289 2113 Livius
306 2090 416 2113 xxm.
432 2083 485 2112 46.
524 2086 532 2099 ‘
553 2081 697 2112 Nolanis
719 2091 781 2122 per
804 2082 874 2112 cla-

171 2140 298 2162 morem
314 2130 439 2161 favoris
462 2130 609 2162 indicem
626 2131 872 2163 accedentibus

171 2181 213 2212 ad
242 2181 397 2212 ardorem
428 2179 575 2220 pugnae.’
621 2181 732 2212 Favor
758 2181 872 2223 itaque

171 2240 235 2271 pro
246 2231 409 2271 applausu
421 2230 491 2261 sive
505 2230 750 2262 acclamatione
766 2241 774 2261 :
793 2231 873 2272 quia

169 2283 298 2314 clamor
313 2281 439 2313 favoris
456 2281 570 2311 index.
602 2281 704 2313 ovid.
728 2282 873 2313 Metam.

169 2341 206 2364 x.
229 2333 238 2350 ‘
256 2331 434 2373 Adjiciunt
454 2331 714 2371 animosjuveni
728 2332 871 2363 clamor·

169 2392 235 2424 que
251 2377 438 2421 favorque!
461 2381 506 2411 Et
522 2389 584 2411 xv.
608 2380 618 2396 ‘
636 2380 795 2422 piumque
815 2381 868 2412 ΙΕ-

167 2431 287 2464 neadae
306 2435 470 2472 praestant
485 2436 520 2462 et
536 2434 651 2462 mente
667 2435 703 2462 et
719 2440 802 2462 voce
819 2430 869 2463 fa·

167 2481 309 2514 vorem.’

213 2534 291 2564 Cum
305 2532 373 2563 laeti
392 2532 477 2562 inter
499 2540 531 2561 se
553 2530 741 2572 invitarent]
765 2531 868 2563 Forte

166 2583 253 2616 fuit:
278 2588 287 2602 ‘
305 2584 390 2615 Cum
416 2582 487 2614 laeti
511 2582 588 2613 vino
605 2591 641 2612 se
658 2581 868 2616 invitarent,'

166 2643 210 2665 ex
239 2634 399 2665 Sallustio
432 2633 562 2664 Hister.
603 2640 652 2663 iv.
701 2637 709 2649 ‘
726 2632 867 2663 Reversi

167 2688 305 2724 postero
321 2683 390 2724 die,
406 2692 481 2714 cum
494 2691 530 2713 se
543 2681 619 2712 cibo
635 2682 778 2722 vinoque
794 2682 865 2713 laeti

164 2732 376 2764 invitarent)
399 2733 525 2764 Noster
540 2741 596 2763 ιιι.
611 2734 665 2762 25.
688 2733 697 2749 ‘
715 2731 864 2772 Ipseque

165 2787 201 2814 et
216 2784 273 2824 qui
295 2793 371 2814 cum
388 2793 428 2814 eo
446 2787 607 2814 venerant
624 2781 700 2813 cibo
717 2782 863 2813 invitan-

166 2833 245 2865 tur!
290 2834 433 2865 Plautus
462 2842 523 2863 suo
553 2841 647 2863 more
678 2833 718 2862 ad
746 2832 863 2872 jocum

164 2883 339 2915 transtulit
355 2884 388 2916 in
413 2883 562 2915 Rudent.
587 2892 627 2914 ιι.
655 2885 685 2914 3.
711 2881 754 2914 de
771 2883 861 2914 Nau-

1561 331 1647 373 613

945 433 1042 474 frago
1056 443 1064 465 :
1081 438 1090 452 ‘
1104 433 1286 474 Neptunus
1297 433 1426 475 magnis
1439 433 1568 474 poculis
1580 433 1644 465 hac

944 488 1046 514 nocte
1069 493 1145 515 eum
1169 483 1349 515 invitavit.'
1386 483 1644 514 Indeinvitatio

945 534 1013 564 vini
1029 534 1117 574 apud
1133 534 1281 566 Gellium
1300 543 1361 565 xv.
1377 538 1410 565 2.
1445 534 1454 550 ‘
1471 533 1539 564 Sed
1557 533 1643 564 hanc

943 583 1122 624 largiorem
1140 583 1558 624 paulojucundioremque
1575 582 1644 614 vini

942 633 1175 665 invitationem
1196 643 1264 665 non
1288 633 1494 674 improbavit
1518 632 1645 664 Plato.’

942 683 1080 724 Ellipsis
1118 689 1229 715 tamen
1267 684 1369 715 etiam
1401 693 1460 714 usu
1496 682 1641 715 firmata.

941 734 1085 765 Plautus
1116 734 1237 765 eodem
1266 735 1358 766 loco:
1402 734 1412 751 ⁴
1427 733 1463 764 Si
1495 733 1642 765 invitare

940 785 1036 817 nobis
1055 786 1228 827 paulisper
1241 790 1413 826 pergeret,
1433 785 1565 816 Ibidem
1580 785 1641 816 ob-

940 834 1204 867 dormissemuS.'
1241 836 1286 867 Et
1311 836 1342 866 in
1368 835 1639 876 Amphitruone:

939 884 948 902 ‘
967 884 1057 915 Mira
1072 889 1151 917 sunt
1167 884 1229 916 nisi
1245 884 1404 916 invitavit
1420 893 1492 915 sese
1515 884 1547 915 in
1572 894 1640 915 coe-

939 944 981 966 na
998 935 1210 976 plusculum.’
1254 935 1327 966 Liv.
1355 944 1380 966 ι.
1406 937 1458 966 57.
1494 934 1640 965 ‘Victor

938 985 1091 1021 maritus,
1121 984 1264 1016 comiter
1294 985 1417 1016 invitat
1443 984 1556 1025 regios
1582 985 1638 1025 ju-

937 1037 1064 1066 venes)
1094 1035 1178 1066 Caes.
1192 1035 1278 1066 Bell.
1296 1035 1372 1067 Civ.
1392 1037 1482 1066 ι.74.
1519 1039 1527 1052 ‘
1543 1035 1639 1066 Inte-

938 1084 1000 1114 rim
1018 1083 1073 1114 alii
1091 1094 1169 1114 suos
1187 1083 1219 1114 in
1235 1088 1361 1119 castra,
1378 1084 1544 1115 invitandi
1558 1094 1638 1115 cau-

936 1143 974 1163 sa
985 1132 1183 1164 adducunt.’
1200 1132 1440 1173 Sueton.Aug.
1451 1136 1503 1164 77.
1527 1134 1536 1149 ‘
1548 1135 1640 1167 Quo-

936 1181 998 1213 ties
1014 1182 1200 1223 largissime
1217 1193 1252 1213 se
1267 1184 1442 1221 invitaret,
1455 1192 1552 1214 senos
1564 1193 1638 1214 sex·

936 1236 1049 1263 tantes
1062 1242 1127 1263 non
1144 1232 1316 1264 excessit!
1352 1232 1504 1263 Invitare
1522 1237 1636 1264 autem

935 1291 1002 1313 non
1030 1283 1154 1322 repleri
1176 1281 1357 1321 significat,
1386 1288 1421 1313 ut
1439 1283 1569 1313 Nonius
1587 1283 1637 1314 in-

934 1337 1169 1373 terpretatur:
1194 1332 1252 1363 sed
1270 1332 1311 1363 ad
1333 1332 1502 1363 edendum
1516 1332 1636 1363 biben-

934 1381 1080 1423 dumque
1097 1391 1303 1421 provocare:
1330 1381 1418 1421 quod
1444 1381 1633 1421 praesertim

933 1430 976 1462 de
991 1431 1031 1462 iis
1048 1431 1187 1471 dicitur,
1214 1431 1271 1472 qui
1297 1440 1377 1472 erga
1401 1431 1482 1462 alios
1498 1431 1562 1463 hoc
1578 1442 1633 1463 co-

932 1481 1061 1513 mitatis
1075 1491 1199 1521 genere
1225 1480 1367 1512 officiosi
1396 1485 1487 1519 sunt,
1510 1482 1633 1523 quique

931 1541 966 1562 se
999 1532 1144 1562 invicem
1176 1536 1294 1562 mutua
1321 1531 1555 1562 exhortatione
1588 1533 1633 1562 la-

931 1586 1087 1613 cessunt:
1104 1581 1205 1612 habet
1221 1586 1332 1612 tamen
1349 1581 1453 1611 etiarn
1471 1581 1503 1611 iu
1521 1581 1561 1611 iis
1585 1582 1633 1612 lo-

931 1640 1007 1662 cum
1031 1631 1088 1672 qui
1106 1640 1166 1672 pro
1185 1640 1221 1662 se
1239 1630 1338 1671 genio
1355 1640 1415 1661 suo
1428 1630 1567 1662 hilarius
1584 1631 1633 1662 in·

929 1681 1085 1722 dulgent.

1184 1767 1275 1799 LIB.
1301 1767 1372 1799 111.

971 1836 1022 1876 §1
1050 1834 1161 1866 Dilato
1190 1833 1416 1864 conditionibus
1447 1833 1481 1864 in
1511 1836 1629 1873 tempus

926 1884 1018 1926 bello]
1044 1885 1222 1916 Sallustius
1235 1883 1324 1924 apud
1335 1883 1510 1914 Servium:
1527 1885 1535 1900 ‘
1550 1884 1629 1914 Bel·

926 1935 995 1965 lum
1011 1934 1131 1975 quibus
1155 1939 1270 1974 posset
1294 1933 1544 1965 conditionibus
1569 1933 1628 1965 de-

926 1983 1075 2015 sineret.'
1098 1982 1207 2019 Idem,
1226 1983 1308 2023 Jug.
1330 1983 1339 1998 ‘
1356 1982 1419 2013 sibi
1438 1992 1498 2022 per
1513 1983 1627 2013 Daba-

925 2044 995 2065 rem
1013 2044 1054 2065 ex
1080 2034 1173 2065 Sulla
1199 2034 1374 2073 cognitum
1396 2042 1494 2073 posse
1509 2033 1626 2064 condi-

924 2084 1071 2116 tionibus
1088 2084 1212 2115 bellum
1229 2082 1333 2123 poni.’

970 2135 1109 2174 Namque
1142 2133 1300 2171 facinoris
1333 2133 1520 2174 exemplum]
1567 2133 1624 2164 Sic

922 2183 1008 2224 Arg.
1025 2188 1061 2214 et
1077 2182 1173 2213 Med.
1190 2186 1224 2213 at
1246 2182 1373 2213 Venet.
1390 2188 1426 2214 et
1446 2183 1490 2214 al.
1507 2184 1516 2199 ‘
1531 2192 1624 2213 nam-

921 2243 989 2274 que
1019 2232 1182 2264 facinoris
1216 2231 1398 2272 exemp10.’
1431 2241 1508 2263 mox
1538 2233 1623 2271 Arg·

919 2283 1101 2315 ‘omnibus
1132 2283 1258 2323 proeliis
1294 2283 1436 2314 Graecos
1472 2283 1622 2315 victores

921 2332 1084 2373 cognito‚'
1104 2333 1160 2364 ubi
1177 2333 1271 2364 Med.
1297 2338 1333 2364 et
1349 2334 1472 2365 Venet.
1489 2334 1498 2351 ‘
1515 2334 1622 2365 omni-

920 2382 982 2413 bus
1015 2382 1139 2422 proeliis
1169 2381 1310 2413 Graecos
1338 2383 1483 2414 victores
1508 2384 1621 2424 cogni-

919 2432 1016 2471 tum‚'
1038 2442 1084 2464 sc.
1109 2432 1143 2462 in
1160 2432 1275 2463 animis
1299 2432 1458 2464 haeserat.
1491 2433 1621 2465 Noster

919 2484 1019 2525 paulo
1036 2482 1191 2521 inferius,
1214 2484 1224 2500 ‘
1241 2483 1388 2525 Jamque
1409 2484 1538 2515 crebris
1561 2484 1620 2515 ad-

918 2543 1052 2565 versum
1080 2542 1117 2565 se
1144 2533 1270 2564 ictibus
1298 2534 1485 2574 congressi,
1507 2544 1619 2575 neque

918 2585 1114 2616 vulneratus
1152 2584 1338 2625 quisquam,
1377 2585 1519 2616 multum
1549 2585 1618 2617 diei

917 2632 1201 2665 consumserant.'
1233 2633 1347 2664 Livius
1365 2642 1418 2665 lv.
1441 2633 1532 2666 Ante
1549 2646 1618 2666 om·

916 2683 974 2714 nia
995 2681 1123 2714 refellit
1148 2682 1267 2713 salsum
1295 2683 1449 2723 imaginis
1466 2685 1615 2724 titulum,

915 2734 1035 2773 paucis
1060 2737 1139 2764 ante
1165 2732 1260 2763 annis
1290 2733 1367 2773 lege
1395 2739 1542 2773 cautum,
1574 2743 1616 2765 ne

915 2782 1060 2813 tribunis
1084 2782 1256 2822 Collegam
1280 2787 1443 2822 cooptare
1471 2783 1616 2815 liceret.’

915 2832 1013 2865 Idem
1032 2841 1080 2863 νι.
1109 2834 1119 2850 ‘
1138 2836 1271 2863 tantum
1290 2833 1451 2864 Camillus
1478 2834 1613 2866 auditus

916 2883 1112 2924 Imperator
1149 2883 1287 2915 terroris
1324 2883 1509 2918 intulerat.'
1569 2887 1614 2918 Et
