1889 3194
280 345 365 387 586

284 453 354 480 tum
369 449 449 480 belli
464 449 598 489 Trojani
615 448 656 479 ad
671 457 790 479 novem
804 455 908 478 annos
918 446 975 481 τῆς

282 500 476 539 παρασκευῆς
491 499 668 529 redactum
689 498 722 528 in
739 497 905 528 decimum
927 495 976 534 ip·

283 550 351 579 sius
370 549 446 579 belli
464 547 694 579 contraheret.

331 599 483 629 Exere-ere
497 596 668 628 discordias
682 604 810 626 vacuum
823 593 909 633 suit]
925 593 978 624 Ex

284 648 419 678 Sallust.
452 647 542 677 Hist.
567 655 591 676 1.
614 645 623 661 ‘
640 649 813 684 postquam
849 646 977 673 remoto

285 703 375 728 metu
393 696 523 727 Punico
539 694 727 726 simultates
744 701 905 724 exercere
922 702 977 722 va—

284 756 383 777 cuum
402 744 488 776 fuit:

330 797 383 836 §8
409 794 597 826 Auctoribus
623 792 726 824 nuntii
755 792 820 831 ejus
850 792 979 833 Scythis

286 844 452 883 Barlmris]
482 845 537 874 Ita
567 841 794 873 scribendum.
838 842 977 881 Scythae

279 894 350 932 jam
370 900 437 923 tum
454 893 590 923 nautica
610 896 644 922 et
669 895 859 922 mercatura
882 891 977 922 clari.

286 942 368 972 lude
385 952 461 972 mox
478 951 535 971 eos
552 941 657 971 duces
675 939 897 980 navigationis
922 940 978 970 ad-

285 997 422 1022 sumunt
436 991 563 1023 Graeci.

330 1043 346 1081 §
358 1044 395 1071 16
406 1039 601 1079 Phorbanta]
615 1040 667 1070 lta
680 1042 772 1069 recte
785 1036 863 1068 libri
874 1037 979 1078 scrip-

285 1091 322 1121 ti.
357 1090 538 1120 Homerus.
555 1089 655 1120 Iliad.
671 1092 696 1119 1.
717 1088 765 1126 Τῷ
786 1087 811 1117 δ’
834 1086 891 1127 ἄρα
905 1099 979 1127 παρ-

285 1140 458 1170 κατέλεκτο
473 1139 565 1178 Ὑυνὴ,
579 1139 638 1176 τὴν
653 1136 810 1173 Λεσβόθεν
822 1136 894 1176 ἦγε,
908 1137 981 1177 Φόρ-

284 1191 400 1223 βαντος
422 1188 571 1228 θυγάτηρ,
592 1187 731 1226 Διομήδη
758 1184 981 1226 καλλιπάρῃος.

286 1240 512 1271 vitiosissime
527 1239 706 1278 edebatur,
722 1238 731 1254 ‘
743 1237 980 1277 Forgaritam.’

328 1290 412 1320 Dein
424 1290 580 1330 Phyrum]
596 1289 650 1320 Ita
661 1287 740 1318 libri
754 1287 861 1317 nostri
875 1297 883 1324 3
908 1296 981 1318 cre·

285 1338 342 1377 do,
360 1348 420 1379 pro
437 1340 446 1355 ⁴
458 1337 624 1378 Scyrum‚’
641 1345 741 1378 quam
759 1335 878 1366 eodem
897 1340 980 1366 tem-

286 1398 368 1429 pore
405 1393 540 1428 captam
576 1387 618 1417 ab
649 1386 780 1417 Achille
810 1385 980 1415 Homerus

286 1443 451 1468 memorat
464 1448 471 1468 :
489 1437 605 1478 Σκῦρον
616 1435 698 1467 ἑλὼν
711 1435 843 1474 αῖπεῖαν,
856 1435 981 1472 Ἐνυῆος

286 1487 477 1527 πτολίεθρον.

329 1538 397 1577 §17
422 1536 567 1576 Eetione]
596 1536 653 1567 Ita
675 1540 771 1567 recte
800 1535 888 1574 libri,
914 1544 980 1566 non

287 1586 491 1618 ‘factionez’
516 1586 597 1617 item
621 1586 748 1616 Cilicas.
794 1586 982 1625 Lyrnessus

287 1640 323 1666 et
337 1636 464 1667 Thebae
491 1636 633 1667 Cilicum
659 1635 799 1665 istorum
826 1634 981 1665 civitates

288 1685 330 1715 ab
348 1685 477 1716 Achille
494 1688 700 1724 expugnatae
716 1683 837 1714 eodem
852 1687 981 1723 tempo-

289 1742 349 1764 re:
374 1734 405 1763 in
423 1734 478 1764 illa
494 1733 647 1772 regnavit
674 1733 796 1773 Mynes
820 1732 983 1762 Briseidis

288 1784 440 1821 maritus,
465 1783 496 1814 in
524 1784 586 1814 liae
603 1783 724 1814 Eetion
738 1786 838 1822 pater
850 1782 981 1813 Andro-

288 1833 428 1869 machae,
439 1834 580 1863 maritus
595 1831 799 1872 chryseidis.
823 1832 924 1862 Hom.
942 1832 983 1862 Il.

286 1886 324 1914 A.
340 1881 484 1924 Ὠχόμεθ’
494 1881 537 1914 εἷς
547 1880 653 1918 Θήβην
668 1881 750 1921 ἱερὴν
760 1880 848 1912 πόλιν
860 1881 983 1912 Ἠετίω-

288 1942 351 1969 νος,
364 1934 426 1968 Τὴν
450 1930 483 1961 δὲ
511 1929 711 1970 διεπράθομέν
734 1941 771 1961 τε
792 1930 841 1961 καὶ
865 1930 984 1969 ἤγομεν

293 1979 399 2012 ἐνθάδε
417 1980 530 2011 πάντα.
568 1980 628 2011 Καὶ
650 1980 690 2011 τὰ
705 1979 761 2018 μὲν
776 1978 810 2010 εἷ’]
825 1979 982 2011 δάσσαντο

287 2030 366 2069 μετὰ
394 2030 500 2069 σφίσιν
530 2028 590 2061 υῑες
610 2030 754 2068 Ἀχαιῶν,
776 2030 830 2060 Ἐκ
857 2030 883 2060 δ’
909 2029 984 2061 ἕλον

286 2079 425 2120 Ἀτρείδῃ
441 2079 598 2120 Χρυσηΐδα
612 2077 832 2120 καλλιπάρῃον.
881 2080 926 2111 Et
949 2080 982 2110 in

287 2129 466 2168 catalogo:
490 2128 670 2166 Λυρνησσὸν
693 2128 908 2168 διαπορθήσας,
933 2128 983 2159 καὶ

287 2178 397 2217 τείχεα
419 2177 533 2214 Θήβης.
578 2178 624 2208 Et
650 2177 683 2207 in
715 2181 750 2207 Z.
787 2176 982 2217 Ἀνδρομάχη

289 2228 424 2267 θυγάτηρ
441 2226 653 2266 μεγαλήτορος
663 2226 833 2259 Ἠετίωνος·
843 2227 981 2268 Ἠετίων,

287 2278 321 2310 ὃς
336 2278 433 2309 ἔναιεν
447 2276 630 2316 (Τποπλάκῳ
643 2276 794 2318 ὑληέσσῃ,
810 2276 898 2318 Θήβῃ
911 2278 982 2309 ὑπο-

289 2328 415 2368 πλακίῃ,
449 2326 611 2357 Κιλίκεσσ’
636 2326 799 2366 ἄνδρεσσιν
828 2325 982 2358 ἀνάσσων.

288 2379 334 2409 Et
350 2387 437 2415 mox,
451 2377 506 2407 Ἐκ
522 2376 555 2407 δὲ
569 2375 662 2406 πόλιν
676 2374 788 2416 πέρσεν
805 2376 939 2406 Κιλίκων
950 2375 983 2407 εὖ

291 2426 491 2464 ναιετάωσαν,
519 2425 628 2463 Θήβην
657 2425 819 2465 ὑψίπυλον,
847 2426 926 2457 κατὰ
957 2428 982 2457 δ’

290 2476 420 2507 ἔκτανεν
435 2475 593 2506 Ἠετίωνα.
621 2476 674 2506 Ex
689 2475 786 2514 cnjus
802 2476 918 2515 spoliis
936 2476 983 2506 ci-

289 2527 414 2556 tharam
429 2532 463 2556 et
478 2535 600 2566 equum
615 2524 784 2555 Pedasnm
800 2525 981 2557 abductum

290 2576 381 2606 idem
413 2576 580 2606 Homerus
607 2574 738 2611 scribit,
775 2574 815 2604 Il.
842 2578 868 2605 1.
890 2578 925 2605 et
944 2578 983 2606 Π.

289 2626 385 2664 Dixi,
398 2626 537 2656 istorum
549 2624 711 2662 Cilicnm;
734 2624 789 2654 alii
801 2624 888 2655 euim
902 2630 982 2655 sunt

290 2676 439 2706 Homero
469 2675 591 2705 Cilices
621 2683 727 2713 prope
758 2674 867 2712 Idam,
900 2684 982 2715 quos

290 2724 393 2755 etiam
415 2729 569 2754 recenset
598 2723 729 2754 Plinius
754 2732 788 2754 v.
808 2726 860 2754 30.
884 2724 981 2762 longe

291 2775 334 2804 ab
358 2773 396 2803 iis
420 2773 596 2811 Cilicibus,
619 2781 702 2813 quos
725 2781 867 2812 sequens
897 2778 979 2803 aetas

292 2822 427 2861 agnovit
446 2822 486 2852 ad
499 2822 642 2852 Taurum
658 2826 693 2852 et
711 2820 888 2854 Amanum.

338 2871 506 2911 Pena-mm,
522 2871 666 2910 Lelegum
682 2871 801 2911 urbem]
834 2871 888 2904 Ita
904 2872 985 2903 scri·

452 355 594 386 NOTAE.
625 352 888 384 VARIORUM
923 351 974 382 IN
1011 350 1201 381 DlC'rYM
1234 350 1548 382 CRETENSEM.

1026 443 1185 476 bendum.
1200 444 1302 476 Hom.
1317 444 1360 475 Il.
1376 448 1412 476 Φ.
1422 444 1560 485 Ἄλτεω,
1574 442 1608 476 ὃς
1622 443 1719 475 Λελέ·

1025 504 1119 532 ’γεσσι
1131 492 1410 532 φιλοπτολέμοισιν
1419 492 1557 532 ἀνάσσει,
1570 492 1718 530 Πήδασον

1027 542 1199 580 αἰπήεσσαν
1227 541 1310 582 ἔχων
1336 542 1393 573 ὑπὸ
1418 542 1609 575 Σατνιόεντι.
1650 542 1719 574 Sed

1027 593 1195 624 Homerus
1225 593 1394 624 Pedasum
1431 597 1605 632 regnatam
1635 590 1721 623 facit

1026 642 1140 677 Almo,
1163 651 1230 672 non
1253 642 1376 679 Brisei,
1396 646 1432 673 et
1454 641 1611 673 Briseida
1632 641 1718 681 Lyr-

1027 700 1123 722 nesso
1135 695 1356 731 captam,non
1372 692 1524 722 Pedaso:
1542 690 1632 732 quod
1645 700 1720 721 nos-

1029 745 1080 770 ter
1104 740 1306 779 immutavit,
1329 744 1368 771 ut
1389 740 1615 771 dissimularet
1633 739 1722 770 uude

1027 789 1228 829 accepisset.

1070 841 1087 880 ς
1106 842 1144 870 18
1166 839 1302 879 Altaque
1318 840 1397 870 dona
1411 837 1652 879 cujusquemodi]
1668 837 1724 870 na

1028 889 1160 929 scripsi,
1179 889 1256 928 quia
1274 889 1306 919 in
1327 888 1430 924 libris,
1445 890 1455 905 ⁴
1467 887 1725 928 hujuscemodi!

1028 941 1102 971 Vox
1122 939 1228 980 proba
1251 943 1287 969 et
1314 938 1465 978 antiqua,
1482 937 1541 968 sed
1558 935 1631 967 fere
1651 936 1724 967 ubi-

1029 999 1095 1031 que
1112 994 1285 1028 corrupta.
1322 988 1460 1018 Lucret.
1472 996 1524 1018 v1.
1546 987 1555 1002 ‘
1574 987 1616 1017 In
1631 990 1725 1017 terra

1029 1039 1284 1080 cujusquemodi
1321 1047 1432 1068 rerum
1470 1045 1545 1067 esse
1580 1034 1727 1075 figuras-⁹

1030 1090 1102 1121 Cic.
1120 1098 1144 1120 1.
1156 1088 1223 1120 Off.
1241 1093 1249 1106 ‘
1264 1086 1476 1118 admittenda
1488 1085 1658 1117 bominum
1667 1094 1726 1117 cu-

1024 1138 1243 1180 jusquemodi
1277 1135 1480 1168 multitudo!
1533 1136 1579 1166 Et
1613 1143 1655 1167 ιι.
1682 1134 1726 1166 de

1030 1190 1129 1221 Orat.
1152 1189 1162 1206 ‘
1175 1189 1223 1220 Ut
1238 1188 1277 1219 ad
1288 1185 1545 1228 cujusquemodi
1561 1194 1666 1225 genus
1682 1184 1728 1215 ri-

1031 1238 1134 1269 diculi
1159 1238 1272 1268 vultus
1297 1236 1399 1267 etiam
1428 1233 1730 1266 accommodetur.'

1030 1289 1170 1319 Sallust.
1182 1288 1214 1318 in
1227 1286 1388 1326 Jugnrth.
1411 1290 1420 1304 ‘
1434 1286 1484 1317 Eo
1495 1284 1636 1325 imponit
1648 1292 1729 1315 vasa

1030 1336 1312 1378 cujusquemodi.'
1355 1336 1457 1376 Saepe
1488 1334 1522 1365 iu
1549 1333 1645 1365 libris
1676 1343 1729 1365 se-

1031 1386 1228 1428 quentibus,
1240 1385 1300 1416 sed
1313 1385 1439 1424 ubique
1452 1384 1484 1415 in
1503 1384 1633 1415 mendo.
1658 1382 1729 1414 Ha-

1032 1436 1090 1467 bes
1108 1445 1200 1476 saepe
1217 1435 1250 1466 iu
1268 1433 1414 1475 Apuleio
1438 1438 1474 1464 et
1495 1432 1569 1464 aliis
1586 1431 1729 1472 scripto-

1032 1486 1136 1517 ribus.

1077 1535 1312 1575 Teuthrantem]
1338 1533 1432 1565 Libri
1456 1532 1589 1573 scripti,
1615 1531 1728 1563 ‘'reu-

1033 1585 1211 1617 tbandrum
1227 1585 1247 1615 :’
1271 1586 1298 1616 is
1322 1590 1375 1616 est
1400 1583 1559 1624 Sophocli
1582 1587 1590 1601 ¹
1607 1583 1728 1614 Telen-

1033 1635 1106 1673 tas,‘
1141 1634 1250 1674 Ajace
1295 1634 1560 1674 mastigophoro.
1619 1631 1729 1671 Infra,

1032 1685 1089 1715 ubi
1114 1684 1239 1714 iterata
1265 1683 1338 1724 ejus
1364 1683 1505 1718 mentio,
1519 1682 1608 1713 liber
1630 1691 1728 1720 unus,

1032 1734 1041 1750 ‘
1056 1733 1236 1764 Teutranti
1253 1732 1380 1771 filiam‚’
1400 1732 1498 1768 alter,
1522 1731 1729 1762 ‘'renitanti:

1074 1784 1092 1823 ξ
1120 1786 1161 1814 20
1191 1783 1385 1820 Graecorum,
1415 1781 1592 1821 Menelaus]
1626 1781 1729 1812 Muta

1031 1831 1306 1863 distinctionem:
1329 1832 1392 1861 τῶν
1412 1829 1572 1867 Ἐλλήνων
1593 1830 1610 1860 ὃ
1631 1828 1729 1861 Μενέ-

1030 1888 1119 1914 λεως.
1162 1883 1210 1914 Ut
1233 1891 1346 1922 supra,
1362 1882 1550 1921 legatorum
1574 1880 1728 1912 Palame-

1032 1933 1106 1964 des.

1073 1982 1147 2021 §21
1173 1981 1254 2012 Ante
1284 1980 1436 2021 consulta]
1461 1980 1587 2020 Vulgo,
1613 1978 1624 1997 ‘
1639 1978 1727 2011 bene

1032 2029 1213 2061 consulta!
1239 2029 1343 2066 Libii,
1358 2039 1377 2060 a
1391 2039 1438 2060 me
1452 2029 1602 2061 consulta.

1075 2080 1150 2119 §22
1176 2079 1238 2109 Cui
1267 2079 1358 2109 virile
1386 2078 1545 2117 negotium
1573 2078 1638 2119 est]
1671 2077 1729 2109 Ita

1031 2129 1132 2167 libri;
1157 2129 1218 2159 luoc
1243 2134 1310 2163 est.
1337 2127 1391 2160 cui
1414 2128 1507 2159 dorni
1533 2136 1627 2159 uxor.
1669 2127 1728 2158 Vi-

1033 2178 1094 2208 rile
1110 2179 1280 2218 ingenium
1299 2178 1554 2219 rescripserant,
1565 2177 1661 2218 quasi
1673 2177 1731 2208 ha-

1033 2227 1134 2259 beret
1153 2238 1172 2259 a
1187 2228 1362 2265 Sallustio,
1380 2226 1470 2268 apud
1493 2236 1592 2268 quem
1608 2226 1642 2257 in
1664 2226 1731 2258 Ca·

1033 2279 1149 2310 tilina:
1168 2279 1178 2296 ‘
1193 2278 1266 2318 quis
1281 2277 1486 2313 mortalium,
1500 2276 1555 2308 cui
1569 2275 1664 2307 virile
1680 2276 1730 2306 in-

1033 2328 1168 2369 genium
1184 2331 1249 2362 est,
1265 2326 1412 2357 tolerare
1428 2329 1544 2366 potest
1566 2325 1630 2355 illis
1643 2324 1730 2355 divi·

1033 2378 1099 2409 tias
1126 2385 1285 2417 superare
1300 2375 1324 2406 ?¹
1371 2375 1417 2406 At
1438 2375 1492 2405 hic
1516 2373 1612 2405 virile
1635 2374 1728 2414 inge-

1032 2428 1121 2458 nium
1139 2428 1246 2457 minus
1262 2423 1419 2466 quadrat.
1435 2433 1510 2455 cum
1531 2422 1678 2454 formido
1693 2427 1731 2453 et

1032 2476 1180 2516 suspicio
1196 2475 1371 2505 mulierum
1385 2473 1429 2504 sit
1439 2472 1549 2513 potins
1560 2480 1665 2512 >quam
1681 2470 1729 2501 vi-

1032 2535 1164 2563 rorum;
1189 2528 1224 2556 et
1240 2528 1277 2555 ut
1300 2524 1460 2562 virorum,
1475 2531 1541 2553 non
1557 2524 1653 2553 certe
1671 2521 1728 2558 τῆς

1032 2574 1165 2615 ἀνδρίας.

1078 2623 1161 2655 Nati
1173 2631 1339 2663 paucorum
1349 2620 1486 2660 libidini]
1511 2619 1568 2652 Ita
1583 2619 1662 2651 libri
1673 2629 1727 2651 ve·

1032 2677 1137 2711 teres,
1153 2670 1413 2711 elegantissime.

1075 2723 1093 2762 ς
1109 2724 1149 2752 25
1167 2722 1216 2752 Ne
1227 2719 1301 2760 quid
1313 2719 1374 2749 tale
1383 2717 1727 2759 commentaefinitimoe]

1032 2771 1088 2802 Ita
1116 2775 1170 2801 est
1194 2771 1227 2800 in
1254 2768 1458 2799 Petaviano:
1488 2771 1524 2797 at
1549 2766 1583 2797 in
1607 2766 1728 2801 altero.

1031 2822 1039 2836 ‘
1059 2830 1101 2851 ne
1116 2819 1195 2861 quid
1213 2818 1281 2850 tale
1302 2816 1518 2848 confinitimae
1535 2816 1691 2856 regiones
1705 2815 1728 2847 ς’

1033 2869 1166 2901 scilicet
1187 2867 1349 2906 scriptum
1371 2863 1446 2904 fnit,
1460 2865 1526 2896 ‘ne
1548 2864 1629 2896 item
1651 2863 1727 2895 aliae
