1889 3194
566 345 628 375 DE
665 344 818 374 BELLO
851 343 1076 374 TROJANO
1111 342 1207 374 LlB.
1240 344 1291 373 ll.

206 442 272 482 En
292 442 465 493 generat
484 450 636 488 voces,
665 437 832 479 evolvit
848 436 1040 485 nomina,
1070 447 1210 487 nugas

1562 333 1648 374 425

1561 436 1646 476 400

203 505 444 555 Pieridum,
461 508 503 545 et
521 508 690 545 nostras
711 504 914 556 dignatur
933 515 1116 544 noscere
1134 501 1332 542 frondes:

203 573 293 614 Sed
310 573 423 614 male
443 572 513 614 vel
535 571 706 619 didicit,
725 571 921 611 meminit
939 569 1010 611 vel
1028 568 1207 610 mollius
1228 580 1371 622 aequo,

202 639 324 681 Vera
341 652 454 681 voce
474 639 569 680 fluit
590 651 616 679 a
636 637 787 691 polleo
808 637 977 687 Pallas,
997 639 1042 677 et
1057 636 1136 677 alti

204 706 489 760 Splendorem
510 706 656 746 meriti
677 705 753 747 vix
770 704 907 757 gloria
919 703 1105 745 nominis
1124 705 1287 756 aequat.

200 774 370 823 Macte,
390 772 530 822 Paris,
553 772 660 826 quid
683 772 797 812 enim
813 770 1088 812 numerandis
1109 770 1313 823 improba
1332 769 1450 811 veris

1556 769 1646 810 405

202 839 360 890 Effluo,
382 843 427 881 et
445 840 490 880 in
511 839 664 880 titulos
681 839 855 891 suspiro
875 837 1086 891 prodiga?
1117 837 1214 878 laesi

202 906 339 947 Forte
359 907 495 956 Deos,
515 905 716 959 exempla
735 917 908 958 sequor,
928 905 1183 957 veniamque
1204 906 1387 944 coactus

201 972 332 1013 Error
351 973 497 1023 habet,
514 972 632 1013 nosti
647 971 677 1013 J
681 984 867 1012 unonem
887 970 1067 1024 indigna
1087 971 1292 1012 locutam.

201 1039 291 1080 Sed
311 1044 455 1090 taceo,
477 1039 643 1092 promsi
666 1037 829 1093 (fateor
848 1037 1085 1092 doleoque)
1105 1037 1312 1092 superba,

200 1104 322 1147 Vera
341 1111 505 1156 tamen,
527 1105 605 1147 sed
626 1105 756 1146 molle
775 1104 926 1155 decus,
946 1105 1185 1158 formaeque
1205 1102 1469 1157 triumphum

1560 1103 1645 1143 410

201 1172 310 1213 Non
329 1172 413 1214 hac
431 1177 578 1214 mente
599 1175 716 1226 peto,
742 1172 854 1213 viles
875 1176 924 1212 ut
944 1171 1094 1212 solvar
1113 1172 1157 1212 in
1175 1183 1298 1220 usus,

196 1237 504 1292 Vulgaresque
526 1238 658 1293 jocos
679 1251 689 1280 ε
723 1239 808 1279 hac
826 1238 984 1287 fronte,
1004 1238 1088 1279 hoc
1111 1238 1200 1278 oris
1219 1238 1379 1279 honore

198 1304 418 1346 Venatrix
436 1306 661 1346 hominum
681 1308 829 1346 vernet
847 1304 1017 1346 Venus.

1076 1303 1115 1344 Ο
1137 1304 1240 1357 fuga
1259 1317 1444 1353 morum,

199 1371 299 1412 Diis
320 1372 484 1412 utinam
505 1371 708 1412 libranda
726 1371 863 1412 forem
880 1384 890 1412 ι
922 1383 1036 1421 nunc
1057 1370 1214 1425 Cypris
1235 1371 1281 1411 in
1301 1383 1453 1411 omnes

197 1438 328 1479 Bella
347 1438 449 1488 ciet,
467 1438 715 1491 victrixque
732 1438 893 1491 placet,
914 1437 1208 1491 mundumque
1228 1437 1428 1490 superbit

1561 1436 1645 1476 415

199 1504 404 1558 Imperiis
417 1506 611 1548 cessisse
630 1505 748 1546 suis:
779 1505 862 1545 heu
883 1517 982 1545 rara
1003 1504 1167 1545 securis

806 1620 925 1634 oooooo

931 1621 1048 1632 eeeeee

237 1668 299 1697 411
324 1665 433 1697 Solvat
447 1665 503 1697 ed.
520 1666 625 1697 Basil.
642 1664 816 1706 Spondan.
834 1670 869 1697 et
886 1665 977 1697 Mor.

848 1751 993 1783 NOTAE

237 1817 301 1846 402
324 1814 472 1846 Meminit
487 1816 535 1846 vel
549 1815 672 1846 mollius
681 1816 783 1856 oequo]
809 1818 892 1851 Μνη-

193 1864 319 1903 μονικὸν
332 1863 507 1905 ἁμάρτημα.

238 1917 300 1946 403
329 1915 410 1947 Vera
431 1925 501 1946 voce
517 1914 597 1956 fluit
620 1925 639 1946 α
659 1916 756 1955 polleo
770 1915 892 1956 Pallas]

195 1964 305 1995 Nimis
318 1964 600 2004 Grammaticum,
616 1965 682 1995 nisi
705 1964 748 1995 ad
765 1965 891 1996 oratio-

193 2022 270 2044 nem
282 2013 427 2046 sunonis
444 2011 583 2044 referas.
610 2015 735 2054 Etyma
747 2018 892 2055 quatuor

196 2067 372 2094 enumerat
402 2066 519 2094 auctor
538 2063 762 2102 Etymologici
777 2073 784 2093 :
810 2072 893 2103 quo·

195 2124 268 2145 rum
285 2114 349 2145 tria
361 2112 463 2144 etiam
473 2112 614 2143 Tzetzes
625 2112 666 2142 ad
678 2112 888 2143 Hesiodum:

196 2164 287 2195 aliud
309 2163 415 2194 habes
434 2161 523 2202 apud
548 2161 776 2202 Hesychium:
801 2162 892 2193 aliud

196 2213 302 2245 Clem.
317 2213 416 2244 Alex.
430 2212 529 2243 Orat.
540 2211 583 2242 ad
595 2217 727 2251 gentes,
742 2212 894 2249 9.Ἀθηνᾶ

194 2262 252 2301 μὲν
271 2261 324 2294 οὖν
340 2262 399 2300 τὴν
413 2260 538 2301 καρδίαν
551 2261 704 2292 Διονύσου
719 2261 894 2301 ὑφελομένη

195 2312 328 2343 Παλλὰς
338 2312 373 2343 ἐκ
379 2312 438 2342 τοῦ
448 2310 582 2342 πάλλειν
592 2311 651 2349 τὴν
666 2311 792 2352 καρδίαν
798 2323 893 2353 προσ-

195 2362 360 2402 ηγορεύθη.
400 2360 502 2393 Plato
518 2362 620 2393 etiam
633 2362 667 2392 in
681 2363 822 2403 Cratylo
833 2362 893 2393 ἀπὸ

195 2414 252 2444 τοῦ
265 2412 411 2444 πάλλειν.
440 2411 530 2443 Vide
544 2412 647 2442 etiam
663 2411 892 2451 Phor-nutum,

194 2464 295 2495 titulo
310 2463 470 2500 Minerva,
484 2471 519 2502 p.
536 2463 609 2493 160.
625 2462 682 2501 qui
703 2461 793 2492 illam
817 2464 826 2479 ‘
843 2462 892 2493 in-

193 2514 370 2546 tellectum
396 2511 514 2544 Jovis’
537 2511 704 2552 appellat,
726 2516 765 2542 ut
790 2512 892 2552 Papi-

193 2563 282 2600 nius,
305 2563 314 2580 ‘
327 2561 438 2602 magni
453 2561 558 2592 decus
578 2561 820 2602 ingeniumque
834 2571 892 2602 pa-

193 2612 325 2650 rentis,'
340 2612 501 2644 11.'1‘heb.
546 2611 635 2642 Vide
657 2612 759 2642 etiam
788 2611 894 2651 Apol-

193 2664 261 2696 lod.
274 2674 299 2695 1.
316 2666 368 2694 15.
413 2662 559 2693 Minerva
575 2661 662 2691 nude
674 2661 819 2700 dicatur,
834 2662 893 2692 ha-

194 2715 255 2746 bes
272 2713 363 2755 apud
379 2713 529 2752 Festum,
545 2716 579 2742 et
595 2711 652 2752 qui
668 2710 746 2742 inde
761 2712 892 2750 sumsit,

192 2763 381 2796 Meursium
398 2762 517 2793 Critic.
534 2770 575 2792 11.
592 2765 624 2792 5.
640 2763 713 2791 117.

235 2816 297 2846 407
326 2812 511 2852 Veniamque
526 2813 646 2841 coactus
675 2810 772 2839 Error
788 2809 893 2849 habet]

195 2865 302 2897 Arist.
318 2863 428 2894 Ethic.
455 2871 511 2893 ιιι.
538 2864 567 2892 l.
590 2860 610 2898 ἡ
639 2859 748 2898 ἄγνοια
776 2858 794 2897 ἡ
824 2861 892 2891 καθ’

195 2915 313 2947 ἕκαστα
328 2913 360 2945 ἐν
373 2911 415 2944 οἷς
431 2910 563 2951 καὶπερὶ
590 2910 609 2943 ἃ
628 2911 743 2951 πρᾶξις,
764 2910 796 2941 ἐν
819 2912 890 2942 τού-

946 1826 1012 1846 τοις
1024 1814 1112 1846 ἔλεος
1124 1813 1174 1845 καὶ
1186 1812 1368 1853 συγγνώμη.
1398 1811 1528 1843 Eadem
1544 1812 1644 1843 Philo

946 1865 979 1896 in
1006 1864 1072 1896 fine
1101 1865 1178 1896 libri
1220 1864 1264 1895 de
1297 1865 1434 1905 migrat.
1458 1862 1643 1894 Abrahami

944 1925 978 1956 p.
990 1918 1065 1946 331.

986 1967 1051 1996 416
1074 1965 1149 1996 Heu
1176 1975 1250 1996 rara
1270 1964 1386 1996 securis
1401 1962 1524 2003 Aurea]
1553 1963 1644 1995 Quid

946 2016 1157 2048 hic‘securis
1172 2014 1306 2046 aurea?
1319 2024 1361 2046 an
1375 2014 1418 2045 de
1432 2014 1590 2054 imperio?
1607 2019 1645 2044 ut

947 2066 1111 2106 Propert.
1139 2066 1149 2084 ⁴
1164 2065 1332 2106 Brutique
1363 2073 1502 2096 secures
1519 2063 1539 2095 ι’
1563 2063 1646 2094 nihil

948 2115 1069 2147 minus.
1116 2114 1169 2146 An
1204 2123 1283 2145 vero
1318 2114 1361 2145 de
1392 2122 1496 2144 aurea
1524 2113 1647 2151 securi,

947 2174 1046 2205 quam
1073 2163 1267 2196 Mercurius
1292 2163 1419 2194 rustico
1444 2172 1504 2203 pro
1531 2161 1647 2193 ferrea

948 2215 1086 2253 obtulit,
1102 2219 1138 2245 ut
1150 2218 1203 2245 est
1218 2214 1253 2244 in
1276 2212 1393 2244 fabula
1416 2212 1530 2252 AEsopi
1555 2211 1646 2251 apud

947 2264 1139 2295 Planudem
1155 2266 1210 2295 44.
1224 2272 1290 2304 quo
1306 2262 1422 2293 Acron
1441 2260 1549 2293 refert
1562 2260 1644 2292 illud

950 2313 1086 2344 Horatii
1115 2313 1190 2344 Sat.
1221 2321 1247 2344 ι.
1274 2315 1306 2344 7.
1329 2312 1463 2343 ‘fertur
1487 2320 1552 2352 quo
1569 2320 1645 2341 rara

948 2363 1096 2394 securis.’
1140 2363 1197 2393 Ita
1209 2362 1252 2393 de
1276 2361 1495 2402 simplicitate
1519 2360 1647 2391 intelli-

946 2412 1091 2452 gendum
1108 2410 1212 2449 foret,
1226 2420 1302 2442 cum
1315 2414 1489 2450 sequatur,
1509 2409 1519 2426 ‘
1530 2418 1644 2439 ramus

946 2471 1040 2493 amor
1054 2460 1207 2501 morum,'
1233 2460 1293 2492 sed
1313 2469 1380 2491 non
1397 2459 1544 2491 videtur.
1587 2460 1644 2491 De

947 2512 1094 2543 victimis
1119 2510 1306 2542 mactandis
1330 2511 1364 2541 in
1379 2510 1540 2540 honorem
1554 2508 1646 2540 Deo-

947 2571 1021 2592 rum
1038 2561 1214 2601 intelligo:
1233 2560 1282 2591 ita
1302 2569 1358 2591 111.
1374 2562 1450 2591 216.
1474 2559 1484 2576 ‘
1497 2564 1532 2589 et
1547 2558 1642 2599 larga

947 2613 1097 2643 cumulat
1129 2611 1296 2652 promissa
1326 2609 1463 2649 securi,'
1484 2619 1583 2651 quam
1607 2615 1643 2642 et

946 2663 956 2679 ‘
970 2662 1174 2702 secespitam
1187 2661 1194 2675 ¹
1207 2660 1438 2692 nominabant.
1461 2660 1537 2691 Nisi
1552 2658 1644 2691 forte

946 2711 987 2742 ad
1014 2710 1149 2742 Saturni
1171 2710 1292 2741 falcem
1321 2708 1549 2744 referendum,
1576 2719 1644 2750 qua

947 2761 1034 2793 Coeli
1050 2760 1218 2799 παιδογόνα
1233 2759 1434 2791 demessuit.
1478 2758 1533 2789 De
1549 2768 1643 2789 secu-

948 2811 974 2841 ri
1000 2810 1033 2842 iu
1056 2810 1224 2850 judicium
1250 2814 1383 2847 vocata,
1409 2808 1486 2839 vide
1512 2808 1642 2840 Pausa-

947 2859 1036 2892 niam
1054 2859 1087 2891 in
1105 2859 1230 2891 Atticis
1249 2868 1281 2900 p.
1301 2861 1353 2890 22.
1369 2863 1404 2890 ct
1419 2860 1472 2890 27.
