1889 3194
272 327 357 368 518

275 434 464 481 Funera,
485 434 744 487 mortalique
765 448 871 487 rogo
892 436 981 475 duo
1002 435 1177 475 numina
1205 435 1313 475 belli

790 340 993 370 JOSEPHI
1031 340 1192 370 lscANl

274 501 452 553 Religio
475 502 688 554 permissa
710 502 856 542 daret:
887 515 970 542 nec
993 515 1149 554 separe
1171 502 1291 542 luctu

275 568 575 622 Myrmidones
598 568 803 621 Pyliique
820 568 979 616 dolent,
1001 569 1233 609 certamine
1254 568 1439 622 pulchro

276 636 440 684 Fletur,
461 639 501 675 et
523 638 716 688 aequanti
733 635 916 689 jamjam
937 635 1048 676 latet
1069 636 1242 687 agmine
1267 635 1445 677 Nestor.

276 703 351 743 Sic
373 703 407 742 si
431 702 636 743 destituat
660 702 877 755 Superum
900 705 1037 755 pater,
1061 703 1168 742 orba
1191 708 1427 756 querantur

274 771 442 819 Sidera,
463 775 507 810 et
523 770 672 821 ignoto
694 769 967 810 contendant
986 769 1140 809 funera
1159 769 1277 810 fletu.

1635 774 1720 815 470

331 836 558 878 Vincendi
581 837 673 890 jam
705 837 824 877 nulla
844 835 978 877 fides:
1009 849 1091 876 nec
1112 836 1218 886 sata,
1241 850 1320 878 nec
1342 836 1432 890 ipsi

275 905 410 958 Spem
432 907 642 957 praestant
664 903 847 956 Superi:
880 907 1079 956 perstant
1097 907 1239 944 tamen
1260 904 1335 953 ire,
1358 904 1567 959 Deosque

275 972 536 1013 Consultare
558 970 681 1019 libet,
702 971 950 1020 redeantne,
971 983 1027 1011 an
1048 971 1201 1023 praelia
1221 971 1405 1013 firment.

275 1040 362 1081 Sed
392 1038 572 1080 redeant
591 1038 754 1091 potiuS,
775 1050 857 1078 nec
879 1038 994 1077 enim
1018 1037 1182 1078 fiducia
1202 1038 1333 1079 bellis

274 1106 461 1148 AEacide
482 1105 605 1146 fuso:
638 1104 830 1146 Calchas
850 1105 899 1154 it,
919 1105 1089 1158 quaerit,
1111 1109 1153 1145 et
1175 1105 1313 1152 audit,

1634 1110 1721 1151 475

273 1173 416 1214 Audit
436 1170 644 1212 Achillea
664 1170 927 1211 vincendum
950 1171 1075 1225 prole
1092 1171 1314 1224 Pelasgis.

273 1240 470 1294 Pyrrhus
491 1242 596 1287 erat,
618 1251 750 1291 quem
771 1238 866 1279 fata
882 1238 1060 1287 dabant,
1082 1238 1197 1279 hunc
1220 1238 1400 1292 Scyrius
1417 1239 1587 1295 hospes

275 1310 449 1357 Servat,
466 1306 659 1347 foeminei
677 1305 900 1359 quondam
920 1307 1102 1346 nutritor
1123 1305 1327 1346 Achillis.

331 1376 431 1417 Nec
452 1386 589 1422 mora,
612 1373 788 1414 decreto
816 1387 1041 1427 procerum
1065 1373 1299 1414 Menelaus
1321 1374 1462 1415 ituras

274 1442 486 1496 Disponit
503 1441 698 1481 classes:
730 1441 924 1493 novique
946 1444 989 1480 et
1013 1440 1160 1481 dicere
1185 1453 1382 1493 pronum,

1635 1443 1722 1484 480

275 1510 399 1561 Quas
419 1520 538 1550 remo
558 1507 747 1548 lassavit
770 1520 925 1561 aquas,
948 1520 1061 1560 quos
1081 1508 1232 1560 legerit
1252 1507 1353 1548 olim

930 1657 1068 1690 NOTAE

317 1759 379 1788 465
418 1757 492 1789 Duo
520 1758 648 1789 numina
674 1758 761 1799 belli]
799 1760 847 1791 Ut
875 1759 969 1800 Virg.

273 1806 284 1823 ‘
298 1806 363 1837 duo
379 1805 519 1838 fulmina
534 1807 637 1848 belli,’
660 1809 748 1850 quod
771 1819 791 1840 a
812 1810 970 1841 Lucretio

273 1858 406 1890 sumsit.
451 1858 507 1889 Ita
522 1859 696 1891 Hannibal
713 1860 793 1892 Silio
809 1869 870 1891 xv.
886 1860 895 1876 ‘
907 1859 969 1891 ful-

274 1917 351 1939 men
369 1908 608 1949 Carthaginis!

317 1960 382 1989 466
412 1958 480 1989 Nec
503 1969 609 1998 separe
634 1959 734 1999 luctu]
771 1959 893 2000 Papin.
920 1969 969 1992 iv.

273 2012 283 2026 ⁶
298 2013 332 2039 tu
349 2018 467 2049 separe
484 2008 599 2040 coetn.’
643 2010 758 2041 Valer.
780 2009 890 2041 Flacc.
913 2019 972 2042 ιιι.

273 2060 284 2076 ⁸
298 2068 419 2099 separe
436 2061 541 2089 urna.’
579 2059 811 2090 Prudentius:
836 2060 845 2076 ‘
860 2069 975 2100 segre-

274 2118 329 2149 ge,
366 2112 558 2150 congrege)
607 2109 760 2140 AEmilins
798 2109 902 2141 Prob.
937 2111 972 2142 in

273 2160 416 2192 Eumen.
440 2160 628 2199 ‘separatis
650 2160 889 2201 temporibus‚'
911 2170 972 2202 pro

274 2209 428 2248 diversis,
447 2219 479 2250 p.
492 2212 565 2240 183.

316 2262 380 2290 469
403 2259 459 2290 Sic
477 2260 505 2290 si
526 2260 675 2291 destituat
692 2260 844 2300 Superum
866 2258 973 2300 pater]

274 2309 445 2341 Lucanus:
459 2310 469 2327 ‘
482 2309 617 2349 quando
632 2309 807 2350 pietasque
817 2309 970 2351 fidesque

273 2358 502 2399 Destitnunt‚’
524 2361 597 2389 105.
630 2360 761 2390 Seneca
777 2365 864 2390 cont.
882 2369 920 2391 ιι.
937 2362 968 2391 9.

272 2409 281 2424 ‘
295 2408 367 2439 sine
382 2418 486 2440 causa
498 2418 589 2448 saepe
604 2406 693 2448 fluit,
709 2413 743 2439 et
754 2409 826 2439 sine
838 2409 969 2440 ratione

274 2457 457 2490 destituit!
503 2459 663 2498 Propert.
683 2459 753 2489 ‘liis
768 2459 834 2490 vita
848 2460 969 2499 magis-

274 2508 335 2538 tris
358 2508 528 2539 Destituit
551 2517 679 2548 querna
695 2508 822 2547 pellere
848 2508 969 2548 glande

274 2557 422 2589 famem.'
464 2557 639 2589 ‚Iuvenalis
655 2558 754 2588 aliter
775 2568 874 2599 quam
899 2559 968 2589 vul-

275 2616 337 2645 go:
361 2608 370 2623 ‘
386 2606 455 2637 Hic
479 2606 537 2637 ubi
558 2610 733 2637 nocturnae
753 2607 865 2637 Numa
889 2617 967 2637 con-

275 2655 440 2687 stituebat
455 2655 597 2686 aniicae.’
623 2655 690 2686 Sed
705 2659 739 2686 et
755 2657 764 2672 ‘
778 2655 945 2686 destituat
959 2656 968 2670 '

275 2706 317 2736 ad
334 2706 446 2736 sidera
459 2705 578 2737 referri
594 2710 721 2746 potest,
743 2710 777 2736 et
797 2705 858 2735 hoc
875 2715 967 2736 resu-

275 2755 333 2795 mi,
351 2755 439 2796 quod
459 2755 670 2796 frequentius
700 2755 732 2785 in
762 2754 878 2795 lingua
907 2755 969 2786 La-

278 2806 358 2836 tina.

320 2858 381 2886 473
407 2856 596 2892 Redeantne,
626 2866 665 2887 an
689 2857 798 2897 pra’lia
825 2856 968 2897 firment.

1024 1759 1085 1791 Sed
1099 1760 1225 1791 redeant
1240 1758 1358 1800 potius]
1385 1759 1531 1799 Elegans
1554 1756 1721 1799 ἐπανόρθω-

1024 1820 1084 1841 σις.
1128 1810 1252 1841 Tibull.
1284 1819 1341 1842 ιιι.
1363 1810 1460 1840 ‘Sive
1491 1809 1554 1840 sibi
1584 1810 1720 1848 conjux,

1026 1860 1096 1891 sive
1110 1859 1223 1891 futura
1238 1870 1348 1891 soror:
1365 1860 1433 1891 Sed
1452 1859 1561 1900 potins
1577 1858 1724 1899 conjux!

1025 1912 1188 1952 Propert.
1206 1921 1245 1944 ιι.
1269 1913 1278 1929 ‘
1295 1913 1352 1944 Sic
1376 1912 1478 1952 igitur
1503 1911 1608 1952 prima
1619 1911 1720 1941 mori-

1025 1971 1083 1992 ere
1110 1967 1227 1997 aetate,
1262 1962 1437 2002 Properti,
1466 1961 1532 1992 Sed
1567 1959 1720 1991 morere.'

1025 2011 1129 2043 Ovid.
1148 2020 1199 2043 xr.
1218 2012 1359 2043 Metam.
1382 2015 1524 2042 ‘natura
1540 2009 1663 2049 factus,
1677 2019 1719 2040 an

1024 2067 1112 2100 arte,
1135 2061 1351 2101 Ambiguum,
1368 2061 1471 2101 magis
1488 2065 1559 2091 arte
1586 2058 1721 2091 tamen.’

1022 2111 1079 2142 Sic
1097 2111 1129 2141 in
1152 2112 1301 2142 carmine
1318 2111 1452 2150 Virgilii
1467 2110 1501 2140 in
1518 2109 1630 2142 Catal.
1642 2109 1721 2140 Sca-

1023 2161 1122 2202 liger.
1162 2163 1171 2179 ‘
1187 2162 1365 2193 Praeterea
1389 2161 1416 2192 si
1443 2169 1520 2192 vera
1549 2159 1645 2199 fides,
1659 2159 1719 2191 sed

1024 2221 1103 2243 vera
1127 2211 1312 2252 probatur!
1356 2211 1410 2242 Ita
1427 2210 1613 2242 Graculum
1636 2209 1721 2241 Del-

1027 2261 1163 2302 phicum
1194 2261 1235 2291 de
1266 2261 1448 2300 Lycurgo:
1485 2258 1567 2298 Δίζω
1592 2257 1629 2296 ἠὲ
1652 2258 1722 2290 θεὸν

1023 2310 1244 2350 μαντεύσομαι,
1260 2309 1295 2347 ἠὲ
1308 2309 1357 2340 καὶ
1369 2309 1474 2350 ἄνδρα,
1487 2309 1577 2340 Ἀλλ’
1600 2307 1648 2340 ἔτι
1669 2307 1721 2340 καὶ

1023 2361 1148 2399 μᾶλλον
1163 2359 1232 2391 θεὸν
1243 2358 1388 2398 ἔλπομαι.
1435 2359 1534 2392 Quod
1558 2364 1610 2390 est
1628 2358 1720 2399 apud

1025 2411 1192 2443 Galenum
1218 2412 1250 2442 in
1279 2411 1464 2442 hortatoria
1491 2410 1534 2441 ad
1566 2414 1658 2442 artes
1682 2419 1718 2450 p·

1023 2463 1055 2492 4.
1085 2465 1121 2491 et
1147 2460 1365 2492 Tliemistinm
1389 2459 1596 2500 Eriphi-aden
1620 2459 1720 2490 Orat-

1023 2519 1058 2541 v.
1089 2510 1347 2550 chrysostomus
1366 2508 1400 2539 in
1416 2508 1588 2540 Psalmum
1604 2510 1658 2539 44.
1683 2517 1718 2547 p.

1022 2561 1097 2590 771.
1119 2557 1215 2589 πάλιν
1230 2558 1314 2597 εἴπω,
1328 2556 1424 2588 πάλιν
1443 2556 1586 2594 λαλήσω,
1600 2555 1632 2587 τί
1647 2555 1719 2595 ὄφε-

1022 2614 1091 2648 λος,
1108 2607 1277 2646 μᾶλλονδὲ
1292 2607 1415 2648 ὄφελος,
1440 2608 1505 2638 &c.
1550 2605 1642 2636 Vide
1668 2606 1717 2637 in-

1022 2660 1149 2699 signem
1165 2659 1285 2690 locum.

1064 2710 1127 2739 477
1142 2708 1238 2740 Hunc
1249 2706 1378 2748 Scyrius
1389 2705 1496 2745 hospes
1510 2703 1639 2744 Servat]
1654 2704 1720 2744 Ly-

1022 2758 1190 2789 comedes.
1249 2756 1337 2788 Vide
1375 2754 1500 2796 Papim
1536 2754 1570 2786 in
1603 2753 1716 2787 Achil-

1023 2807 1125 2840 leide.
