<?xml version="1.0" encoding="UTF-8"?>
<!DOCTYPE html PUBLIC "-//W3C//DTD XHTML 1.0 Transitional//EN"
    "http://www.w3.org/TR/xhtml1/DTD/xhtml1-transitional.dtd">
<html xmlns="http://www.w3.org/1999/xhtml" xml:lang="en" lang="en">
 <head>
  <title>
</title>
<meta http-equiv="Content-Type" content="text/html;charset=utf-8" />
  <meta name='ocr-system' content='tesseract 3.04.00' />
  <meta name='ocr-capabilities' content='ocr_page ocr_carea ocr_par ocr_line ocrx_word'/>
</head>
<body>
  <div class='ocr_page' id='page_1' title='image "./dictyscretensise02dictuoft_0080.png"; bbox 0 0 1889 3194; ppageno 0'>
   <div class='ocr_carea' id='block_1_1' title="bbox 257 332 342 374">
    <p class='ocr_par' dir='ltr' id='par_1_1' title="bbox 257 332 342 374">
     <span class='ocr_line' id='line_1_1' title="bbox 257 332 342 374; baseline 0.012 -1"><span class='ocrx_word' id='word_1_1' title='bbox 257 332 342 374; x_wconf 77' lang='lat'>424</span> 
     </span>
    </p>
   </div>
   <div class='ocr_carea' id='block_1_2' title="bbox 779 340 1181 372">
    <p class='ocr_par' dir='ltr' id='par_1_2' title="bbox 779 340 1181 372">
     <span class='ocr_line' id='line_1_2' title="bbox 779 340 1181 372; baseline -0.005 0"><span class='ocrx_word' id='word_1_2' title='bbox 779 341 981 372; x_wconf 74' lang='lat' dir='ltr'>JOSEPH!</span> <span class='ocrx_word' id='word_1_3' title='bbox 1016 340 1181 371; x_wconf 79' lang='lat' dir='ltr'>lscANl</span> 
     </span>
    </p>
   </div>
   <div class='ocr_carea' id='block_1_3' title="bbox 258 433 1376 557">
    <p class='ocr_par' dir='ltr' id='par_1_3' title="bbox 258 433 1376 557">
     <span class='ocr_line' id='line_1_3' title="bbox 258 433 1362 488; baseline -0.005 -9"><span class='ocrx_word' id='word_1_4' title='bbox 258 437 288 479; x_wconf 87' lang='lat' dir='ltr'><strong>J</strong></span> <span class='ocrx_word' id='word_1_5' title='bbox 293 436 459 478; x_wconf 90' lang='lat' dir='ltr'>uvisset</span> <span class='ocrx_word' id='word_1_6' title='bbox 475 448 672 487; x_wconf 87' lang='lat' dir='ltr'>numero,</span> <span class='ocrx_word' id='word_1_7' title='bbox 693 435 863 486; x_wconf 88' lang='lat' dir='ltr'>saltem,</span> <span class='ocrx_word' id='word_1_8' title='bbox 883 434 1147 488; x_wconf 85' lang='lat' dir='ltr'><strong>propiorque</strong></span> <span class='ocrx_word' id='word_1_9' title='bbox 1172 433 1362 475; x_wconf 80' lang='lat' dir='ltr'><strong>stetisset</strong></span> 
     </span>
     <span class='ocr_line' id='line_1_4' title="bbox 259 500 1376 557; baseline -0.004 -13"><span class='ocrx_word' id='word_1_10' title='bbox 259 504 352 545; x_wconf 92' lang='lat' dir='ltr'>Pro</span> <span class='ocrx_word' id='word_1_11' title='bbox 373 503 558 557; x_wconf 82' lang='lat' dir='ltr'>sceptris</span> <span class='ocrx_word' id='word_1_12' title='bbox 577 506 741 544; x_wconf 88' lang='lat' dir='ltr'>armata</span> <span class='ocrx_word' id='word_1_13' title='bbox 760 502 877 543; x_wconf 90' lang='lat' dir='ltr'>suis!</span> <span class='ocrx_word' id='word_1_14' title='bbox 901 500 997 554; x_wconf 86' lang='lat' dir='ltr'>jam</span> <span class='ocrx_word' id='word_1_15' title='bbox 1015 512 1141 553; x_wconf 89' lang='lat' dir='ltr'>paene</span> <span class='ocrx_word' id='word_1_16' title='bbox 1162 513 1376 553; x_wconf 90' lang='lat' dir='ltr'>supernos</span> 
     </span>
    </p>
   </div>
   <div class='ocr_carea' id='block_1_4' title="bbox 257 567 1461 623">
    <p class='ocr_par' dir='ltr' id='par_1_4' title="bbox 257 567 1461 623">
     <span class='ocr_line' id='line_1_5' title="bbox 257 567 1461 623; baseline -0.002 -11"><span class='ocrx_word' id='word_1_17' title='bbox 257 570 541 623; x_wconf 84' lang='lat' dir='ltr'>Persephone</span> <span class='ocrx_word' id='word_1_18' title='bbox 563 568 795 618; x_wconf 84' lang='lat' dir='ltr'><strong>thalamos,</strong></span> <span class='ocrx_word' id='word_1_19' title='bbox 821 568 971 609; x_wconf 89' lang='lat' dir='ltr'>Ditem</span> <span class='ocrx_word' id='word_1_20' title='bbox 993 567 1233 619; x_wconf 86' lang='lat' dir='ltr'>complexa</span> <span class='ocrx_word' id='word_1_21' title='bbox 1253 568 1432 609; x_wconf 88' lang='lat' dir='ltr'>tenebat</span> <span class='ocrx_word' id='word_1_22' title='bbox 1451 581 1461 609; x_wconf 92' lang='lat'>:</span> 
     </span>
    </p>
   </div>
   <div class='ocr_carea' id='block_1_5' title="bbox 1613 568 1702 610">
    <p class='ocr_par' dir='ltr' id='par_1_5' title="bbox 1613 568 1702 610">
     <span class='ocr_line' id='line_1_6' title="bbox 1613 568 1702 610; baseline 0.011 -1"><span class='ocrx_word' id='word_1_23' title='bbox 1613 568 1702 610; x_wconf 82' lang='lat'>380</span> 
     </span>
    </p>
   </div>
   <div class='ocr_carea' id='block_1_6' title="bbox 257 633 1408 753">
    <p class='ocr_par' dir='ltr' id='par_1_6' title="bbox 257 633 1408 753">
     <span class='ocr_line' id='line_1_7' title="bbox 259 633 1388 687; baseline -0.003 -9"><span class='ocrx_word' id='word_1_24' title='bbox 259 637 372 678; x_wconf 85' lang='lat' dir='ltr'>Cum</span> <span class='ocrx_word' id='word_1_25' title='bbox 392 636 563 678; x_wconf 89' lang='lat' dir='ltr'>tandem</span> <span class='ocrx_word' id='word_1_26' title='bbox 580 636 792 678; x_wconf 83' lang='lat' dir='ltr'>exsiliens</span> <span class='ocrx_word' id='word_1_27' title='bbox 812 633 994 687; x_wconf 83' lang='lat' dir='ltr'>trepidis</span> <span class='ocrx_word' id='word_1_28' title='bbox 1015 633 1222 674; x_wconf 85' lang='lat' dir='ltr'>Saturnia</span> <span class='ocrx_word' id='word_1_29' title='bbox 1238 634 1388 675; x_wconf 87' lang='lat' dir='ltr'>stratis</span> 
     </span>
     <span class='ocr_line' id='line_1_8' title="bbox 257 699 1408 753; baseline -0.003 -9"><span class='ocrx_word' id='word_1_30' title='bbox 257 703 521 745; x_wconf 83' lang='lat' dir='ltr'>Exclamat:</span> <span class='ocrx_word' id='word_1_31' title='bbox 551 703 721 753; x_wconf 87' lang='lat' dir='ltr'>Pallas,</span> <span class='ocrx_word' id='word_1_32' title='bbox 741 701 910 750; x_wconf 81' lang='lat' dir='ltr'>Pallas,</span> <span class='ocrx_word' id='word_1_33' title='bbox 930 700 1039 753; x_wconf 84' lang='lat' dir='ltr'>proh</span> <span class='ocrx_word' id='word_1_34' title='bbox 1062 699 1177 741; x_wconf 83' lang='lat' dir='ltr'>fata!</span> <span class='ocrx_word' id='word_1_35' title='bbox 1199 701 1408 742; x_wconf 67' lang='lat' dir='ltr'>moraris?</span> 
     </span>
    </p>
   </div>
   <div class='ocr_carea' id='block_1_7' title="bbox 257 770 485 812">
    <p class='ocr_par' dir='ltr' id='par_1_7' title="bbox 257 770 485 812">
     <span class='ocr_line' id='line_1_9' title="bbox 257 770 485 812; baseline -0.004 -1"><span class='ocrx_word' id='word_1_36' title='bbox 257 770 485 812; x_wconf 88' lang='lat' dir='ltr'>Pellimur.</span> 
     </span>
    </p>
   </div>
   <div class='ocr_carea' id='block_1_8' title="bbox 551 765 1401 818">
    <p class='ocr_par' dir='ltr' id='par_1_8' title="bbox 551 765 1401 818">
     <span class='ocr_line' id='line_1_10' title="bbox 551 765 1401 818; baseline -0.006 -7"><span class='ocrx_word' id='word_1_37' title='bbox 551 770 755 818; x_wconf 85' lang='lat' dir='ltr'>Accessi,</span> <span class='ocrx_word' id='word_1_38' title='bbox 775 767 912 808; x_wconf 87' lang='lat' dir='ltr'>sensit</span> <span class='ocrx_word' id='word_1_39' title='bbox 930 766 1126 808; x_wconf 86' lang='lat' dir='ltr'>valuisse</span> <span class='ocrx_word' id='word_1_40' title='bbox 1146 765 1401 817; x_wconf 85' lang='lat' dir='ltr'>Medusam,</span> 
     </span>
    </p>
   </div>
   <div class='ocr_carea' id='block_1_9' title="bbox 256 832 1701 1219">
    <p class='ocr_par' dir='ltr' id='par_1_9' title="bbox 258 832 1484 890">
     <span class='ocr_line' id='line_1_11' title="bbox 258 832 1484 890; baseline -0.003 -12"><span class='ocrx_word' id='word_1_41' title='bbox 258 835 623 890; x_wconf 86' lang='lat' dir='ltr'>Gorgoneamque</span> <span class='ocrx_word' id='word_1_42' title='bbox 646 836 802 884; x_wconf 84' lang='lat' dir='ltr'>Deam,</span> <span class='ocrx_word' id='word_1_43' title='bbox 817 834 954 875; x_wconf 89' lang='lat' dir='ltr'>sensit</span> <span class='ocrx_word' id='word_1_44' title='bbox 974 832 1097 886; x_wconf 89' lang='lat' dir='ltr'>quod</span> <span class='ocrx_word' id='word_1_45' title='bbox 1115 832 1311 886; x_wconf 87' lang='lat' dir='ltr'>fulgurat</span> <span class='ocrx_word' id='word_1_46' title='bbox 1330 845 1484 874; x_wconf 91' lang='lat' dir='ltr'>aurum</span> 
     </span>
    </p>

    <p class='ocr_par' dir='ltr' id='par_1_10' title="bbox 256 899 1701 1153">
     <span class='ocr_line' id='line_1_12' title="bbox 256 899 1701 957; baseline -0.001 -13"><span class='ocrx_word' id='word_1_47' title='bbox 256 902 369 944; x_wconf 87' lang='lat' dir='ltr'>Plus</span> <span class='ocrx_word' id='word_1_48' title='bbox 389 903 623 957; x_wconf 83' lang='lat' dir='ltr'>splendore</span> <span class='ocrx_word' id='word_1_49' title='bbox 642 906 818 956; x_wconf 87' lang='lat' dir='ltr'>potens,</span> <span class='ocrx_word' id='word_1_50' title='bbox 834 913 934 942; x_wconf 88' lang='lat' dir='ltr'>cum</span> <span class='ocrx_word' id='word_1_51' title='bbox 956 900 1132 949; x_wconf 87' lang='lat' dir='ltr'>coelum,</span> <span class='ocrx_word' id='word_1_52' title='bbox 1151 904 1342 953; x_wconf 90' lang='lat' dir='ltr'>sceptra,</span> <span class='ocrx_word' id='word_1_53' title='bbox 1364 900 1558 941; x_wconf 80' lang='lat' dir='ltr'>Penates</span> <span class='ocrx_word' id='word_1_54' title='bbox 1615 899 1701 942; x_wconf 86' lang='lat'>385</span> 
     </span>
     <span class='ocr_line' id='line_1_13' title="bbox 258 966 1502 1022; baseline -0.002 -11"><span class='ocrx_word' id='word_1_55' title='bbox 258 969 550 1011; x_wconf 87' lang='lat' dir='ltr'>Reddidimus</span> <span class='ocrx_word' id='word_1_56' title='bbox 571 969 767 1022; x_wconf 79' lang='lat' dir='ltr'>trepidae.</span> <span class='ocrx_word' id='word_1_57' title='bbox 823 968 893 1009; x_wconf 89' lang='lat' dir='ltr'>Sit</span> <span class='ocrx_word' id='word_1_58' title='bbox 912 979 1028 1008; x_wconf 89' lang='lat' dir='ltr'>nunc</span> <span class='ocrx_word' id='word_1_59' title='bbox 1048 967 1232 1019; x_wconf 86' lang='lat' dir='ltr'>ingrata,</span> <span class='ocrx_word' id='word_1_60' title='bbox 1254 967 1313 1008; x_wconf 88' lang='lat' dir='ltr'>sit</span> <span class='ocrx_word' id='word_1_61' title='bbox 1331 966 1502 1008; x_wconf 87' lang='lat' dir='ltr'>hostis:</span> 
     </span>
     <span class='ocr_line' id='line_1_14' title="bbox 257 1033 1672 1090; baseline -0.001 -13"><span class='ocrx_word' id='word_1_62' title='bbox 257 1036 468 1077; x_wconf 89' lang='lat' dir='ltr'>Nostrum</span> <span class='ocrx_word' id='word_1_63' title='bbox 488 1040 558 1077; x_wconf 91' lang='lat' dir='ltr'>est</span> <span class='ocrx_word' id='word_1_64' title='bbox 579 1035 697 1090; x_wconf 92' lang='lat' dir='ltr'>quod</span> <span class='ocrx_word' id='word_1_65' title='bbox 718 1040 884 1088; x_wconf 86' lang='lat' dir='ltr'>regnat,</span> <span class='ocrx_word' id='word_1_66' title='bbox 906 1039 1104 1075; x_wconf 88' lang='lat' dir='ltr'>nostrum</span> <span class='ocrx_word' id='word_1_67' title='bbox 1125 1033 1241 1086; x_wconf 93' lang='lat' dir='ltr'>quod</span> <span class='ocrx_word' id='word_1_68' title='bbox 1263 1046 1362 1074; x_wconf 92' lang='lat' dir='ltr'>cum</span> <span class='ocrx_word' id='word_1_69' title='bbox 1381 1033 1495 1075; x_wconf 84' lang='lat' dir='ltr'>Jove</span> <span class='ocrx_word' id='word_1_70' title='bbox 1515 1046 1672 1075; x_wconf 90' lang='lat' dir='ltr'>somno</span> 
     </span>
     <span class='ocr_line' id='line_1_15' title="bbox 257 1099 1293 1153; baseline -0.004 -10"><span class='ocrx_word' id='word_1_71' title='bbox 257 1103 423 1144; x_wconf 91' lang='lat' dir='ltr'>Securo</span> <span class='ocrx_word' id='word_1_72' title='bbox 443 1102 610 1144; x_wconf 84' lang='lat' dir='ltr'>fruitur.</span> <span class='ocrx_word' id='word_1_73' title='bbox 653 1102 716 1144; x_wconf 89' lang='lat' dir='ltr'>At</span> <span class='ocrx_word' id='word_1_74' title='bbox 734 1114 880 1143; x_wconf 89' lang='lat' dir='ltr'>curam</span> <span class='ocrx_word' id='word_1_75' title='bbox 900 1100 1088 1142; x_wconf 89' lang='lat' dir='ltr'>imbellis</span> <span class='ocrx_word' id='word_1_76' title='bbox 1111 1099 1293 1153; x_wconf 89' lang='lat' dir='ltr'>Olympi</span> 
     </span>
    </p>

    <p class='ocr_par' dir='ltr' id='par_1_11' title="bbox 256 1166 1337 1219">
     <span class='ocr_line' id='line_1_16' title="bbox 256 1166 1337 1219; baseline -0.004 -9"><span class='ocrx_word' id='word_1_77' title='bbox 256 1169 371 1210; x_wconf 91' lang='lat' dir='ltr'>Cum</span> <span class='ocrx_word' id='word_1_78' title='bbox 391 1169 521 1219; x_wconf 91' lang='lat' dir='ltr'>subii,</span> <span class='ocrx_word' id='word_1_79' title='bbox 545 1174 647 1210; x_wconf 90' lang='lat' dir='ltr'>tunc</span> <span class='ocrx_word' id='word_1_80' title='bbox 668 1169 788 1210; x_wconf 91' lang='lat' dir='ltr'>Diva</span> <span class='ocrx_word' id='word_1_81' title='bbox 807 1168 886 1218; x_wconf 85' lang='lat' dir='ltr'>fui,</span> <span class='ocrx_word' id='word_1_82' title='bbox 905 1173 1010 1209; x_wconf 90' lang='lat' dir='ltr'>tunc</span> <span class='ocrx_word' id='word_1_83' title='bbox 1031 1166 1150 1208; x_wconf 88' lang='lat' dir='ltr'>dicta</span> <span class='ocrx_word' id='word_1_84' title='bbox 1169 1166 1337 1219; x_wconf 82' lang='lat' dir='ltr'>virago.</span> 
     </span>
    </p>
   </div>
   <div class='ocr_carea' id='block_1_10' title="bbox 254 1233 1308 1290">
    <p class='ocr_par' dir='ltr' id='par_1_12' title="bbox 254 1233 1308 1290">
     <span class='ocr_line' id='line_1_17' title="bbox 254 1233 1308 1290; baseline -0.005 -13"><span class='ocrx_word' id='word_1_85' title='bbox 254 1234 370 1285; x_wconf 90' lang='lat' dir='ltr'>Vos,</span> <span class='ocrx_word' id='word_1_86' title='bbox 390 1235 565 1290; x_wconf 88' lang='lat' dir='ltr'>Superi,</span> <span class='ocrx_word' id='word_1_87' title='bbox 585 1239 734 1286; x_wconf 88' lang='lat' dir='ltr'>testor,</span> <span class='ocrx_word' id='word_1_88' title='bbox 751 1236 926 1289; x_wconf 87' lang='lat' dir='ltr'>quantis</span> <span class='ocrx_word' id='word_1_89' title='bbox 945 1233 1167 1276; x_wconf 88' lang='lat' dir='ltr'>sudaverit</span> <span class='ocrx_word' id='word_1_90' title='bbox 1186 1233 1308 1274; x_wconf 87' lang='lat' dir='ltr'>ausis</span> 
     </span>
    </p>
   </div>
   <div class='ocr_carea' id='block_1_11' title="bbox 1617 1235 1703 1277">
    <p class='ocr_par' dir='ltr' id='par_1_13' title="bbox 1617 1235 1703 1277">
     <span class='ocr_line' id='line_1_18' title="bbox 1617 1235 1703 1277; baseline 0 0"><span class='ocrx_word' id='word_1_91' title='bbox 1617 1235 1703 1277; x_wconf 84' lang='lat'>390</span> 
     </span>
    </p>
   </div>
   <div class='ocr_carea' id='block_1_12' title="bbox 253 1302 1613 1557">
    <p class='ocr_par' dir='ltr' id='par_1_14' title="bbox 255 1302 1613 1423">
     <span class='ocr_line' id='line_1_19' title="bbox 255 1302 1613 1361; baseline 0.001 -18"><span class='ocrx_word' id='word_1_92' title='bbox 255 1302 361 1343; x_wconf 91' lang='lat' dir='ltr'>Hoc</span> <span class='ocrx_word' id='word_1_93' title='bbox 377 1306 525 1356; x_wconf 90' lang='lat' dir='ltr'>caput,</span> <span class='ocrx_word' id='word_1_94' title='bbox 544 1302 629 1344; x_wconf 93' lang='lat' dir='ltr'>hoc</span> <span class='ocrx_word' id='word_1_95' title='bbox 650 1308 811 1356; x_wconf 90' lang='lat' dir='ltr'>pectus</span> <span class='ocrx_word' id='word_1_96' title='bbox 832 1307 1046 1352; x_wconf 87' lang='lat' dir='ltr'>nostrum,</span> <span class='ocrx_word' id='word_1_97' title='bbox 1063 1305 1139 1361; x_wconf 89' lang='lat' dir='ltr'>(ac</span> <span class='ocrx_word' id='word_1_98' title='bbox 1160 1307 1350 1348; x_wconf 88' lang='lat' dir='ltr'>ostendit</span> <span class='ocrx_word' id='word_1_99' title='bbox 1369 1306 1613 1358; x_wconf 86' lang='lat' dir='ltr'>utrumque,</span> 
     </span>
     <span class='ocr_line' id='line_1_20' title="bbox 256 1368 1492 1423; baseline 0.002 -13"><span class='ocrx_word' id='word_1_100' title='bbox 256 1368 426 1411; x_wconf 89' lang='lat' dir='ltr'>Coelum</span> <span class='ocrx_word' id='word_1_101' title='bbox 447 1369 732 1423; x_wconf 89' lang='lat' dir='ltr'>suspiciens,)</span> <span class='ocrx_word' id='word_1_102' title='bbox 753 1370 895 1423; x_wconf 90' lang='lat' dir='ltr'>pudor</span> <span class='ocrx_word' id='word_1_103' title='bbox 914 1371 1000 1421; x_wconf 89' lang='lat' dir='ltr'>hic,</span> <span class='ocrx_word' id='word_1_104' title='bbox 1020 1372 1094 1414; x_wconf 92' lang='lat' dir='ltr'>hic</span> <span class='ocrx_word' id='word_1_105' title='bbox 1116 1373 1306 1415; x_wconf 87' lang='lat' dir='ltr'>cassidis</span> <span class='ocrx_word' id='word_1_106' title='bbox 1327 1374 1492 1422; x_wconf 87' lang='lat' dir='ltr'>horror,</span> 
     </span>
    </p>

    <p class='ocr_par' dir='ltr' id='par_1_15' title="bbox 253 1436 1420 1557">
     <span class='ocr_line' id='line_1_21' title="bbox 255 1436 1420 1491; baseline 0.004 -15"><span class='ocrx_word' id='word_1_107' title='bbox 255 1436 312 1477; x_wconf 91' lang='lat' dir='ltr'>Et</span> <span class='ocrx_word' id='word_1_108' title='bbox 330 1448 495 1489; x_wconf 86' lang='lat' dir='ltr'>parmae</span> <span class='ocrx_word' id='word_1_109' title='bbox 517 1449 649 1489; x_wconf 91' lang='lat' dir='ltr'>quam</span> <span class='ocrx_word' id='word_1_110' title='bbox 669 1436 698 1477; x_wconf 89' lang='lat' dir='ltr'><strong>J</strong></span> <span class='ocrx_word' id='word_1_111' title='bbox 704 1449 788 1477; x_wconf 89' lang='lat' dir='ltr'>uno</span> <span class='ocrx_word' id='word_1_112' title='bbox 808 1441 932 1478; x_wconf 86' lang='lat' dir='ltr'>notat</span> <span class='ocrx_word' id='word_1_113' title='bbox 949 1451 959 1479; x_wconf 77' lang='lat' dir='ltr'>t</span> <span class='ocrx_word' id='word_1_114' title='bbox 997 1440 1205 1491; x_wconf 87' lang='lat' dir='ltr'>genuitne</span> <span class='ocrx_word' id='word_1_115' title='bbox 1225 1445 1420 1482; x_wconf 88' lang='lat' dir='ltr'>cerastas</span> 
     </span>
     <span class='ocr_line' id='line_1_22' title="bbox 253 1502 1237 1557; baseline 0.004 -13"><span class='ocrx_word' id='word_1_116' title='bbox 253 1502 428 1556; x_wconf 86' lang='lat' dir='ltr'>Jupiter</span> <span class='ocrx_word' id='word_1_117' title='bbox 443 1504 462 1543; x_wconf 69' lang='grc' dir='ltr'>’ἕ</span> <span class='ocrx_word' id='word_1_118' title='bbox 494 1503 692 1544; x_wconf 89' lang='lat' dir='ltr'>advertat</span> <span class='ocrx_word' id='word_1_119' title='bbox 711 1504 839 1557; x_wconf 88' lang='lat' dir='ltr'>cujus</span> <span class='ocrx_word' id='word_1_120' title='bbox 856 1505 1058 1547; x_wconf 89' lang='lat' dir='ltr'>convicia</span> <span class='ocrx_word' id='word_1_121' title='bbox 1075 1509 1237 1548; x_wconf 86' lang='lat' dir='ltr'>tractat</span> 
     </span>
    </p>
   </div>
   <div class='ocr_carea' id='block_1_13' title="bbox 255 1569 1447 1627">
    <p class='ocr_par' dir='ltr' id='par_1_16' title="bbox 255 1569 1447 1627">
     <span class='ocr_line' id='line_1_23' title="bbox 255 1569 1447 1627; baseline 0.003 -18"><span class='ocrx_word' id='word_1_122' title='bbox 255 1569 376 1610; x_wconf 90' lang='lat' dir='ltr'>Diva</span> <span class='ocrx_word' id='word_1_123' title='bbox 392 1582 573 1619; x_wconf 89' lang='lat' dir='ltr'>memor,</span> <span class='ocrx_word' id='word_1_124' title='bbox 588 1575 829 1624; x_wconf 84' lang='lat' dir='ltr'>parcatque</span> <span class='ocrx_word' id='word_1_125' title='bbox 844 1572 937 1612; x_wconf 91' lang='lat' dir='ltr'>suis</span> <span class='ocrx_word' id='word_1_126' title='bbox 955 1584 965 1612; x_wconf 77' lang='lat' dir='ltr'>z</span> <span class='ocrx_word' id='word_1_127' title='bbox 995 1573 1110 1626; x_wconf 88' lang='lat' dir='ltr'>parit</span> <span class='ocrx_word' id='word_1_128' title='bbox 1128 1573 1206 1614; x_wconf 90' lang='lat' dir='ltr'>illa</span> <span class='ocrx_word' id='word_1_129' title='bbox 1224 1576 1447 1627; x_wconf 90' lang='lat' dir='ltr'>potentem</span> 
     </span>
    </p>
   </div>
   <div class='ocr_carea' id='block_1_14' title="bbox 1616 1571 1703 1613">
    <p class='ocr_par' dir='ltr' id='par_1_17' title="bbox 1616 1571 1703 1613">
     <span class='ocr_line' id='line_1_24' title="bbox 1616 1571 1703 1613; baseline -0.011 0"><span class='ocrx_word' id='word_1_130' title='bbox 1616 1571 1703 1613; x_wconf 85' lang='lat'>395</span> 
     </span>
    </p>
   </div>
   <div class='ocr_carea' id='block_1_15' title="bbox 254 1635 1490 1891">
    <p class='ocr_par' dir='ltr' id='par_1_18' title="bbox 254 1635 1490 1757">
     <span class='ocr_line' id='line_1_25' title="bbox 254 1635 1490 1693; baseline 0.002 -18"><span class='ocrx_word' id='word_1_131' title='bbox 254 1635 521 1686; x_wconf 90' lang='lat' dir='ltr'>Vulcanum,</span> <span class='ocrx_word' id='word_1_132' title='bbox 540 1637 772 1689; x_wconf 86' lang='lat' dir='ltr'>pariatque</span> <span class='ocrx_word' id='word_1_133' title='bbox 793 1638 951 1679; x_wconf 86' lang='lat' dir='ltr'>velim:</span> <span class='ocrx_word' id='word_1_134' title='bbox 982 1651 1073 1680; x_wconf 91' lang='lat' dir='ltr'>non</span> <span class='ocrx_word' id='word_1_135' title='bbox 1092 1639 1211 1693; x_wconf 92' lang='lat' dir='ltr'>quod</span> <span class='ocrx_word' id='word_1_136' title='bbox 1232 1639 1345 1692; x_wconf 89' lang='lat' dir='ltr'>pede</span> <span class='ocrx_word' id='word_1_137' title='bbox 1364 1638 1490 1680; x_wconf 91' lang='lat' dir='ltr'>molli</span> 
     </span>
     <span class='ocr_line' id='line_1_26' title="bbox 256 1701 1335 1757; baseline 0.003 -15"><span class='ocrx_word' id='word_1_138' title='bbox 256 1701 440 1751; x_wconf 84' lang='lat' dir='ltr'>Militat,</span> <span class='ocrx_word' id='word_1_139' title='bbox 461 1702 653 1753; x_wconf 91' lang='lat' dir='ltr'>invideo,</span> <span class='ocrx_word' id='word_1_140' title='bbox 675 1703 871 1745; x_wconf 90' lang='lat' dir='ltr'>nectitve</span> <span class='ocrx_word' id='word_1_141' title='bbox 892 1705 1013 1757; x_wconf 92' lang='lat' dir='ltr'>quod</span> <span class='ocrx_word' id='word_1_142' title='bbox 1030 1709 1118 1746; x_wconf 90' lang='lat' dir='ltr'>arte</span> <span class='ocrx_word' id='word_1_143' title='bbox 1138 1710 1335 1746; x_wconf 86' lang='lat' dir='ltr'>catenas.</span> 
     </span>
    </p>

    <p class='ocr_par' dir='ltr' id='par_1_19' title="bbox 256 1767 1303 1824">
     <span class='ocr_line' id='line_1_27' title="bbox 256 1767 1303 1824; baseline 0.005 -16"><span class='ocrx_word' id='word_1_144' title='bbox 256 1767 332 1809; x_wconf 91' lang='lat' dir='ltr'>Sic</span> <span class='ocrx_word' id='word_1_145' title='bbox 353 1768 485 1818; x_wconf 86' lang='lat' dir='ltr'>fatur,</span> <span class='ocrx_word' id='word_1_146' title='bbox 507 1768 813 1824; x_wconf 89' lang='lat' dir='ltr'>Veneremque</span> <span class='ocrx_word' id='word_1_147' title='bbox 834 1771 1014 1824; x_wconf 91' lang='lat' dir='ltr'>obliquo</span> <span class='ocrx_word' id='word_1_148' title='bbox 1034 1771 1126 1824; x_wconf 89' lang='lat' dir='ltr'>figit</span> <span class='ocrx_word' id='word_1_149' title='bbox 1145 1772 1303 1821; x_wconf 84' lang='lat' dir='ltr'>ocello,</span> 
     </span>
    </p>

    <p class='ocr_par' dir='ltr' id='par_1_20' title="bbox 258 1833 1351 1891">
     <span class='ocr_line' id='line_1_28' title="bbox 258 1833 1351 1891; baseline 0.003 -16"><span class='ocrx_word' id='word_1_150' title='bbox 258 1833 407 1888; x_wconf 86' lang='lat' dir='ltr'>Atque</span> <span class='ocrx_word' id='word_1_151' title='bbox 427 1835 550 1877; x_wconf 87' lang='lat' dir='ltr'>iterat</span> <span class='ocrx_word' id='word_1_152' title='bbox 571 1849 581 1877; x_wconf 92' lang='lat'>:</span> <span class='ocrx_word' id='word_1_153' title='bbox 624 1836 717 1877; x_wconf 90' lang='lat' dir='ltr'>Res</span> <span class='ocrx_word' id='word_1_154' title='bbox 738 1850 764 1877; x_wconf 95' lang='lat' dir='ltr'>o</span> <span class='ocrx_word' id='word_1_155' title='bbox 787 1842 939 1878; x_wconf 90' lang='lat' dir='ltr'>vatum</span> <span class='ocrx_word' id='word_1_156' title='bbox 959 1837 1218 1891; x_wconf 86' lang='lat' dir='ltr'>dignissima</span> <span class='ocrx_word' id='word_1_157' title='bbox 1238 1838 1351 1887; x_wconf 91' lang='lat' dir='ltr'>visu,</span> 
     </span>
    </p>
   </div>
   <div class='ocr_carea' id='block_1_16' title="bbox 852 1960 1095 1974">
    <p class='ocr_par' dir='ltr' id='par_1_21' title="bbox 852 1960 1095 1974">
     <span class='ocr_line' id='line_1_29' title="bbox 852 1960 1095 1974; baseline 0.004 -1"><span class='ocrx_word' id='word_1_158' title='bbox 852 1960 1095 1974; x_wconf 56' lang='lat' dir='ltr'>Oeomaetreaee</span> 
     </span>
    </p>
   </div>
   <div class='ocr_carea' id='block_1_17' title="bbox 296 2023 1700 2066">
    <p class='ocr_par' dir='ltr' id='par_1_22' title="bbox 296 2023 1700 2066">
     <span class='ocr_line' id='line_1_30' title="bbox 296 2023 1700 2066; baseline 0.003 -12"><span class='ocrx_word' id='word_1_159' title='bbox 296 2026 357 2055; x_wconf 77' lang='grc'>377</span> <span class='ocrx_word' id='word_1_160' title='bbox 384 2023 478 2054; x_wconf 78' lang='lat' dir='ltr'>Nunc</span> <span class='ocrx_word' id='word_1_161' title='bbox 502 2024 557 2054; x_wconf 87' lang='lat' dir='ltr'>ed.</span> <span class='ocrx_word' id='word_1_162' title='bbox 580 2024 684 2055; x_wconf 84' lang='lat' dir='ltr'>Basil.</span> <span class='ocrx_word' id='word_1_163' title='bbox 707 2027 782 2055; x_wconf 79' lang='lat' dir='ltr'>tunc</span> <span class='ocrx_word' id='word_1_164' title='bbox 807 2024 979 2065; x_wconf 88' lang='lat' dir='ltr'>Spondan.</span> <span class='ocrx_word' id='word_1_165' title='bbox 1001 2031 1037 2057; x_wconf 88' lang='lat' dir='ltr'>et</span> <span class='ocrx_word' id='word_1_166' title='bbox 1062 2026 1260 2058; x_wconf 66' lang='lat' dir='ltr'>Mon—390</span> <span class='ocrx_word' id='word_1_167' title='bbox 1289 2026 1349 2058; x_wconf 85' lang='lat' dir='ltr'>Vos</span> <span class='ocrx_word' id='word_1_168' title='bbox 1365 2026 1500 2066; x_wconf 73' lang='lat' dir='ltr'>Superos</span> <span class='ocrx_word' id='word_1_169' title='bbox 1525 2025 1700 2066; x_wconf 85' lang='lat' dir='ltr'>Spondan.</span> 
     </span>
    </p>
   </div>
   <div class='ocr_carea' id='block_1_18' title="bbox 256 2065 796 2106">
    <p class='ocr_par' dir='ltr' id='par_1_23' title="bbox 256 2065 796 2106">
     <span class='ocr_line' id='line_1_31' title="bbox 256 2065 796 2106; baseline 0.002 -9"><span class='ocrx_word' id='word_1_170' title='bbox 256 2071 288 2098; x_wconf 79' lang='lat' dir='ltr'>et</span> <span class='ocrx_word' id='word_1_171' title='bbox 303 2066 390 2098; x_wconf 81' lang='lat' dir='ltr'>Mor.</span> <span class='ocrx_word' id='word_1_172' title='bbox 413 2066 474 2097; x_wconf 86' lang='lat' dir='ltr'>Vos</span> <span class='ocrx_word' id='word_1_173' title='bbox 489 2065 603 2106; x_wconf 83' lang='lat' dir='ltr'>Superi</span> <span class='ocrx_word' id='word_1_174' title='bbox 620 2066 675 2097; x_wconf 87' lang='lat' dir='ltr'>ed.</span> <span class='ocrx_word' id='word_1_175' title='bbox 692 2066 796 2098; x_wconf 80' lang='lat' dir='ltr'>Basu.</span> 
     </span>
    </p>
   </div>
   <div class='ocr_carea' id='block_1_19' title="bbox 904 2141 1051 2173">
    <p class='ocr_par' dir='ltr' id='par_1_24' title="bbox 904 2141 1051 2173">
     <span class='ocr_line' id='line_1_32' title="bbox 904 2141 1051 2173; baseline -0.007 0"><span class='ocrx_word' id='word_1_176' title='bbox 904 2141 1051 2173; x_wconf 84' lang='lat' dir='ltr'>NOTAE</span> 
     </span>
    </p>
   </div>
   <div class='ocr_carea' id='block_1_20' title="bbox 253 2213 952 2853">
    <p class='ocr_par' dir='ltr' id='par_1_25' title="bbox 256 2213 949 2304">
     <span class='ocr_line' id='line_1_33' title="bbox 298 2213 949 2255; baseline 0 -9"><span class='ocrx_word' id='word_1_177' title='bbox 298 2218 360 2246; x_wconf 80' lang='lat'>384</span> <span class='ocrx_word' id='word_1_178' title='bbox 377 2214 481 2246; x_wconf 82' lang='lat' dir='ltr'>Sensit</span> <span class='ocrx_word' id='word_1_179' title='bbox 495 2215 574 2255; x_wconf 76' lang='lat' dir='ltr'>quod</span> <span class='ocrx_word' id='word_1_180' title='bbox 575 2215 725 2253; x_wconf 78' lang='lat' dir='ltr'>fulgurat</span> <span class='ocrx_word' id='word_1_181' title='bbox 740 2213 865 2254; x_wconf 82' lang='lat' dir='ltr'>aurum]</span> <span class='ocrx_word' id='word_1_182' title='bbox 883 2214 949 2246; x_wconf 87' lang='lat' dir='ltr'>Re-</span> 
     </span>
     <span class='ocr_line' id='line_1_34' title="bbox 256 2264 901 2304; baseline -0.003 -8"><span class='ocrx_word' id='word_1_183' title='bbox 256 2265 309 2296; x_wconf 85' lang='lat' dir='ltr'>fer</span> <span class='ocrx_word' id='word_1_184' title='bbox 322 2265 363 2296; x_wconf 87' lang='lat' dir='ltr'>ad</span> <span class='ocrx_word' id='word_1_185' title='bbox 378 2264 521 2297; x_wconf 58' lang='lat' dir='ltr'>„lunonis</span> <span class='ocrx_word' id='word_1_186' title='bbox 537 2264 605 2304; x_wconf 85' lang='lat' dir='ltr'>ina,</span> <span class='ocrx_word' id='word_1_187' title='bbox 621 2272 723 2304; x_wconf 80' lang='lat' dir='ltr'>supra</span> <span class='ocrx_word' id='word_1_188' title='bbox 736 2266 810 2295; x_wconf 82' lang='lat'><strong>358.</strong></span> <span class='ocrx_word' id='word_1_189' title='bbox 826 2266 901 2295; x_wconf 80' lang='lat'>363.</span> 
     </span>
    </p>

    <p class='ocr_par' dir='ltr' id='par_1_26' title="bbox 253 2314 952 2608">
     <span class='ocr_line' id='line_1_35' title="bbox 297 2314 950 2355; baseline -0.003 -8"><span class='ocrx_word' id='word_1_190' title='bbox 297 2318 356 2347; x_wconf 79' lang='lat'>391</span> <span class='ocrx_word' id='word_1_191' title='bbox 384 2314 455 2346; x_wconf 83' lang='lat' dir='ltr'>Hoc</span> <span class='ocrx_word' id='word_1_192' title='bbox 476 2317 577 2355; x_wconf 84' lang='lat' dir='ltr'>caput,</span> <span class='ocrx_word' id='word_1_193' title='bbox 597 2315 651 2345; x_wconf 79' lang='lat' dir='ltr'>hoc</span> <span class='ocrx_word' id='word_1_194' title='bbox 671 2318 777 2354; x_wconf 80' lang='lat' dir='ltr'>pectus</span> <span class='ocrx_word' id='word_1_195' title='bbox 800 2317 950 2354; x_wconf 79' lang='lat' dir='ltr'>nostrum,</span> 
     </span>
     <span class='ocr_line' id='line_1_36' title="bbox 253 2363 952 2407; baseline 0 -10"><span class='ocrx_word' id='word_1_196' title='bbox 253 2366 308 2407; x_wconf 83' lang='lat' dir='ltr'>(ac</span> <span class='ocrx_word' id='word_1_197' title='bbox 340 2365 475 2397; x_wconf 83' lang='lat' dir='ltr'>ostendit</span> <span class='ocrx_word' id='word_1_198' title='bbox 513 2364 692 2406; x_wconf 80' lang='lat' dir='ltr'>utrumque]</span> <span class='ocrx_word' id='word_1_199' title='bbox 723 2363 875 2396; x_wconf 85' lang='lat' dir='ltr'>Imitatio</span> <span class='ocrx_word' id='word_1_200' title='bbox 898 2370 952 2397; x_wconf 87' lang='lat' dir='ltr'>est</span> 
     </span>
     <span class='ocr_line' id='line_1_37' title="bbox 255 2415 948 2456; baseline -0.004 -6"><span class='ocrx_word' id='word_1_201' title='bbox 255 2417 359 2450; x_wconf 89' lang='lat' dir='ltr'>Ovid.</span> <span class='ocrx_word' id='word_1_202' title='bbox 393 2418 538 2449; x_wconf 86' lang='lat' dir='ltr'>Metam.</span> <span class='ocrx_word' id='word_1_203' title='bbox 563 2424 646 2448; x_wconf 83' lang='lat' dir='ltr'>xm.</span> <span class='ocrx_word' id='word_1_204' title='bbox 682 2415 863 2456; x_wconf 85' lang='lat' dir='ltr'>‘Aspicite</span> <span class='ocrx_word' id='word_1_205' title='bbox 887 2418 948 2447; x_wconf 92' lang='lat' dir='ltr'>en!</span> 
     </span>
     <span class='ocr_line' id='line_1_38' title="bbox 254 2465 951 2510; baseline -0.001 -10"><span class='ocrx_word' id='word_1_206' title='bbox 254 2474 452 2510; x_wconf 84' lang='lat' dir='ltr'>vestemque</span> <span class='ocrx_word' id='word_1_207' title='bbox 469 2476 571 2498; x_wconf 84' lang='lat' dir='ltr'>manu</span> <span class='ocrx_word' id='word_1_208' title='bbox 587 2465 755 2497; x_wconf 81' lang='lat' dir='ltr'>deduxit.’</span> <span class='ocrx_word' id='word_1_209' title='bbox 787 2465 841 2497; x_wconf 89' lang='lat' dir='ltr'>Sic</span> <span class='ocrx_word' id='word_1_210' title='bbox 854 2466 951 2507; x_wconf 74' lang='lat' dir='ltr'>Virg-</span> 
     </span>
     <span class='ocr_line' id='line_1_39' title="bbox 254 2515 950 2557; baseline -0.003 -8"><span class='ocrx_word' id='word_1_211' title='bbox 254 2517 289 2549; x_wconf 87' lang='lat' dir='ltr'>in</span> <span class='ocrx_word' id='word_1_212' title='bbox 307 2518 396 2549; x_wconf 87' lang='lat' dir='ltr'>Ciri:</span> <span class='ocrx_word' id='word_1_213' title='bbox 420 2518 430 2535; x_wconf 87' lang='lat'>‘</span> <span class='ocrx_word' id='word_1_214' title='bbox 446 2516 516 2548; x_wconf 86' lang='lat' dir='ltr'>Aut</span> <span class='ocrx_word' id='word_1_215' title='bbox 536 2515 627 2547; x_wconf 88' lang='lat' dir='ltr'>ferro</span> <span class='ocrx_word' id='word_1_216' title='bbox 650 2516 734 2547; x_wconf 88' lang='lat' dir='ltr'>hoc:</span> <span class='ocrx_word' id='word_1_217' title='bbox 756 2516 868 2557; x_wconf 85' lang='lat' dir='ltr'>aperit</span> <span class='ocrx_word' id='word_1_218' title='bbox 884 2515 950 2548; x_wconf 85' lang='lat' dir='ltr'>fer-</span> 
     </span>
     <span class='ocr_line' id='line_1_40' title="bbox 255 2566 715 2608; baseline 0 -10"><span class='ocrx_word' id='word_1_219' title='bbox 255 2577 327 2599; x_wconf 85' lang='lat' dir='ltr'>rum</span> <span class='ocrx_word' id='word_1_220' title='bbox 346 2567 436 2608; x_wconf 89' lang='lat' dir='ltr'>quod</span> <span class='ocrx_word' id='word_1_221' title='bbox 452 2571 547 2599; x_wconf 88' lang='lat' dir='ltr'>veste</span> <span class='ocrx_word' id='word_1_222' title='bbox 563 2566 715 2598; x_wconf 63' lang='lat' dir='ltr'>latebat?</span> 
     </span>
    </p>

    <p class='ocr_par' dir='ltr' id='par_1_27' title="bbox 256 2616 950 2853">
     <span class='ocr_line' id='line_1_41' title="bbox 297 2616 949 2658; baseline -0.002 -9"><span class='ocrx_word' id='word_1_223' title='bbox 297 2620 360 2649; x_wconf 83' lang='lat'>396</span> <span class='ocrx_word' id='word_1_224' title='bbox 398 2618 485 2648; x_wconf 83' lang='lat' dir='ltr'>Pede</span> <span class='ocrx_word' id='word_1_225' title='bbox 517 2617 602 2648; x_wconf 84' lang='lat' dir='ltr'>molli</span> <span class='ocrx_word' id='word_1_226' title='bbox 634 2617 774 2656; x_wconf 75' lang='lat' dir='ltr'>Militat,</span> <span class='ocrx_word' id='word_1_227' title='bbox 812 2616 949 2658; x_wconf 76' lang='lat' dir='ltr'>invideo]</span> 
     </span>
     <span class='ocr_line' id='line_1_42' title="bbox 256 2665 950 2707; baseline 0.001 -10"><span class='ocrx_word' id='word_1_228' title='bbox 256 2666 455 2707; x_wconf 78' lang='grc' dir='ltr'>Εὐφημισμὸς</span> <span class='ocrx_word' id='word_1_229' title='bbox 466 2671 500 2698; x_wconf 87' lang='lat' dir='ltr'>et</span> <span class='ocrx_word' id='word_1_230' title='bbox 514 2665 638 2697; x_wconf 77' lang='grc' dir='ltr'>ὑπόνοια</span> <span class='ocrx_word' id='word_1_231' title='bbox 650 2666 786 2705; x_wconf 84' lang='lat' dir='ltr'>elegans</span> <span class='ocrx_word' id='word_1_232' title='bbox 798 2666 831 2697; x_wconf 92' lang='lat' dir='ltr'>in</span> <span class='ocrx_word' id='word_1_233' title='bbox 847 2666 898 2698; x_wconf 85' lang='lat' dir='ltr'>his</span> <span class='ocrx_word' id='word_1_234' title='bbox 914 2672 950 2698; x_wconf 89' lang='lat' dir='ltr'>et</span> 
     </span>
     <span class='ocr_line' id='line_1_43' title="bbox 257 2716 950 2757; baseline 0 -10"><span class='ocrx_word' id='word_1_235' title='bbox 257 2716 487 2757; x_wconf 80' lang='lat' dir='ltr'>sequentihus.</span> <span class='ocrx_word' id='word_1_236' title='bbox 546 2716 603 2747; x_wconf 87' lang='lat' dir='ltr'>Sic</span> <span class='ocrx_word' id='word_1_237' title='bbox 641 2716 732 2757; x_wconf 88' lang='lat' dir='ltr'>apud</span> <span class='ocrx_word' id='word_1_238' title='bbox 762 2716 950 2748; x_wconf 85' lang='lat' dir='ltr'>Homerum</span> 
     </span>
     <span class='ocr_line' id='line_1_44' title="bbox 258 2758 948 2805; baseline 0.001 -9"><span class='ocrx_word' id='word_1_239' title='bbox 258 2764 347 2796; x_wconf 82' lang='lat' dir='ltr'>Juno</span> <span class='ocrx_word' id='word_1_240' title='bbox 381 2765 472 2795; x_wconf 77' lang='lat' dir='ltr'>illum</span> <span class='ocrx_word' id='word_1_241' title='bbox 509 2765 660 2805; x_wconf 84' lang='lat' dir='ltr'>appellat</span> <span class='ocrx_word' id='word_1_242' title='bbox 696 2758 948 2797; x_wconf 46' lang='grc' dir='ltr'>κυλήοποδίωνατ</span> 
     </span>
     <span class='ocr_line' id='line_1_45' title="bbox 257 2812 949 2853; baseline 0.004 -11"><span class='ocrx_word' id='word_1_243' title='bbox 257 2812 335 2843; x_wconf 82' lang='lat' dir='ltr'>vide</span> <span class='ocrx_word' id='word_1_244' title='bbox 353 2817 387 2843; x_wconf 82' lang='lat' dir='ltr'>et</span> <span class='ocrx_word' id='word_1_245' title='bbox 405 2812 492 2853; x_wconf 79' lang='lat' dir='ltr'>apud</span> <span class='ocrx_word' id='word_1_246' title='bbox 511 2813 618 2844; x_wconf 85' lang='lat' dir='ltr'>Cicer.</span> <span class='ocrx_word' id='word_1_247' title='bbox 636 2822 677 2844; x_wconf 84' lang='grc' dir='ltr'>ιι.</span> <span class='ocrx_word' id='word_1_248' title='bbox 695 2814 736 2845; x_wconf 88' lang='lat' dir='ltr'>de</span> <span class='ocrx_word' id='word_1_249' title='bbox 752 2815 832 2847; x_wconf 87' lang='lat' dir='ltr'>Nat.</span> <span class='ocrx_word' id='word_1_250' title='bbox 848 2817 949 2846; x_wconf 73' lang='lat' dir='ltr'>Deor-</span> 
     </span>
    </p>
   </div>
   <div class='ocr_carea' id='block_1_21' title="bbox 1004 2215 1706 2805">
    <p class='ocr_par' dir='ltr' id='par_1_28' title="bbox 1004 2215 1706 2805">
     <span class='ocr_line' id='line_1_46' title="bbox 1004 2215 1701 2257; baseline 0.003 -11"><span class='ocrx_word' id='word_1_251' title='bbox 1004 2215 1093 2247; x_wconf 88' lang='lat' dir='ltr'>illius</span> <span class='ocrx_word' id='word_1_252' title='bbox 1131 2216 1312 2257; x_wconf 84' lang='lat' dir='ltr'>picturam,</span> <span class='ocrx_word' id='word_1_253' title='bbox 1349 2216 1392 2247; x_wconf 87' lang='lat' dir='ltr'>de</span> <span class='ocrx_word' id='word_1_254' title='bbox 1430 2225 1496 2257; x_wconf 85' lang='lat' dir='ltr'>qua</span> <span class='ocrx_word' id='word_1_255' title='bbox 1526 2216 1701 2248; x_wconf 84' lang='lat' dir='ltr'>Victorius</span> 
     </span>
     <span class='ocr_line' id='line_1_47' title="bbox 1006 2265 1706 2306; baseline 0.004 -11"><span class='ocrx_word' id='word_1_256' title='bbox 1006 2265 1187 2297; x_wconf 86' lang='lat' dir='ltr'>Variarum</span> <span class='ocrx_word' id='word_1_257' title='bbox 1206 2274 1315 2297; x_wconf 69' lang='lat' dir='ltr'>xxm.</span> <span class='ocrx_word' id='word_1_258' title='bbox 1327 2269 1382 2298; x_wconf 82' lang='lat'>20.</span> <span class='ocrx_word' id='word_1_259' title='bbox 1408 2266 1498 2297; x_wconf 87' lang='lat' dir='ltr'>Vide</span> <span class='ocrx_word' id='word_1_260' title='bbox 1513 2266 1706 2306; x_wconf 73' lang='grc' dir='ltr'>μυθολογικὰ</span> 
     </span>
     <span class='ocr_line' id='line_1_48' title="bbox 1005 2314 1704 2356; baseline 0.004 -11"><span class='ocrx_word' id='word_1_261' title='bbox 1005 2314 1095 2355; x_wconf 86' lang='lat' dir='ltr'>apud</span> <span class='ocrx_word' id='word_1_262' title='bbox 1121 2315 1363 2356; x_wconf 85' lang='lat' dir='ltr'>Camerarium,</span> <span class='ocrx_word' id='word_1_263' title='bbox 1386 2315 1552 2356; x_wconf 82' lang='lat' dir='ltr'>problem.</span> <span class='ocrx_word' id='word_1_264' title='bbox 1566 2325 1633 2348; x_wconf 87' lang='lat' dir='ltr'>vn.</span> <span class='ocrx_word' id='word_1_265' title='bbox 1648 2319 1704 2348; x_wconf 81' lang='lat'>22.</span> 
     </span>
     <span class='ocr_line' id='line_1_49' title="bbox 1006 2364 1702 2406; baseline 0.001 -11"><span class='ocrx_word' id='word_1_266' title='bbox 1006 2368 1043 2395; x_wconf 91' lang='lat' dir='ltr'>et</span> <span class='ocrx_word' id='word_1_267' title='bbox 1068 2364 1245 2396; x_wconf 81' lang='lat' dir='ltr'>Plutarch.</span> <span class='ocrx_word' id='word_1_268' title='bbox 1279 2365 1334 2396; x_wconf 88' lang='lat' dir='ltr'>De</span> <span class='ocrx_word' id='word_1_269' title='bbox 1356 2364 1447 2396; x_wconf 84' lang='lat' dir='ltr'>facie</span> <span class='ocrx_word' id='word_1_270' title='bbox 1479 2365 1609 2396; x_wconf 84' lang='lat' dir='ltr'>Lunae:</span> <span class='ocrx_word' id='word_1_271' title='bbox 1643 2365 1702 2406; x_wconf 91' lang='lat' dir='ltr'>qui</span> 
     </span>
     <span class='ocr_line' id='line_1_50' title="bbox 1006 2414 1703 2456; baseline 0.003 -12"><span class='ocrx_word' id='word_1_272' title='bbox 1006 2414 1196 2445; x_wconf 85' lang='lat' dir='ltr'>Vu1canum</span> <span class='ocrx_word' id='word_1_273' title='bbox 1208 2414 1285 2445; x_wconf 92' lang='lat' dir='ltr'>ideo</span> <span class='ocrx_word' id='word_1_274' title='bbox 1301 2414 1457 2446; x_wconf 86' lang='lat' dir='ltr'>claudum</span> <span class='ocrx_word' id='word_1_275' title='bbox 1471 2415 1629 2456; x_wconf 89' lang='lat' dir='ltr'>ait,quod</span> <span class='ocrx_word' id='word_1_276' title='bbox 1640 2415 1703 2455; x_wconf 79' lang='grc' dir='ltr'>πῦρ</span> 
     </span>
     <span class='ocr_line' id='line_1_51' title="bbox 1004 2462 1702 2504; baseline 0.001 -11"><span class='ocrx_word' id='word_1_277' title='bbox 1004 2462 1100 2502; x_wconf 83' lang='grc' dir='ltr'>ξύλου</span> <span class='ocrx_word' id='word_1_278' title='bbox 1121 2463 1225 2504; x_wconf 79' lang='grc' dir='ltr'><strong><em>χωρὶς,</em></strong></span> <span class='ocrx_word' id='word_1_279' title='bbox 1239 2463 1341 2504; x_wconf 72' lang='grc' dir='ltr'>ὥσπερ</span> <span class='ocrx_word' id='word_1_280' title='bbox 1362 2463 1461 2503; x_wconf 77' lang='grc' dir='ltr'>χωλοὶ</span> <span class='ocrx_word' id='word_1_281' title='bbox 1475 2463 1644 2504; x_wconf 70' lang='grc' dir='ltr'><strong><em>βακτηρίας</em></strong></span> <span class='ocrx_word' id='word_1_282' title='bbox 1664 2463 1702 2494; x_wconf 77' lang='grc' dir='ltr'>οὗ</span> 
     </span>
     <span class='ocr_line' id='line_1_52' title="bbox 1004 2513 1704 2555; baseline -0.001 -10"><span class='ocrx_word' id='word_1_283' title='bbox 1004 2513 1134 2555; x_wconf 82' lang='grc' dir='ltr'>πρόεισι,</span> <span class='ocrx_word' id='word_1_284' title='bbox 1148 2516 1265 2554; x_wconf 82' lang='lat' dir='ltr'>p.932.</span> <span class='ocrx_word' id='word_1_285' title='bbox 1287 2513 1377 2545; x_wconf 82' lang='lat' dir='ltr'>Talis</span> <span class='ocrx_word' id='word_1_286' title='bbox 1390 2518 1500 2544; x_wconf 85' lang='lat' dir='ltr'>autem</span> <span class='ocrx_word' id='word_1_287' title='bbox 1511 2513 1704 2552; x_wconf 78' lang='grc' dir='ltr'><strong><em>εὐφημισμὸς</em></strong></span> 
     </span>
     <span class='ocr_line' id='line_1_53' title="bbox 1005 2562 1700 2604; baseline -0.001 -9"><span class='ocrx_word' id='word_1_288' title='bbox 1005 2568 1058 2595; x_wconf 89' lang='lat' dir='ltr'>est</span> <span class='ocrx_word' id='word_1_289' title='bbox 1071 2564 1105 2594; x_wconf 90' lang='lat' dir='ltr'>in</span> <span class='ocrx_word' id='word_1_290' title='bbox 1130 2564 1209 2603; x_wconf 86' lang='lat' dir='ltr'>illis,</span> <span class='ocrx_word' id='word_1_291' title='bbox 1222 2572 1297 2604; x_wconf 84' lang='lat' dir='ltr'>quae</span> <span class='ocrx_word' id='word_1_292' title='bbox 1317 2571 1457 2602; x_wconf 85' lang='lat' dir='ltr'>magnus</span> <span class='ocrx_word' id='word_1_293' title='bbox 1474 2562 1531 2592; x_wconf 86' lang='lat' dir='ltr'>ille</span> <span class='ocrx_word' id='word_1_294' title='bbox 1547 2562 1700 2602; x_wconf 84' lang='lat' dir='ltr'>Scaliger</span> 
     </span>
     <span class='ocr_line' id='line_1_54' title="bbox 1005 2612 1703 2652; baseline 0 -8"><span class='ocrx_word' id='word_1_295' title='bbox 1005 2614 1037 2644; x_wconf 87' lang='lat' dir='ltr'>in</span> <span class='ocrx_word' id='word_1_296' title='bbox 1063 2614 1204 2645; x_wconf 77' lang='lat' dir='ltr'>Cei-rato</span> <span class='ocrx_word' id='word_1_297' title='bbox 1220 2612 1391 2652; x_wconf 89' lang='lat' dir='ltr'>emendat,</span> <span class='ocrx_word' id='word_1_298' title='bbox 1407 2621 1482 2643; x_wconf 88' lang='lat' dir='ltr'>cum</span> <span class='ocrx_word' id='word_1_299' title='bbox 1496 2612 1505 2628; x_wconf 92' lang='lat'>‘</span> <span class='ocrx_word' id='word_1_300' title='bbox 1520 2616 1634 2652; x_wconf 76' lang='lat' dir='ltr'>partes</span> <span class='ocrx_word' id='word_1_301' title='bbox 1651 2616 1703 2644; x_wconf 83' lang='lat' dir='ltr'>ta·</span> 
     </span>
     <span class='ocr_line' id='line_1_55' title="bbox 1004 2661 1700 2703; baseline -0.003 -8"><span class='ocrx_word' id='word_1_302' title='bbox 1004 2663 1110 2695; x_wconf 87' lang='lat' dir='ltr'>citas’</span> <span class='ocrx_word' id='word_1_303' title='bbox 1137 2663 1279 2702; x_wconf 86' lang='lat' dir='ltr'>mavult,</span> <span class='ocrx_word' id='word_1_304' title='bbox 1310 2671 1409 2703; x_wconf 81' lang='lat' dir='ltr'>quam</span> <span class='ocrx_word' id='word_1_305' title='bbox 1434 2661 1622 2701; x_wconf 82' lang='lat' dir='ltr'>pudendas.</span> <span class='ocrx_word' id='word_1_306' title='bbox 1647 2671 1700 2694; x_wconf 78' lang='lat' dir='ltr'>vi.</span> 
     </span>
     <span class='ocr_line' id='line_1_56' title="bbox 1004 2711 1702 2752; baseline -0.001 -7"><span class='ocrx_word' id='word_1_307' title='bbox 1004 2712 1105 2745; x_wconf 76' lang='lat' dir='ltr'>Poe&#39;t.</span> <span class='ocrx_word' id='word_1_308' title='bbox 1142 2721 1218 2744; x_wconf 80' lang='lat' dir='ltr'>cuni</span> <span class='ocrx_word' id='word_1_309' title='bbox 1253 2711 1327 2752; x_wconf 83' lang='lat' dir='ltr'>ipse</span> <span class='ocrx_word' id='word_1_310' title='bbox 1355 2711 1365 2728; x_wconf 90' lang='lat'>‘</span> <span class='ocrx_word' id='word_1_311' title='bbox 1383 2719 1488 2742; x_wconf 85' lang='lat' dir='ltr'>cunas</span> <span class='ocrx_word' id='word_1_312' title='bbox 1517 2716 1674 2744; x_wconf 83' lang='lat' dir='ltr'>cruentas</span> <span class='ocrx_word' id='word_1_313' title='bbox 1693 2712 1702 2726; x_wconf 92' lang='lat'>&#39;</span> 
     </span>
     <span class='ocr_line' id='line_1_57' title="bbox 1005 2759 1454 2805; baseline -0.002 -11"><span class='ocrx_word' id='word_1_314' title='bbox 1005 2764 1113 2805; x_wconf 80' lang='lat' dir='ltr'>ponit,</span> <span class='ocrx_word' id='word_1_315' title='bbox 1130 2772 1192 2804; x_wconf 83' lang='lat' dir='ltr'>pro</span> <span class='ocrx_word' id='word_1_316' title='bbox 1209 2759 1454 2802; x_wconf 79' lang='grc' dir='ltr'>ιιεμινθωμέναις.</span> 
     </span>
    </p>
   </div>
  </div>
 </body>
</html>
