1889 3194
560 365 622 396 DE
657 364 813 395 BELLO
846 363 1070 394 TROJANO
1106 363 1201 392 LlB.
1235 362 1308 392 ΙΙΙ.
1566 349 1651 389 455

207 460 452 513 Postquam
471 463 650 501 exemta
670 461 809 514 quieS,
826 463 868 500 et
886 461 1050 499 moesto
1068 457 1198 511 pulsa
1218 458 1387 510 fragore

205 527 361 568 Inscia
376 527 576 568 turbatas
595 527 779 568 hausere
801 526 977 567 silentia
995 537 1144 574 voces,
1568 520 1652 562 300

205 592 326 635 Aure
347 593 469 647 prius
490 595 628 635 mensi
648 594 864 643 fremitus,
885 593 960 634 ubi
981 596 1025 634 et
1046 592 1163 634 unde
1185 589 1418 641 tumultus,

205 661 378 702 Armati
399 664 584 714 cognata
603 665 755 714 petunt
777 660 958 702 oracula
977 660 1112 701 cives.

207 728 301 769 Hic
322 728 449 768 tritas
470 727 656 768 stridere
675 728 811 782 lyras,
828 728 898 768 hic
921 727 1085 781 pocula
1106 731 1284 768 cernunt

208 795 362 836 Effuso
384 794 558 836 calcata
575 795 692 845 Deo,
712 794 879 835 funalia
898 795 1043 835 lucem

207 862 393 911 Ponere,
416 865 459 903 et
479 861 658 904 effracto
676 862 904 915 lacrymari
923 860 1136 914 lampada
1154 860 1285 902 vitro.
1571 855 1657 898 305

206 928 358 970 Mirati
381 942 468 983 qua
487 929 612 970 clade
632 941 751 970 nova
764 928 966 982 jucunda
986 929 1132 969 sileret

207 996 396 1049 Religio,
417 1009 518 1050 quae
539 1009 676 1037 causa
695 996 794 1050 pios
815 996 996 1049 inopina
1017 994 1232 1036 tumultus

209 1063 425 1114 Flexerit,
445 1063 678 1105 advertunt
698 1063 809 1104 alias
829 1063 886 1104 ad
907 1062 1054 1104 littora
1073 1062 1190 1111 lites,

209 1131 267 1171 Et
286 1135 383 1172 toto
405 1131 607 1172 sonuisse
629 1129 751 1171 mari.
811 1129 929 1180 Quo,
951 1129 1113 1182 perfide
1132 1129 1248 1177 leno,

209 1198 415 1251 Hospitii
435 1201 686 1248 temerator,
707 1197 835 1238 abis?
867 1198 932 1238 sic
953 1197 1084 1250 digna
1104 1194 1325 1249 rependis,
1572 1191 1657 1232 310

211 1264 405 1318 Regales
425 1264 621 1318 praedate
640 1269 763 1305 toros
779 1265 798 1304 'l
829 1264 900 1305 his
921 1264 1084 1305 mobile
1101 1263 1259 1315 vulgus

211 1331 434 1382 Excitum,
455 1344 575 1372 arma
593 1332 749 1381 fremit,
770 1336 986 1385 raptaque
1007 1330 1244 1384 superstite
1266 1329 1393 1370 turba

210 1399 431 1441 Invadunt
447 1399 666 1452 Phrygios
684 1412 695 1440 ι
726 1399 793 1439 illi
814 1411 896 1439 nec
917 1397 1104 1452 pandere
1124 1396 1238 1445 vela,

211 1464 446 1519 Molirique
466 1465 614 1518 fugam
631 1470 823 1515 cessant,
843 1478 925 1506 nec
942 1464 1124 1518 jungere
1146 1463 1266 1504 bello

212 1533 459 1586 Dignantur
479 1532 900 1582 dextras‚'contenta
920 1543 1115 1584 paupere
1137 1541 1310 1584 pugna:
1573 1525 1659 1566 315

214 1599 322 1641 Sola
337 1599 684 1641 tamentumidos
707 1602 927 1653 pertentat
949 1598 1084 1651 gloria
1101 1597 1250 1650 captis

210 1666 430 1721 Injectare
450 1680 619 1716 manus,
634 1666 857 1720 proprium
878 1678 978 1707 cum
1000 1665 1191 1719 quisque
1212 1662 1458 1717 trophaeum

211 1733 450 1776 Ostentare
471 1738 610 1788 paret,
633 1738 713 1775 aut
728 1734 843 1783 cive,
860 1737 938 1774 aut
958 1732 1125 1786 virgine
1144 1736 1289 1786 rapta.

267 1801 385 1844 Ecce
405 1801 516 1843 redit
536 1801 725 1855 Paphiae
747 1801 931 1842 meritus
951 1800 1140 1853 virgulta
1160 1811 1335 1840 coronae

210 1869 430 1911 Victrices
448 1868 648 1910 vinctura
668 1880 836 1918 comaS,
850 1866 1124 1921 Tenedoque
1144 1866 1317 1921 potitus
1574 1862 1660 1905 320

211 1936 241 1979 J
246 1949 317 1978 am
337 1937 482 1978 minus
501 1935 738 1978 audentem
759 1935 926 1976 solatur
945 1934 1102 1988 praedo
1125 1935 1361 1976 Lacaenam

211 2003 242 2045 J
246 2016 316 2044 am
333 2002 508 2044 tandem
528 2003 686 2056 patriae
704 2014 954 2051 memorem,
969 2001 1047 2042 sed
1068 2014 1226 2055 gnarus
1243 1999 1414 2042 adulter

214 2069 434 2111 Pollicitis
453 2069 589 2110 fluxis
607 2069 794 2111 moechae
817 2069 987 2110 sancire
1006 2069 1219 2119 favorem,

214 2136 272 2177 Et
288 2136 418 2177 fictos
437 2136 573 2176 lenite
593 2140 752 2186 metus,
775 2137 880 2177 ebur
895 2141 1072 2190 aggerat
1089 2135 1262 2186 Indum,

213 2201 365 2243 Thura
385 2201 561 2253 Sabaea,
578 2201 720 2244 Midae
740 2202 919 2252 fluvios,
936 2206 978 2244 et
995 2203 1158 2245 vellera
1179 2202 1331 2244 Serum
1573 2198 1661 2239 325

819 2320 877 2332 000

257 2397 321 2429 308
348 2394 442 2429 Voces
456 2404 517 2428 ora
532 2394 595 2429 Ed.
610 2395 821 2428 Basil.—311
846 2396 961 2428 Nobile
975 2396 1042 2428 Ms.

865 2492 1007 2525 NOTAE

215 2556 310 2589 Psal.
337 2564 388 2588 ix.
412 2558 486 2587 139.
509 2555 613 2594 ἐπειδὴ
637 2555 744 2587 πολλὰ
763 2554 830 2597 περὶ
853 2557 911 2594 τῆς
963 2556 1044 2589 item
1059 2558 1135 2588 124.
1156 2554 1347 2587 Macarium
1363 2553 1464 2586 Hom.
1478 2555 1511 2585 4.

214 2606 275 2638 ἅνω
291 2605 375 2643 δίκης
385 2604 543 2645 διελέχθη,
558 2604 609 2637 καὶ
622 2605 691 2646 περὶ
702 2606 759 2642 τῆς
771 2607 829 2636 τοῦ
842 2606 912 2637 θεοῦ
1006 2608 1068 2638 301
1100 2607 1187 2637 Aure
1217 2604 1306 2644 prius
1332 2602 1446 2642 mensi]
1477 2600 1578 2633 Silius
1607 2609 1662 2633 lx.

213 2658 319 2699 ῥοπῆς.
345 2657 422 2695 αὕτη
447 2657 471 2688 δ’
498 2657 534 2687 οὔ
559 2656 640 2688 κατὰ
660 2654 758 2688 πόδας
789 2655 910 2694 ἔπεσεν,
963 2657 1216 2698 ‘quantumque
1236 2653 1383 2686 vicissim
1399 2651 1555 2684 Auderet
1568 2660 1661 2683 meu·

213 2708 301 2740 ἀλλὰ
315 2706 427 2747 μέλλει
443 2706 598 2739 πολλάκις
616 2705 667 2737 καὶ
682 2705 910 2747 ἀναβάλλεται,
963 2706 1017 2739 si.’

213 2757 265 2791 καὶ
288 2759 382 2790 τοῦτο
409 2757 548 2790 πολλοὺς
572 2756 793 2798 ῥᾳθυμοτέρως
818 2759 910 2796 ποιεῖ,
1005 2759 1067 2789 315
1092 2757 1247 2788 Contenta
1268 2763 1403 2796 paupere
1420 2752 1543 2796 pugna]
1567 2753 1662 2795 Lego

212 2809 365 2841 δείκνυσιν
384 2808 434 2840 ἐπὶ
454 2807 554 2849 θύραις
568 2808 626 2846 τὴν
645 2807 790 2849 τιμωρίαν
804 2807 912 2850 οὖσαν,
962 2810 1125 2841 contemta,
1141 2811 1181 2838 ut
1202 2806 1238 2838 in
1262 2815 1312 2838 vs.
1327 2807 1401 2837 311.
1423 2803 1532 2837 mobile
1551 2804 1662 2844 vulgus

215 2862 282 2892 &c.
325 2859 415 2892 Vide
437 2859 541 2891 etiam
564 2858 725 2891 Nazianz.
747 2858 844 2891 initio
859 2859 909 2890 in·
964 2868 1027 2901 pro
1043 2856 1202 2890 ‘nobi1e.'

213 2909 356 2944 vectivae
384 2907 584 2952 posterioris
612 2908 648 2942 in
675 2908 804 2943 Julian.
836 2911 909 2942 110.
