1889 3194
542 356 604 386 DE
638 356 794 386 BELLO
827 355 1054 386 TROJANO
1090 356 1183 387 [ΑΒ.
1217 357 1288 386 lll.

1546 346 1631 386 463

244 449 429 500 Desine,
444 448 647 505 Cecropii
669 451 838 492 funesta
856 451 1033 493 licentia
1054 452 1171 505 pagi,

184 517 390 559 Incestos
410 531 613 570 generare
635 519 781 561 Deos:
814 532 902 560 non
921 518 1073 560 fabula
1094 518 1274 568 coelum,

1541 518 1627 559 455

183 584 272 626 Sed
288 584 428 626 virtus
447 598 533 626 non
554 585 672 636 ficta,
694 587 844 628 dabit:
873 599 983 641 quos
1000 597 1152 628 caecus
1169 587 1226 627 ab
1244 585 1337 628 alto

183 651 344 692 Mersit
358 652 401 692 in
420 653 509 693 ima
522 652 654 703 furor,
675 653 720 694 in
737 666 933 695 summos
949 653 1078 706 erigis
1092 665 1218 703 axes,

181 718 242 760 Et
260 718 426 761 similes
446 718 476 760 J
480 720 577 761 ovis
592 733 692 761 esse
707 721 841 775 jubes
862 734 873 760 ε
903 733 1018 775 quos
1038 720 1154 774 ignis
1175 720 1221 760 in
1242 731 1388 770 auraS,

182 785 236 827 In
251 786 464 839 scopulos
485 788 650 840 sparsit
669 787 850 838 fluctus,
870 788 1069 829 mentiris
1091 787 1283 840 adeptos

180 852 356 905 Sidera,
375 854 635 908 gentilisque
654 868 809 908 preces
825 855 1001 896 deludis
1024 867 1213 896 acerrae:

1539 855 1624 896 460

178 919 461 972 Tyndaridis,
476 933 590 974 quos
610 921 755 962 hausit
775 921 942 975 hyems,
963 921 1074 963 dans
1095 922 1251 963 Attica
1269 921 1434 964 coelum

178 985 365 1036 Fabula,
387 987 625 1029 Castoreos
647 1001 777 1029 casus
795 988 1000 1030 Pollucis
1015 989 1061 1029 in
1082 993 1225 1031 ortum

179 1052 341 1106 Fingit,
362 1058 407 1096 et
428 1054 580 1096 alterni
600 1055 778 1096 redimit
799 1056 1032 1109 dispendia
1051 1057 1148 1098 fati.

177 1119 250 1162 Ac
271 1126 474 1162 neutrum
491 1126 656 1163 testata
678 1122 839 1173 Deum,
863 1123 1016 1164 feralis
1037 1127 1211 1178 utrique

176 1187 374 1242 Atropos
391 1189 544 1243 injecit
564 1190 789 1243 laqueum,
807 1203 895 1243 quo
916 1190 1102 1232 fortibus
1124 1203 1281 1244 aegros,

181 1254 288 1305 Quo
303 1260 453 1297 sontes
475 1256 683 1310 placidis,
700 1257 856 1310 inopes
875 1269 964 1311 quo
980 1258 1156 1310 regibus
1173 1259 1335 1312 aequat.

177 1321 285 1363 Sola
306 1325 448 1364 tamen
467 1323 571 1365 fatis
591 1323 799 1365 Ledaeum
821 1323 997 1365 Lesbos
1013 1337 1206 1366 amorem

177 1388 468 1431 Concessisse
487 1395 632 1444 negat,
651 1396 896 1445 captosque
914 1396 1070 1433 secuta
1090 1391 1309 1439 Lacones,

173 1455 299 1507 Quos
317 1470 398 1500 nec
424 1457 543 1512 apud
563 1458 794 1513 Phrygios,
820 1459 980 1501 mediis
996 1471 1078 1500 nec
1095 1459 1254 1513 reperit
1275 1456 1420 1507 undiS,

823 1599 965 1633 NOTAE

171 1688 267 1720 Deos
300 1687 437 1719 relatos.
480 1686 638 1718 Lactant.
670 1685 765 1727 inibi,
786 1685 868 1718 dum

170 1739 296 1770 alienas
322 1746 461 1779 sponsas
485 1737 633 1778 rapiunt,
657 1737 799 1768 alterurn
823 1735 866 1767 ab

169 1788 234 1820 Ida
249 1787 559 1820 transverberatum
576 1787 636 1818 ait.
662 1787 749 1818 Vide
760 1787 866 1818 Theo-

169 1840 245 1873 crit.
258 1840 292 1871 in
310 1839 498 1880 Dioscuris,
524 1837 710 1869 Pindarum
738 1837 865 1869 Neme-

169 1899 218 1921 or.
230 1889 296 1921 Od.
310 1891 360 1920 10.
385 1888 640 1930 Lycophronem
653 1888 687 1918 in
700 1887 865 1920 Cassand.

167 1940 313 1971 Tzetzen
326 1938 469 1971 Chiliad.
484 1947 509 1969 ι.
522 1941 574 1969 48.
591 1938 708 1969 Genus
721 1946 801 1969 vero
817 1937 865 1968 lo-

169 1989 296 2030 quendi
310 1989 350 2020 ad
368 1987 450 2019 illud
468 1987 583 2019 Ovidii
599 1996 639 2019 11.
657 1987 750 2018 Fast.
767 1996 864 2018 acce-

169 2039 240 2070 dit:
264 2039 274 2056 ‘
286 2038 378 2070 Nata
393 2037 505 2077 simul,
519 2036 684 2068 moritura
699 2037 809 2075 simul,
825 2037 866 2067 si·

170 2089 239 2119 mul
256 2088 305 2121 ite
321 2088 382 2119 sub
397 2087 514 2127 undas,
526 2086 699 2127 Corpora.'
744 2086 863 2118 Valer.

169 2139 285 2171 Flacc.
301 2148 335 2171 v.
357 2139 367 2155 ‘
378 2147 441 2169 nec
455 2146 574 2177 separe
590 2140 751 2176 conteget
766 2145 863 2177 urna,

168 2189 234 2220 Sed
247 2188 356 2229 simul,
366 2187 542 2228 utjunctis
557 2186 693 2217 venistis
705 2186 738 2217 in
751 2195 864 2227 oequo·

168 2237 471 2325 Γᾶὶἓὲιῖόνιίαῠηία
477 2285 598 2326 coelum]
610 2284 730 2316 Manil.
752 2289 761 2302 ‘
772 2284 863 2317 Quo-

169 2348 243 2370 rum
260 2338 464 2370 carminibus
489 2336 570 2367 nihil
588 2340 640 2366 est
664 2334 728 2365 nisi
750 2333 866 2366 fabula

170 2387 316 2420 coelum.’

211 2440 274 2470 458
299 2438 384 2473 Quos
398 2437 484 2476 ignis
503 2436 537 2466 in
551 2445 656 2476 auras,
673 2435 713 2465 In
728 2436 866 2476 scopulos

168 2488 285 2529 sparsit
291 2485 429 2529 fluctus]
456 2485 583 2517 Eodem
602 2484 703 2516 modo
719 2483 865 2525 εἷρωνεῦει

166 2539 325 2571 Juvenal.
357 2542 366 2555 ‘
383 2537 482 2568 Alter
497 2535 604 2576 aquis,
619 2535 706 2565 alter
725 2533 866 2566 flammis

166 2588 209 2619 ad
226 2587 340 2619 sidera
352 2585 494 2617 missus.’
529 2585 674 2617 Omnem
688 2593 768 2615 vero
780 2585 864 2616 acri-

166 2637 311 2670 moniam
328 2640 467 2676 superat
482 2635 538 2666 ille
556 2633 732 2666 Juvenalis
747 2645 864 2672 μυκτη·

165 2687 272 2728 ρισμὸς
298 2688 331 2719 in
355 2686 555 2718 Claudium:
590 2685 599 2702 ‘
619 2684 864 2726 tremulumque

167 2744 271 2780 caput
295 2737 506 2770 descendere
518 2735 620 2777 jussit
644 2735 684 2766 In
707 2735 864 2766 coelum:'

165 2788 252 2830 quod
268 2787 413 2829 pessimo
429 2789 552 2818 conatu
565 2784 750 2816 solicitavit
760 2784 864 2815 Gros-

164 2839 268 2870 lotius
301 2838 336 2869 in
373 2847 432 2869 sua
470 2835 513 2867 ad
545 2833 702 2866 Lectium
733 2834 865 2875 prolixa

166 2889 324 2930 epistola,
336 2888 427 2932 quod
439 2889 448 2907 ‘
462 2884 662 2920 escendere'
675 2885 863 2919 substituit.

963 1689 1027 1718 462
1053 1687 1217 1718 Castoreos
1241 1696 1332 1719 casus
1353 1685 1493 1717 Pollucis
1515 1684 1548 1717 in
1569 1695 1620 1716 or-

921 1740 986 1768 tum
1002 1737 1134 1779 Fingit]
1158 1737 1263 1769 Ponit
1277 1747 1382 1768 casum
1399 1746 1461 1777 pro
1477 1745 1618 1767 occasu:

919 1788 995 1820 vide
1012 1793 1166 1821 auctores
1181 1799 1285 1830 supra
1298 1790 1477 1828 allegatos,
1492 1790 1568 1820 453.
1583 1793 1620 1819 et

919 1837 1080 1879 Apollod.
1088 1848 1146 1870 ιιι.
1156 1842 1265 1879 p.178.
1277 1838 1350 1870 Ζεὺς
1361 1837 1543 1878 ἀμφοτέροις
1550 1839 1623 1878 παρ’

920 1887 1034 1930 ἡμέραν
1048 1888 1099 1920 καὶ
1115 1890 1148 1921 ἐν
1162 1890 1242 1921 θεοῖς
1254 1888 1341 1930 εἶναι,
1352 1888 1402 1920 καὶ
1412 1889 1444 1919 ἐν
1455 1887 1621 1929 ἀνθρώποις

920 1938 1023 1971 ἔδωκε.
1059 1939 1185 1970 Eadem
1212 1938 1382 1971 Pindarus
1397 1949 1405 1969 ε
1433 1936 1620 1977 μεταμειβό-

918 2000 1011 2029 μενον
1030 1989 1054 2019 δ’
1080 1988 1225 2028 ἐναλλὰξ,
1240 1991 1305 2020 &c.
1330 1988 1499 2020 Homerus
1516 1987 1618 2027 ἑτερο-

918 2038 1028 2079 μέρους
1056 2045 1157 2071 vocat
1183 2039 1247 2071 hoc
1275 2048 1390 2079 sensu,
1427 2036 1553 2078 Odyss.
1580 2041 1618 2067 A.

918 2089 997 2121 hinc
1031 2090 1150 2130 Virgil.
1181 2098 1234 2121 vr.
1262 2087 1394 2120 AEueid.
1423 2088 1432 2105 ‘
1449 2088 1618 2118 alternam

917 2139 1081 2171 mortem’
1098 2139 1269 2170 nominat:
1287 2143 1323 2169 et
1347 2137 1448 2169 Silius
1463 2144 1516 2168 rx.
1531 2138 1540 2154 ‘
1557 2135 1618 2167 Al-

918 2192 1103 2229 ternusque
1115 2189 1232 2219 animae
1244 2192 1373 2219 mutato
1385 2187 1526 2218 Castore
1537 2186 1618 2217 Pol-

917 2237 999 2269 lux.'
1031 2238 1161 2269 Scitum
1177 2242 1229 2269 est
1246 2236 1329 2268 illud
1346 2236 1546 2276 Alcibiadis,
1562 2236 1618 2276 qui

919 2288 1009 2328 apud
1040 2287 1265 2319 Athenienses
1289 2285 1484 2327 Διοσκούρων
1511 2286 1616 2317 vitam

917 2338 1033 2368 vivere
1046 2347 1081 2369 se
1096 2337 1233 2369 dicebat
1248 2348 1256 2368 z
1280 2347 1355 2368 nam
1371 2342 1406 2368 et
1422 2337 1531 2376 gratia
1545 2337 1617 2377 pol-

917 2386 990 2417 lens
1007 2386 1081 2416 Diis
1098 2386 1252 2427 aequalis,
1269 2390 1304 2416 et
1317 2395 1356 2416 ea
1368 2385 1540 2420 excidens,
1559 2395 1616 2424 pa-

919 2445 992 2467 rum
1016 2435 1080 2466 sibi
1108 2446 1127 2466 a
1153 2436 1294 2476 mortuis
1320 2433 1458 2465 differre
1482 2434 1618 2465 videba-

920 2490 986 2516 tur.
1020 2484 1168 2516 AElianus
1199 2485 1283 2516 Var.
1321 2484 1407 2516 Hist.
1442 2492 1526 2516 xm.
1562 2487 1616 2516 38.

920 2535 1019 2567 Philo
1035 2535 1076 2566 de
1094 2535 1271 2575 Decalogo
1287 2544 1320 2574 p.
1339 2537 1414 2565 580.
1439 2533 1482 2564 de
1499 2534 1617 2564 mundi

919 2586 1053 2627 gemino
1070 2585 1318 2625 interpretatur
1331 2583 1580 2623 hemisphaerio.

959 2638 1024 2666 469
1048 2635 1134 2670 Quos
1148 2635 1302 2677 nec-'apud
1319 2633 1490 2673 Phrygios,
1506 2633 1618 2663 mediis

916 2694 972 2716 nec
995 2684 1110 2724 reperit
1132 2683 1234 2719 undis,
1260 2683 1402 2714 Credidit
1426 2692 1489 2714 esse
1512 2683 1614 2723 Deos]

917 2734 1085 2765 Isocrates
1098 2733 1130 2764 id
1143 2734 1285 2764 Helenae
1301 2733 1450 2772 assignat
1465 2742 1472 2762 :
1496 2734 1616 2772 πρῶτον

916 2782 974 2822 μὲν
986 2783 1058 2815 τοὺς
1073 2782 1223 2823 ἀδελφοὺς
1241 2783 1299 2820 ἤδη
1315 2780 1540 2821 κατεχομένους
1557 2782 1614 2814 ὑπὸ

917 2835 973 2873 τῆς
985 2832 1180 2875 πεπρωμένης
1191 2832 1232 2866 εἰς
1242 2832 1328 2865 θεοὺς
1342 2831 1493 2873 ἀνήγαγε.
