1889 3194
283 347 366 388 518

285 451 446 503 Milli-a,
468 455 555 493 tam
577 453 723 494 varios
742 453 943 505 gemitus,
959 458 1049 493 tam
1070 453 1253 494 dissona
1272 453 1364 495 sata

801 359 1002 390 SOSEPHI
1040 359 1205 390 ISCANI

284 518 481 559 Indoluit
501 520 716 569 Phoebus,
739 520 985 572 celeresque
1006 519 1215 561 immersit
1232 520 1428 563 habenas

285 583 506 636 Maestior,
523 591 569 627 et
583 586 741 626 subitis
763 586 1000 626 conterruit
1021 587 1195 638 agmina
1214 587 1356 628 bellis.

344 651 451 692 Nox
472 656 578 702 erat,
601 658 647 693 et
667 653 800 704 longo
821 651 1044 693 defessum
1065 651 1211 694 Marte
1226 653 1410 707 jacebat

283 716 594 759 Andromache
616 719 848 772 complexa
867 718 1022 768 virum,
1045 731 1231 772 cumque
1252 733 1414 774 aspera
1427 721 1539 762 -belli

285 782 540 833 Quaesisset,
560 797 666 836 gens
685 788 784 825 utra
803 784 935 837 prior,
957 797 1057 838 quae
1075 787 1254 827 nomina
1268 799 1429 840 regum,

286 848 376 898 Qui
398 850 562 899 vultus,
585 851 692 903 quid
714 851 1002 901 Dardanidae,
1024 852 1133 905 quid
1153 853 1342 905 gesserit
1359 853 1458 908 ipse

282 915 531 968 Egregium,
548 930 767 969 passusne
786 922 944 967 metus,
967 919 1117 972 sopita
1131 920 1302 961 maritov

285 981 492 1032 Incubat,
513 988 556 1024 et
576 984 704 1037 primi
723 985 886 1026 nebula
907 989 1109 1027 cessante
1129 987 1306 1039 soporis

285 1048 339 1087 In
362 1061 486 1089 veras
508 1056 679 1091 matura
698 1052 821 1105 quies
841 1056 1031 1104 purgata
1051 1051 1212 1106 figuras

283 1115 394 1156 Dira
415 1120 571 1157 monet.

286 1181 491 1223 Secretos
513 1184 725 1237 amplexa
743 1185 885 1226 lares:
914 1186 1094 1226 inimica
1115 1186 1283 1227 securis

284 1248 331 1288 H
338 1261 419 1290 anc
441 1263 468 1290 a
487 1250 624 1303 stirpe
645 1253 783 1302 metit,
805 1256 1003 1293 rorantes
1026 1253 1235 1305 sanguine
1255 1253 1366 1293 rami

284 1315 337 1356 In
358 1320 541 1358 stratum
562 1318 728 1370 geniale
749 1320 941 1360 cadunt:
972 1319 1098 1372 plura
1118 1319 1270 1372 ingerit
1285 1318 1465 1361 horrens

285 1381 490 1424 Monstra
512 1397 670 1438 sopor:
695 1385 821 1439 jacet
840 1385 1055 1427 interdum
1074 1386 1169 1427 sine
1189 1386 1390 1440 conjuge,
1411 1391 1504 1429 toto

285 1449 405 1490 Fusa
426 1454 535 1500 toro,
556 1451 700 1493 nudos
720 1466 870 1493 rursus
889 1453 1012 1494 videt
1032 1454 1118 1494 oris
1138 1453 1283 1495 hiatus

285 1516 558 1568 Sanguineos
578 1518 749 1559 foedare
770 1519 909 1560 sinus.

286 1581 488 1635 Rumpit,
509 1589 553 1624 et
572 1583 795 1625 horrendis
815 1586 945 1626 iterat
966 1586 1248 1635 clamoribus,
1270 1586 1455 1636 Hector,

287 1647 456 1689 Hector
474 1651 581 1690 ubi?
613 1651 851 1704 timidaque
869 1665 1003 1693 manu
1024 1657 1221 1694 scrutata
1242 1653 1402 1702 cubile,

287 1713 547 1766 Ingeminat‚
570 1716 717 1768 Meus,
738 1717 865 1759 hicne
885 1732 1009 1760 meus
1025 1720 1044 1759 ‘l
1075 1720 1209 1760 lenire
1229 1732 1418 1772 pavores

288 1780 388 1830 Ille,
405 1786 450 1822 et
469 1782 614 1824 adhuc
635 1797 787 1836 segnes
808 1785 1024 1838 paulatim
1042 1785 1216 1826 demere
1238 1798 1419 1826 somnos

1639 456 1724 497 420

1641 787 1728 828 425

634 1117 792 1159 Stabat
814 1118 1020 1160 thalamis
1036 1118 1319 1173 junctissima
1337 1119 1503 1170 laurus,
1646 1119 1730 1160 430

1645 1453 1731 1494 435

968 1519 1166 1561 Tandem
1187 1532 1304 1572 aegra
1325 1532 1535 1573 soporem

1648 1786 1733 1826 440

289 1846 519 1900 Coeperat:
551 1850 629 1890 illa
648 1850 778 1892 fidem
799 1852 909 1893 visis
929 1865 1044 1893 nunc
1065 1852 1244 1893 credula
1265 1853 1415 1901 donat,

288 1911 417 1954 Nunc
438 1921 583 1967 neg-at,
602 1917 902 1971 amissumque
922 1923 1085 1972 putans
1106 1919 1341 1971 complexa
1356 1919 1576 1967 maritum,

290 1978 449 2021 Omnia
469 1986 585 2023 certa
604 1983 743 2033 timet,
763 1988 808 2025 et
827 1985 890 2025 nil
911 1990 1055 2026 tamen
1075 1997 1185 2026 ausa
1205 1985 1331 2026 fateri

948 2116 1092 2148 NOTAE

330 2189 393 2218 430
417 2187 530 2218 Stabat
551 2188 685 2220 thalamo
698 2189 900 2228 junctissima
917 2192 983 2223 lau-

287 2238 356 2278 rus]
385 2238 550 2269 Veterum
567 2239 650 2269 illud
666 2239 827 2280 studium,
847 2250 985 2272 nemora

287 2292 325 2317 ut
343 2287 542 2327 Propertius
558 2293 593 2319 et
610 2289 774 2329 Papinius
790 2291 984 2331 loquuntur,

286 2337 320 2367 in
336 2337 503 2368 domibus.
550 2338 716 2369 Rutilius:
741 2342 749 2357 ‘
768 2340 848 2380 quid
866 2341 984 2381 loquar

286 2387 429 2418 inclusas
446 2387 535 2418 intra
551 2389 721 2430 laquearia
736 2391 867 2430 sylvas?
897 2392 983 2421 Ver-

286 2436 367 2466 nula
393 2446 467 2477 quae
493 2438 585 2468 vario
613 2440 763 2471 carmine
785 2440 871 2472 ludit
888 2440 984 2472 avis!

288 2487 341 2516 De
368 2487 610 2527 superstitione
640 2488 698 2519 illa
719 2489 877 2521 arborum
907 2491 984 2522 vide

289 2537 485 2577 Philippum
509 2537 700 2568 Rubenium
727 2539 923 2571 Electorum
946 2549 985 2571 n.

288 2589 340 2617 34.
377 2588 428 2618 De
447 2586 622 2618 arboribus
638 2588 670 2618 in
687 2590 892 2631 conrplrrvio,
906 2590 984 2621 vide

289 2637 331 2666 ad
361 2637 478 2668 Silium
511 2637 691 2669 Heinsium
722 2647 783 2670 xv.
843 2641 984 2672 Senecae

289 2687 520 2717 controversia
549 2687 581 2717 id
611 2688 693 2718 satis
728 2688 852 2729 probat
880 2699 919 2721 ιι.
951 2693 982 2721 9.

290 2736 297 2750 ‘
317 2736 512 2767 Quinetiam
541 2737 663 2768 moniis
685 2739 859 2780 sylvaeque
876 2740 910 2770 in
927 2740 985 2770 ‹10-

292 2786 400 2816 mibus
421 2786 593 2826 marcidis,
619 2793 654 2819 et
680 2790 800 2820 umbra
825 2789 984 2831 fumoque

292 2835 451 2865 viridibus
464 2836 484 2873 ;'
501 2842 532 2866 ct
552 2845 583 2865 v.
601 2841 631 2867 5.
657 2838 666 2854 ‘
680 2837 786 2869 Alunt
800 2840 832 2870 iu
847 2841 984 2871 summis

292 2885 491 2915 culminum
515 2888 657 2918 mentita
679 2898 825 2925 nemora,
843 2895 877 2921 ct
893 2891 985 2922 navi-

1038 2191 1197 2231 gabilium
1222 2188 1428 2231 piscinarum
1452 2186 1562 2220 freta!
1605 2188 1734 2220 Noster

1037 2240 1219 2281 Virgilium
1243 2239 1397 2269 imitatur
1418 2242 1454 2268 et
1469 2237 1669 2278 Papiniani:
1695 2239 1734 2269 il-

1037 2291 1107 2322 lum
1138 2299 1177 2321 n.
1207 2289 1294 2320 hunc
1322 2296 1374 2319 lx.
1403 2287 1513 2318 Theb.
1546 2288 1557 2304 ‘
1576 2287 1732 2319 Quercus

1039 2338 1209 2375 erat,'&c.
1253 2336 1465 2369 Artemidori
1482 2335 1679 2376 ὄνειρόκρισιν
1692 2337 1735 2367 de

1038 2389 1213 2421 arboribus
1225 2388 1327 2418 habes
1340 2387 1397 2418 lib.
1410 2395 1450 2417 ιι.
1464 2389 1517 2418 12.
1533 2385 1642 2426 δένδρα
1651 2385 1684 2417 δὲ
1693 2386 1736 2417 τὰ

1036 2438 1095 2479 μὲν
1107 2438 1190 2479 παρὰ
1203 2439 1260 2476 τῆς
1274 2436 1370 2470 οἰκίας
1383 2435 1734 2477 πεφυκόταλδεσποτῶν,

1037 2493 1102 2522 &c.
1134 2488 1223 2520 Vide
1239 2488 1341 2519 etiam
1357 2486 1557 2518 Aclirnetem
1572 2495 1604 2517 c.
1622 2489 1694 2518 151.

1078 2542 1142 2571 432
1161 2539 1323 2571 Rorantes
1336 2536 1487 2574 sanguine
1500 2535 1581 2566 rami
1596 2535 1637 2566 In
1651 2539 1732 2567 stra·

1038 2593 1104 2621 tum
1126 2588 1249 2628 geniale
1265 2585 1395 2624 cadunt]
1421 2585 1586 2625 Papinius
1601 2584 1660 2616 lib.
1677 2593 1731 2616 rx.

1038 2642 1047 2657 ‘
1067 2643 1219 2671 rorantes
1240 2635 1402 2675 sangnine
1425 2643 1534 2665 ramos
1549 2634 1732 2675 Expirasse

1039 2688 1133 2722 solo!

1080 2742 1142 2770 435
1169 2737 1278 2769 Nudos
1299 2735 1385 2768 videt
1411 2733 1475 2764 oris
1502 2733 1623 2774 hiatus]
1644 2733 1733 2767 Vide

1040 2799 1091 2822 xv.
1109 2791 1183 2820 23⁴1.

1081 2842 1143 2871 443
1162 2836 1276 2869 Omnia
1290 2837 1374 2866 certa
1388 2833 1491 2874 timet]
1506 2834 1627 2875 Virgil.
1642 2836 1652 2853 ⁴
1666 2844 1736 2867 om-

1039 2890 1094 2921 nia
1112 2893 1186 2920 tuta
1203 2884 1351 2918 tirnens.’
