1889 3194
235 326 319 367 510

758 334 961 366 JOSEPHI
999 333 1160 364 lsCANl

234 429 446 479 Advolat,
466 434 509 472 et
527 431 673 472 socias
695 430 840 470 animo
859 428 1115 479 indignante
1136 426 1286 468 ruinas

235 497 505 538 Hectoreum
524 499 622 539 ferit
637 510 741 538 ense
761 496 898 536 femur
915 507 926 534 ε
957 495 1102 535 fremit
1123 494 1287 534 inscius
1307 493 1394 543 ille,

234 564 331 605 Nec
353 564 478 606 dolor
498 566 543 605 in
564 577 741 605 sensum
762 564 877 603 vires
897 561 1028 601 habet
1047 573 1057 602 :
1090 573 1140 601 ac
1157 560 1270 613 juga
1289 564 1494 613 spectans

233 631 415 673 Crurum
438 632 577 673 tincta
597 632 729 680 notis,
750 629 913 670 dubius
934 632 1078 670 tamen
1099 627 1233 677 unde,
1254 640 1417 668 suusne

1593 623 1679 666 265

233 699 447 748 Fluxerit,
464 712 517 740 an
539 698 675 740 caedis
698 698 867 737 Danaae
889 708 1031 745 cruor,
1054 695 1217 735 emicat
1236 707 1324 735 axe

231 765 446 814 Infensus‚
470 765 704 818 poscitque
725 764 859 813 faces,
880 767 1010 817 atque
1030 762 1161 803 hoste
1182 761 1360 814 repulso

230 831 336 884 Igne
357 837 470 873 rates
492 832 733 886 populante
756 830 929 884 premit.

991 829 1124 871 Subit
1145 828 1306 870 obvius
1328 826 1450 881 Ajax

228 898 256 939 J
262 911 330 939 am
351 899 530 939 tandem
551 910 796 951 erumpenS,
817 901 860 938 et
881 897 1043 951 apertis
1064 895 1265 937 Hectora
1285 896 1456 951 campis

229 964 348 1006 Irato
370 978 577 1006 mucrone
601 966 735 1019 petit:
767 970 869 1006 trux
890 964 1000 1005 ridet
1021 963 1226 1017 Erinnys,

1592 960 1679 1002 270

229 1030 473 1084 Cognatum
492 1034 664 1074 lucrata
684 1032 806 1073 nefas
824 1045 834 1073 ι
868 1035 914 1072 at
938 1031 1115 1072 concita
1136 1043 1285 1071 caecos

228 1098 404 1139 Errores
424 1099 562 1152 aperit
581 1100 737 1153 pietas,
758 1111 841 1139 nec
863 1110 997 1152 passa
1016 1098 1208 1138 furentes

227 1164 496 1206 Communes
517 1166 711 1206 declarat
731 1177 864 1206 avos:
896 1163 959 1205 illi
982 1176 1102 1204 arma
1121 1163 1332 1218 facesque

227 1232 395 1284 Sponte
416 1232 621 1282 relicturi,
642 1233 793 1286 galeas
816 1232 872 1273 ad
895 1234 1042 1272 mutua
1063 1230 1221 1272 laxant

226 1298 411 1350 Oscula,
433 1300 702 1354 mutatisque
720 1304 876 1353 petunt
897 1299 1084 1340 tentoria
1105 1297 1285 1351 parmis.

1593 1295 1680 1336 275

282 1365 451 1407 Interea
472 1367 629 1418 stragis
650 1366 786 1407 sociae
808 1378 1019 1406 concessa
1040 1365 1255 1419 sepulcris

225 1433 325 1474 Pax
347 1438 455 1474 erat.

515 1433 730 1474 AEacides
751 1445 913 1473 caesum
932 1432 1078 1485 lugere
1096 1432 1308 1480 sodalem,

225 1500 449 1540 Haemonii
471 1499 766 1553 Hysiphiden,
782 1502 823 1539 te
844 1498 971 1540 Creta
993 1504 1191 1552 paterna,
1212 1498 1401 1544 Merion,

226 1565 428 1619 Quisque
450 1578 570 1607 suos.
618 1566 812 1619 Jamque
835 1566 878 1605 in
899 1566 1096 1618 geminos
1116 1568 1401 1618 procusserat
1423 1574 1560 1604 annos

224 1632 393 1673 Foedus
411 1646 420 1674 :
453 1638 499 1673 at
517 1633 559 1673 in
579 1636 696 1674 tanta
714 1632 910 1685 populus
931 1644 1063 1684 quam
1084 1631 1236 1672 sanxit
1255 1634 1432 1684 uterque

1588 1627 1675 1670 280

224 1699 360 1749 Pace,
382 1700 471 1741 alia
491 1699 694 1740 Inachios
717 1700 860 1739 turbat
882 1697 1107 1739 discordia
1125 1710 1264 1750 reges,

222 1765 282 1806 Et
303 1767 420 1818 regni
436 1766 612 1806 dubium
633 1764 805 1805 culmen
827 1764 996 1817 quatit:
1030 1764 1169 1805 altera
1190 1775 1361 1817 semper

221 1831 333 1873 Jura
354 1845 553 1886 premens
571 1832 698 1881 livor,
722 1836 766 1872 et
781 1832 841 1872 nil
862 1832 1029 1884 insigne
1050 1831 1212 1884 cupido

224 1898 275 1939 In
296 1900 442 1942 socios
463 1899 658 1941 cessisse
680 1899 834 1949 ferens,
857 1902 1102 1952 coguntque
1124 1900 1413 1952 premuntque

828 2015 948 2030 ‘‘‘‘‘

262 2095 326 2124 279
349 2093 548 2126 Processerat
574 2094 729 2126 Dresem.

951 2015 1068 2028 oooooo

877 2190 909 2222 N
915 2190 1017 2223 OTAE

220 2272 265 2294 rae
293 2262 441 2295 melioris
470 2263 592 2304 opima’
616 2264 751 2296 vocavit
780 2272 832 2296 lx.
858 2263 919 2297 foe-

218 2312 345 2344 cundas
361 2314 402 2343 ad
425 2319 649 2345 commeatum
668 2315 832 2355 regiones,

257 2365 319 2394 261
344 2364 392 2394 Ac
404 2364 486 2402 juga
501 2368 641 2404 spectans
659 2365 795 2396 Crurum
818 2365 918 2397 tincta

215 2412 314 2451 notis]
329 2412 417 2451 Juga
430 2422 564 2443 crurum
577 2419 654 2445 sunt
667 2414 917 2454 prominentiae‚

216 2461 325 2502 tuber,
337 2462 429 2502 πρὼν,
447 2467 483 2494 ut
507 2463 611 2503 ‘juga
625 2464 748 2494 montis
762 2464 770 2476 ’
795 2464 918 2504 Vir-gil.

215 2511 270 2542 Sic
285 2512 293 2528 ‘
307 2512 469 2543 montium
489 2513 633 2552 scapulae
652 2512 660 2526 ¹
690 2514 917 2545 Tertullianus

214 2561 299 2592 libro
310 2561 352 2592 de
366 2563 478 2602 pallio.
503 2562 664 2594 Ovidius:
683 2564 917 2605 ‘genuumque

215 2612 367 2643 tumebat
388 2612 503 2651 Orbis,
529 2617 564 2644 et
591 2613 774 2644 immodico
800 2614 913 2654 procli·

214 2661 296 2692 bant
312 2662 431 2693 tubere
449 2662 534 2694 tali.’
577 2662 631 2694 Ita
646 2668 654 2681 ‘
668 2662 805 2703 fastigia
821 2672 914 2694 sura-

214 2710 308 2740 rum'
335 2710 421 2743 dixit
445 2713 582 2744 Lucret.
604 2721 656 2744 iv.
682 2712 770 2753 quod
795 2712 913 2745 laudat

214 2758 381 2791 Gifanius.

256 2812 318 2840 273
343 2810 522 2842 Communes
549 2812 685 2843 declarat
707 2812 795 2852 avos]
818 2812 905 2843 Lao-

213 2857 379 2890 medontis
403 2866 481 2892 sunt
501 2861 650 2894 Hesione
672 2867 708 2894 et
725 2863 899 2894 Priamus:

972 2267 1089 2298 horum
1120 2266 1209 2308 Ajax
1240 2270 1276 2298 et
1311 2265 1453 2298 Hector.
1507 2265 1595 2299 Vide
1622 2275 1665 2298 rr.

974 2319 1048 2347 150.

1013 2369 1076 2398 275
1101 2366 1298 2407 Mutatisque
1311 2369 1422 2406 petunt
1437 2365 1572 2396 tentoria
1593 2374 1668 2405 par·

970 2417 1047 2457 mis]
1073 2416 1241 2447 Homerus
1271 2415 1370 2446 aliter
1398 2415 1438 2447 ΙΙ.
1460 2419 1498 2445 K.
1549 2413 1667 2454 Ajacis

972 2467 1060 2497 enim
1083 2466 1248 2505 ἇντίδωρον
1270 2464 1425 2505 ζωστῆρα,
1449 2470 1483 2495 et
1505 2462 1667 2495 Hectoris

971 2514 1058 2554 ξίφος
1084 2515 1249 2545 nominat:
1274 2514 1317 2545 de
1336 2520 1479 2554 utroque
1505 2512 1665 2543 Graecum

971 2565 1177 2605 epigramma
1193 2568 1309 2594 notum
1325 2567 1389 2594 est.

1012 2616 1076 2644 279
1099 2613 1138 2644 In
1163 2613 1302 2652 geminos
1331 2612 1525 2652 procusserat
1553 2607 1665 2649 annos]

970 2663 1075 2702 Lego,
1097 2665 1107 2682 ⁴
1125 2660 1363 2702 processerat.’

1010 2716 1073 2745 283
1097 2714 1143 2744 Et
1166 2713 1212 2743 nil
1233 2712 1356 2750 insigne
1381 2709 1489 2750 cupido
1506 2708 1546 2739 In
1566 2708 1663 2739 socios

965 2763 1090 2794 cessisse
1114 2761 1232 2802 volens]
1255 2761 1371 2792 Petita
1395 2759 1513 2790 isthaec
1530 2767 1570 2789 ex
1588 2768 1662 2789 ver-

964 2813 1016 2843 bis
1033 2813 1167 2852 Dictys,
1181 2820 1222 2842 n.
1247 2819 1339 2842 more
1361 2808 1488 2849 ingenii
1508 2808 1659 2846 humani,

959 2860 1050 2903 qnod
1086 2860 1289 2893 imbecillum
1325 2858 1484 2890 adversus
1521 2857 1657 2888 dolores
