1889 3194
595 373 657 402 DE
692 371 847 401 BELLO
880 368 1105 400 TROJANO
1139 367 1233 397 LIB.
1266 367 1332 397 vl.

1591 356 1675 398 551

228 467 402 508 Felices
421 465 615 508 habuere
635 479 807 515 manus,
827 465 994 507 felicior
1014 464 1091 506 illa

226 533 344 584 Quae
366 534 503 575 caedis
524 535 821 588 scelerumque
841 534 978 583 faces,
993 532 1185 585 bellique
1205 533 1438 584 tyrannum

224 600 438 651 Abstulit,
456 607 502 642 et
514 602 709 643 moechos
730 602 853 643 dedit
868 602 928 642 ire
943 601 990 642 in
1008 599 1197 641 Tartara
1218 610 1382 638 manes.

281 668 426 718 Vade,
445 682 622 718 nocens,
646 682 734 722 quo
755 681 876 710 noxa
896 667 1028 709 trahit
1048 679 1059 708 ε
1090 671 1134 707 te
1151 668 1280 707 sexta
1303 664 1490 705 meretur

220 734 441 777 Taenariae
464 736 681 789 spelunca
701 736 875 786 domus,
899 735 936 776 si
958 739 1140 789 quartus
1161 744 1332 774 amores
1588 728 1676 770 525

222 802 412 843 Tractus
431 802 576 853 habet,
596 803 861 857 quintusque
882 803 1027 844 viros:
1059 806 1107 843 at
1129 800 1327 842 adultera
1347 799 1489 841 vitant

224 868 408 918 Funera,
429 873 469 910 et
488 870 656 911 incesto
678 882 934 923 congressos
958 869 1105 910 Marte
1128 873 1350 922 tyrannos.

222 934 290 976 Te
311 936 445 989 plaga
467 936 729 990 sulphureas
747 937 959 978 Titanum
981 936 1190 990 amplexa
1217 938 1399 975 catenas

224 1003 441 1044 Demerso
462 1003 668 1045 clausura
689 1005 804 1053 sinu,
826 1016 917 1044 uox
937 1003 1107 1050 ultima,
1129 1009 1176 1043 et
1197 1002 1287 1042 ima

224 1068 380 1112 Poscit
400 1070 583 1111 humus·
613 1072 694 1113 tibi
729 1071 844 1124 Styx
874 1070 1041 1120 odium,
1066 1069 1430 1122 Phlegethonque
1452 1039 1658 1119 vapores,

223 1134 421 1190 Cocytus
438 1137 677 1191 lacrymas,
691 1138 902 1179 Acheron
920 1137 1116 1178 lamenta
1137 1136 1359 1190 propinat.

1589 1130 1672 1171 531

223 1202 289 1244 Te
309 1210 439 1258 portu
460 1206 616 1259 procul
634 1206 695 1247 ire
711 1205 904 1254 Charon,
928 1208 973 1246 et
993 1205 1142 1245 limine
1163 1207 1293 1255 cogat

226 1269 471 1314 Cerberus:
504 1276 549 1313 at
565 1272 740 1313 tandem
756 1285 855 1312 cum
864 1272 959 1325 jam
980 1271 1265 1312 transmissus
1282 1269 1441 1317 abibis,

227 1335 472 1380 Occurrant
493 1339 624 1380 Erebi
644 1343 810 1393 pesteS‚
832 1351 949 1379 mors
971 1338 1112 1378 omnis
1133 1338 1179 1378 in
1199 1349 1333 1377 unum

221 1402 458 1447 vAcceleret
471 1407 622 1460 jurata
642 1409 777 1458 caput
795 1419 804 1446 :
837 1405 916 1446 tibi
935 1404 1154 1444 Tantalus
1176 1403 1334 1451 undas,

1592 1400 1678 1442 535

225 1471 359 1512 Ixion
375 1473 535 1522 radios,
550 1485 711 1513 saxum
731 1471 967 1512 remeabile
994 1470 1150 1511 reddat

222 1538 458 1592 Sisyphus,
477 1553 530 1581 ac
549 1539 708 1593 Tityus
725 1539 926 1580 volucres
945 1551 955 1579 :

985 1538 1086 1578 haec
1107 1537 1271 1590 gaudia
1293 1549 1458 1586 sumaS,

225 1604 344 1646 Dum
364 1620 484 1648 mare
506 1607 655 1647 sorbet
673 1618 826 1660 aquas,
847 1606 1010 1646 imbres
1025 1605 1131 1646 dum
1150 1604 1328 1645 nuntiat
1350 1603 1450 1644 Iris.

282 1672 527 1727 Postquam
550 1673 754 1714 Helenen
772 1673 965 1728 trepidas
978 1685 1165 1713 exurens
1187 1672 1367 1712 nuntius
1390 1683 1515 1712 aures

224 1738 439 1790 Perculit,
462 1741 621 1794 ingenti
641 1740 815 1793 longum
832 1752 1048 1794 suspensa
1069 1739 1220 1780 dolore

1591 1738 1676 1780 540

879 1869 1022 1902 NOTAE

267 1946 330 1976 524
349 1944 446 1985 Vade,
467 1955 589 1983 nocens,
616 1955 675 1987 quo
700 1955 783 1977 noxa
807 1944 923 1985 trahit]

225 1993 378 2030 Cointus,
403 1995 471 2026 Dio
494 2000 530 2027 et
551 1996 777 2027 Philostratus
796 1994 831 2025 in
852 1994 924 2025 He-

225 2042 337 2080 roicis,
350 2045 432 2076 item
446 2044 675 2086 Apollodorus
694 2049 729 2076 et
741 2045 923 2076 Partheni-

225 2101 264 2122 us
280 2101 330 2125 tv.
346 2103 379 2134 p.
396 2096 471 2125 234.
493 2105 512 2126 a
526 2095 723 2126 Philoctete
734 2094 922 2125 sauciatum

224 2142 356 2182 volunt,
371 2144 584 2186 eundemque
598 2149 777 2180 mortuum,
790 2144 922 2175 OEnone

226 2191 442 2233 medicinam,
464 2204 563 2235 quam
587 2195 659 2225 sola
683 2193 806 2225 afferre
827 2198 923 2234 pote-

226 2245 293 2281 rat,
317 2249 483 2283 negante:
516 2243 575 2274 sed
606 2243 694 2274 illam
722 2243 926 2283 poenitentia

226 2289 363 2322 ductam
378 2291 606 2323 animidolore
621 2293 810 2333 expirasse.
835 2293 924 2324 Thu-

225 2340 359 2381 cydidis
389 2342 531 2374 Graecus
563 2343 730 2383 interpres
758 2343 923 2375 describit

226 2390 456 2422 Philoctetem
470 2401 478 2422 ε
500 2392 561 2423 Διὰ
574 2391 631 2423 τὸν
645 2391 774 2432 Πάριδος
789 2391 924 2424 θάνατον

225 2438 356 2477 θήλειαν
369 2439 463 2472 νόσον
474 2440 664 2481 νοσήσαντα,
676 2441 777 2480 καὶμὴ
788 2442 923 2483 φέροντα

224 2490 285 2529 τὴν
299 2489 464 2531 αἰσχύνην,
476 2493 540 2524 &c.
558 2501 583 2524 1.
603 2502 634 2533 p.
649 2495 681 2524 9.
723 2493 766 2524 Id
790 2503 923 2535 quoque

226 2542 487 2583 advertendum,
507 2542 665 2583 eundem,
683 2552 782 2584 quem
805 2552 922 2574 omnes

226 2601 303 2624 cum
317 2593 443 2625 Nostro
460 2592 684 2624 conviciatum
698 2597 792 2632 eunt,
805 2602 848 2624 ex
864 2592 923 2624 ad-

225 2652 324 2674 verso
342 2643 384 2674 ab
401 2643 556 2675 Isocrate
573 2643 718 2674 maxime
740 2643 873 2675 laudari
888 2644 924 2675 in

226 2693 381 2725 encomio
407 2693 571 2725 Helenes.
621 2694 844 2735 Prosequitur
868 2704 925 2726 au·

226 2749 295 2775 tem
325 2744 418 2776 illum
449 2743 621 2786 ἀποπομπῇ
655 2749 694 2776 ut
724 2745 848 2785 Papin.
871 2753 924 2776 xr.

226 2795 401 2827 Eteoclem
429 2800 464 2827 et
493 2796 702 2837 Polynicem.
742 2795 821 2827 ‘Ite
853 2800 923 2827 tru-

226 2854 283 2876 ces
298 2845 444 2882 animae.’
466 2850 503 2878 ut
521 2845 727 2878 Claudianus
752 2844 876 2878 Ruffin.
894 2845 926 2877 in

224 2893 293 2927 fine
308 2894 396 2927 libri.

1022 1946 1065 1977 Te
1087 1949 1178 1977 sexta
1201 1949 1337 1977 meretur
1359 1944 1512 1976 Taenariae
1531 1943 1677 1984 spelunca

974 1995 1096 2036 domus]
1122 1995 1236 2027 Aliter
1259 1999 1389 2027 tractus
1411 1994 1591 2026 infernales
1607 1993 1674 2024 dis-

976 2046 1113 2087 tinguit,
1144 2055 1245 2087 quam
1277 2049 1338 2076 aut
1370 2045 1493 2085 Virgil.
1524 2053 1574 2076 vr.
1615 2048 1675 2074 aut

977 2095 1081 2127 Ovid.
1095 2105 1145 2127 ιν.
1162 2095 1345 2126 Metamor.
1382 2094 1484 2125 Silius
1500 2094 1602 2125 etiam
1614 2093 1675 2125 lib.

978 2154 1062 2176 xnr.
1078 2144 1197 2176 decem
1218 2144 1374 2184 regiones
1395 2143 1466 2174 sive
1489 2143 1675 2173 animarum

977 2195 1140 2226 stationes
1170 2193 1282 2234 fingit,
1310 2192 1461 2224 diversas
1490 2196 1603 2223 tamen
1630 2191 1674 2221 ab

976 2245 1047 2277 his:
1083 2245 1133 2276 ita
1163 2247 1201 2275 ut
1230 2243 1311 2274 satis
1341 2246 1518 2283 appareat,
1548 2241 1674 2273 Poetas

976 2294 1094 2326 finium
1108 2293 1349 2334 regundorum,
1366 2291 1556 2333 praesertim
1575 2291 1610 2322 in
1626 2292 1673 2322 lo-

976 2345 1026 2376 cis
1049 2344 1129 2383 illis,
1149 2343 1299 2374 rationes
1320 2342 1506 2383 ignorasse.
1551 2342 1673 2373 Totum

977 2402 1059 2424 vero
1088 2393 1151 2423 hoc
1175 2392 1217 2422 ad
1243 2391 1468 2422 imitationem
1493 2390 1674 2422 Claudiani

977 2442 1216 2483 compositum,
1240 2441 1331 2482 quod
1357 2439 1459 2472 facile
1476 2440 1594 2472 unicus
1616 2440 1673 2472 ille

978 2500 1095 2523 versus
1125 2495 1265 2532 arguat:
1292 2490 1406 2521 ‘Dum
1436 2499 1527 2521 mare
1558 2490 1675 2522 sorbet

977 2552 1092 2584 aquas,
1137 2541 1262 2573 imbres
1297 2540 1376 2571 dum
1413 2540 1548 2572 nuntiat
1584 2539 1673 2571 Iris?

978 2592 1099 2624 Claud.
1123 2591 1272 2624 carmine
1300 2590 1333 2621 in
1359 2588 1527 2621 Ruffinum
1552 2589 1672 2622 eodem

976 2643 1077 2674 modo
1101 2641 1292 2673 concludit:
1316 2641 1326 2659 ‘
1346 2641 1437 2671 Dum
1463 2644 1556 2672 rotat
1581 2645 1673 2672 astra

979 2693 1090 2734 polus,
1105 2691 1235 2723 feriunt
1249 2691 1328 2722 dum
1344 2690 1457 2722 sidera
1472 2690 1587 2722 venti.'

1020 2745 1081 2774 535
1109 2741 1180 2774 Tibi
1198 2741 1348 2773 Tantalus
1361 2741 1472 2782 undas,
1489 2741 1560 2782 ξω]
1583 2740 1670 2773 Vide

977 2802 1028 2825 xv.
1057 2794 1132 2824 201.
1154 2791 1204 2823 ita
1234 2791 1399 2822 Nazianz.
1430 2790 1611 2832 posteriori
1636 2791 1670 2822 in

981 2843 1169 2884 Julianum,
1187 2851 1302 2883 poenas
1315 2842 1371 2873 has
1389 2841 1437 2872 illi
1453 2841 1673 2883 imprecatur,

975 2905 1007 2936 p.
1021 2897 1093 2927 132.
