1889 3194
263 347 348 388 4:32

781 351 981 383 JOSEPHI
1016 349 1181 381 {SCANt

267 450 413 491 Marte
434 449 690 503 utinamque
705 460 805 489 meo
825 458 836 486 :
859 459 939 488 nec
959 445 1073 485 enim
1094 444 1191 492 tibi,
1209 442 1239 485 J
1242 455 1345 494 uno,
1369 447 1557 497 nepotes

266 517 469 567 Invideo,
487 518 526 558 si
541 517 674 569 digna
692 520 836 556 tamen
854 527 865 555 ι
894 525 976 553 nec
997 517 1121 564 turpe
1140 510 1391 551 Minervam

267 583 331 625 Ut
352 585 523 625 socium
543 595 765 624 numerare
786 592 922 633 genus
939 592 949 620 :
971 581 1038 620 tot
1057 577 1171 619 freta
1191 577 1334 618 Dione

1619 572 1705 614 5⁴25

265 649 532 691 Vindicibus
550 649 696 703 potuit
710 649 880 697 saltem,
900 647 938 688 si
954 647 1048 688 fata
1066 646 1285 695 tulissent,

267 717 522 770 Serpentum
541 729 630 757 non
649 728 747 756 esse
764 726 938 768 parens,
957 713 1197 766 miserique
1219 726 1297 766 per
1313 713 1463 753 urbem

267 783 426 824 Exulis
445 783 659 836 explicito
678 785 856 835 raperet
879 779 1062 833 vestigia
1080 791 1185 833 gyro

267 849 509 890 Harmonie
538 849 725 899 Martis3
755 847 864 896 vidi,
879 847 971 888 vidi
990 847 1091 900 ipsa
1110 846 1291 887 nefande

269 915 464 966 Caesum,
486 929 613 970 quem
628 914 800 969 peperit
814 914 1045 968 populum.
1105 914 1180 954 Sic
1202 914 1292 954 sata
1311 914 1552 956 madentem
1623 913 1707 954 530

269 983 455 1024 Inclinat
476 983 663 1032 vultum,
681 994 920 1035 rursusque
940 993 1131 1022 accensa
1152 980 1352 1034 profatur
1377 994 1385 1019 :

322 1049 392 1090 De
412 1049 528 1090 facie
544 1049 603 1089 nil
624 1048 736 1090 laesa
752 1061 923 1102 queror,
939 1047 1175 1088 metuenda
1198 1047 1389 1088 Deorum

266 1115 443 1156 Invidia
463 1120 558 1157 est:
590 1115 754 1156 blando
776 1115 948 1156 Semele
970 1121 1239 1168 conceperat
1260 1118 1395 1164 astro,

266 1181 405 1223 Plena
426 1186 539 1232 Deo,
561 1182 756 1237 paritura
776 1181 922 1223 Deum
940 1195 950 1223 ε
981 1181 1209 1234 denusque
1232 1182 1427 1223 tumebat

266 1248 454 1299 Mensis,
477 1263 575 1290 cum
594 1249 623 1291 J
627 1262 709 1290 uno
728 1249 892 1290 vultum
909 1248 1095 1289 mentita
1109 1260 1307 1289 severum

265 1314 470 1365 Accedit,
492 1315 742 1369 persuadet,
766 1315 886 1356 abit:
918 1315 1037 1368 quid,
1058 1314 1253 1365 credula,
1276 1315 1485 1368 simplex,

268 1382 434 1432 Inscia,
446 1383 595 1436 jurato
609 1382 820 1436 premitur
838 1381 867 1423 J
871 1383 985 1423 ove?
1017 1382 1093 1422 Sic
1113 1386 1189 1423 tua
1209 1382 1367 1434 longis,

267 1448 449 1500 Cadme,
471 1449 584 1490 fides
604 1449 795 1503 perfecta
810 1449 908 1497 viis,
934 1449 999 1490 sic
1021 1461 1192 1489 annuus
1216 1461 1334 1489 error

269 1516 502 1557 Emeruit?
534 1529 635 1557 cum
651 1521 780 1570 rapta
801 1528 938 1565 soror,
959 1515 1223 1568 viduamque
1245 1527 1423 1570 parares

267 1582 296 1622 J
300 1595 489 1623 unonem
508 1583 679 1624 sancire
701 1583 730 1624 J
735 1583 825 1632 ovi,
846 1586 890 1623 te
909 1583 1105 1623 luctibus
1125 1595 1228 1623 ecce

1622 1581 1707 1621 510

269 1648 497 1690 Munerat:
528 1649 658 1703 inque
679 1653 778 1690 tuos
800 1648 986 1690 flammis
1007 1652 1195 1689 armatur
1216 1647 1434 1689 alumnos.

267 1713 486 1761 Gaudeat,
506 1729 559 1757 en
582 1716 702 1769 quali
723 1716 865 1757 deitas
881 1728 1041 1769 rugosa
1058 1715 1273 1768 triumpho

270 1780 453 1823 Molitur
472 1784 637 1832 titulos,
657 1783 844 1824 tremula
867 1783 971 1823 dum
989 1782 1146 1824 militat
1161 1782 1304 1829 hasta,

269 1847 454 1890 Altricis
475 1850 658 1891 mentita
677 1849 807 1890 fidem
825 1863 834 1889 z
867 1862 965 1889 nam
988 1853 1134 1890 cetera
1154 1848 1298 1889 nullus

876 1956 1112 1969 ”mm

312 2023 376 2052 529
401 2021 569 2053 Hermione
592 2023 625 2053 in
642 2022 810 2063 prioribus
827 2022 904 2055 edd.
941 2022 1031 2054 Vide
1044 2027 1114 2053 not.

921 2118 952 2150 N
959 2117 1061 2151 OTAE

309 2183 372 2212 527
396 2179 580 2221 Serpentum
590 2189 649 2212 mm
658 2190 723 2212 esse
733 2182 859 2223 parens]
876 2182 964 2213 Har-

268 2231 379 2260 monie
394 2239 469 2261 cum
487 2230 615 2261 Cadmo
631 2231 664 2261 in
681 2236 875 2271 serpentem
892 2241 964 2262 mu-

268 2285 339 2311 tata
354 2286 418 2316 est,
437 2290 512 2321 quae
525 2280 594 2312 filia
609 2282 732 2313 Martis
747 2286 780 2313 et
795 2281 939 2313 Veneris
954 2292 962 2311 :

268 2329 427 2369 Apollod.
448 2339 505 2361 ιιι.
522 2341 555 2371 p.
573 2334 645 2363 143.
687 2331 787 2363 Ovid.
804 2341 852 2363 tv.
874 2333 962 2363 Met.

268 2380 391 2419 Papin.
410 2389 434 2412 1.
460 2380 564 2413 Theb.
581 2381 737 2422 Hyginus
747 2381 829 2414 Fab.
842 2384 874 2413 6.
889 2384 963 2414 176.

310 2431 374 2460 529
397 2430 585 2471 Harmonie]
609 2431 661 2462 Ex
679 2431 846 2471 prioribus
858 2431 965 2472 liquet

270 2479 444 2510 Harmonie
467 2480 662 2521 legendum,
689 2490 756 2511 non
781 2480 963 2520 Hermione,

268 2533 307 2558 ut
342 2528 375 2558 in
402 2528 474 2560 aliis
510 2529 712 2562 editionibus
750 2531 964 2563 retinuerant

267 2576 440 2609 ἀσκέπτως.

310 2629 374 2658 530
400 2628 535 2667 Coesum,
548 2637 636 2668 quem
656 2629 777 2668 peperit
802 2628 962 2669 populum]

268 2675 354 2708 Quis
371 2676 427 2707 ine
454 2685 496 2707 ex
514 2677 665 2707 Palladis
682 2678 805 2717 partu?
841 2678 964 2719 Loqui-

269 2728 324 2755 tur
361 2725 403 2755 de
442 2726 601 2759 dentibus
632 2728 813 2768 Draconis,
843 2728 963 2769 quibus

269 2773 417 2803 Cadmus
441 2777 619 2807 sementim
636 2776 732 2812 fecit,
753 2777 841 2807 unde
858 2787 963 2808 arma-

267 2822 307 2860 ti,
332 2831 415 2861 quos
441 2824 579 2862 spartos
606 2826 834 2867 nominabant,
857 2826 961 2865 enati,

269 2870 366 2910 ‘quis
387 2872 449 2902 aevi
472 2883 625 2906 mensura
646 2873 740 2912 dies‚'
760 2880 797 2906 ut
823 2875 869 2906 ait
894 2876 960 2906 Pa-

1018 2181 1086 2222 pin.
1103 2191 1152 2213 rv.
1165 2181 1327 2214 Thebaid.
1360 2181 1468 2212 Plura
1481 2180 1640 2222 Apollod.
1654 2190 1712 2213 ιιι.

1019 2241 1051 2272 p.
1068 2235 1142 2263 137.
1160 2233 1252 2273 Hyg.
1271 2232 1351 2263 Fab.
1371 2234 1443 2263 178.

1061 2282 1117 2313 Sic
1127 2282 1203 2320 sata
1225 2283 1397 2313 madentem
1422 2281 1559 2312 Inclinat
1577 2280 1711 2321 vultum]

1018 2331 1177 2364 Ovidium
1204 2332 1376 2363 imitatur:
1402 2332 1412 2349 ‘
1425 2331 1599 2370 Manuque
1614 2331 1712 2360 simut

1017 2381 1240 2422 lacrymantia
1262 2381 1360 2412 tersit
1380 2379 1544 2412 Lumina-¹
1568 2380 1712 2412 Metam.

1017 2439 1102 2463 xnr.

1060 2482 1124 2511 532
1146 2479 1308 2520 Defncz'e]
1349 2478 1494 2517 Desatis
1514 2476 1711 2517 tegendum,

1018 2535 1159 2561 monent
1176 2540 1252 2572 qnae
1275 2532 1485 2570 sequuntur=
1508 2526 1573 2557 nisi
1593 2525 1635 2556 ad
1650 2525 1711 2557 Ju-

1017 2580 1116 2611 nonis
1131 2579 1253 2611 faciem
1270 2584 1307 2610 et
1322 2576 1455 2609 BeroEn
1472 2575 1611 2606 referas.

1059 2632 1122 2661 540
1144 2631 1297 2660 Junonem
1317 2627 1437 2658 sancire
1451 2625 1540 2666 Jovi]
1573 2625 1710 2657 Junone

1018 2679 1140 2710 relicta
1157 2680 1302 2718 Europae
1327 2675 1522 2708 adhaerebat
1545 2675 1707 2715 Jupiter:

1017 2727 1165 2759 Cadmus
1189 2732 1302 2758 autem
1320 2733 1468 2756 sororem
1492 2733 1655 2765 quaerens,
1670 2725 1709 2755 il-

1016 2777 1080 2808 lam
1097 2777 1176 2809 Jovi
1193 2780 1345 2815 ereptum
1369 2774 1457 2805 ibat:
1493 2779 1530 2805 ut
1549 2784 1624 2806 cnm
1648 2775 1708 2807 Ju-

1017 2836 1103 2858 none
1118 2826 1257 2867 Jupiter
1271 2824 1304 2855 in
1321 2823 1464 2864 gratiam
1482 2823 1622 2856 rediret.
