1889 3194
532 365 594 394 DE
629 363 785 394 BELLO
817 362 1041 393 TROJANO
1077 362 1171 392 LlB.
1206 362 1255 392 11.

173 457 259 498 Vel
275 469 424 498 sacros
445 469 617 510 aequare
638 456 824 498 modos?
855 459 899 497 at
918 456 956 496 si
975 467 1066 509 qua
1083 455 1244 496 fatendi

1528 351 1613 393 429

1528 456 1614 496 475

173 525 372 565 Libertas
393 525 500 573 veri,
520 524 651 574 nosti,
672 536 784 577 puer
803 523 985 576 inclyte,
1004 522 1138 572 nosti,

174 590 290 641 Quae
309 603 453 632 rerum
473 591 622 640 series,
647 590 814 631 steterit
835 603 921 643 quo
943 589 1117 631 cardine
1138 601 1291 639 causa,

174 657 320 708 Quam
337 658 448 698 bene
469 671 555 698 rem
578 670 719 698 sermo
736 657 988 709 digesserit:
1018 656 1161 697 indice
1181 656 1320 705 vultu,

173 724 364 777 Eloquio
385 724 553 773 frontis,
573 724 702 764 oculo
719 733 910 774 censore,
931 722 1121 764 secanda

174 791 254 832 Lis
276 796 389 832 erat:
420 791 533 831 unde
554 791 683 844 igitur
698 794 865 832 armata
883 790 1066 831 licentia
1085 789 1208 831 fandi

1530 787 1616 828 480

175 856 418 907 Infremuit,
447 858 485 898 si
502 857 613 898 dura
631 858 777 898 minus
796 869 1074 910 reverensque
1093 856 1290 910 pudoris,

176 923 236 964 Et
253 922 369 964 Jove
385 924 623 978 progenita,
641 929 686 965 et
708 924 828 977 virgo
848 923 1046 965 Tritonia
1068 923 1188 964 credi

177 989 371 1032 Posset‘e
403 990 464 1031 At
482 991 667 1032 emeruit
688 990 921 1032 Musarum
943 990 1140 1031 maxima
1159 989 1265 1039 dici,

177 1057 285 1099 Non
304 1070 427 1110 nego,
448 1056 570 1110 fingit
587 1058 716 1106 enim,
736 1057 934 1111 nullique
953 1057 1039 1098 hac
1060 1061 1183 1110 parte
1205 1055 1400 1098 secunda

177 1123 497 1177 Falsigraphos
518 1129 766 1165 commenta
784 1124 940 1166 docet:
972 1124 1107 1165 docet
1128 1124 1308 1165 auribus
1328 1123 1389 1164 uti

1536 1121 1620 1162 485

179 1190 414 1241 Mollibus,
433 1195 475 1232 et
494 1203 642 1232 caecos
661 1204 736 1244 per
755 1190 914 1232 frivola
933 1190 1094 1232 ducere
1114 1203 1288 1232 sensus.

181 1257 380 1311 Cumque
400 1271 480 1311 per
501 1259 709 1310 ambages
729 1258 853 1311 nugis
874 1270 1096 1311 pomposa
1115 1257 1317 1299 venustis

180 1324 428 1377 Phyllidas,
450 1324 734 1378 Hysiphilas,
756 1328 800 1364 et
818 1324 974 1377 praelia
987 1327 1134 1364 nostra
1152 1326 1380 1373 retractet,

181 1389 398 1431 Lucratur
419 1404 590 1432 sacram
608 1391 781 1432 venalis
797 1391 952 1431 fabula
970 1391 1156 1431 laurum.

182 1457 247 1498 At
266 1458 305 1498 si
324 1457 522 1498 militiam
537 1457 726 1510 fingendi
744 1456 867 1498 foeda
887 1457 1081 1498 facultas

1537 1455 1623 1495 490

182 1523 316 1565 Hanc
338 1523 542 1565 habitura
562 1523 663 1574 fuit,
687 1524 844 1565 saltem
865 1523 1103 1565 discrimen
1118 1521 1370 1564 habendum

182 1590 235 1631 In
255 1603 400 1644 quam,
421 1591 541 1644 quid,
561 1603 698 1644 quare
717 1604 728 1643 3
763 1603 842 1632 nec
863 1591 978 1632 enim
999 1591 1038 1632 si
1053 1595 1157 1632 nata
1178 1590 1356 1631 cerebro

834 1715 866 1746 N
873 1715 975 1747 OTAE

226 1787 288 1816 479
312 1785 408 1815 Oculo
423 1794 556 1823 censore,
571 1785 702 1815 secanda
722 1784 779 1814 Lis
795 1784 879 1826 erat]

183 1835 224 1866 Iu
241 1844 309 1865 rem
321 1839 524 1874 praesentem
541 1835 588 1865 ait
601 1834 824 1872 veniendum3
841 1838 880 1866 ut

184 1887 271 1916 enim
289 1886 470 1927 Pindarus,
493 1886 644 1925 εὐώνυμον
666 1886 697 1917 ἐς
711 1884 797 1923 δίκην
809 1884 880 1925 τρία

185 1935 260 1967 ἔπεα
273 1936 435 1976 διαρκέσει.
478 1937 581 1968 Litem
595 1945 696 1967 secare
712 1941 764 1966 est
780 1936 880 1966 hono·

184 1986 262 2016 rarii
294 1986 424 2026 arbitri,
445 1986 534 2028 quod
558 1985 713 2016 Ciceroni
735 1985 768 2016 in
792 1985 879 2016 libro

186 2035 229 2066 de
247 2036 332 2066 Fato
347 2040 413 2075 est,
428 2035 683 2074 medfflmferire,
694 2040 733 2067 ut
744 2035 879 2076 quidem

188 2085 359 2116 Victorius
379 2086 464 2126 legit
487 2094 511 2116 1.
526 2088 577 2117 18.
594 2090 632 2116 ut
648 2090 682 2116 et
696 2085 813 2117 Graeci
828 2084 881 2124 με’·

187 2145 245 2164 σον
255 2133 374 2171 τέμνειν
387 2145 393 2164 :
417 2135 466 2166 ita
481 2135 569 2175 apud
582 2134 784 2166 Athenaeum
803 2143 881 2166 xw.

187 2183 246 2220 τὴν
273 2183 371 2222 μέσαν
398 2183 474 2215 νέων
489 2195 498 2214 :
530 2184 607 2215 vide
636 2184 769 2215 Erasm.
793 2189 803 2203 ‘
815 2194 882 2215 me-

188 2233 280 2264 dium
307 2233 445 2265 secare.'
501 2234 570 2266 Jul.
588 2234 705 2264 Caesar
729 2233 884 2274 Scaliger

189 2283 224 2313 in
248 2281 418 2323 farragine
445 2282 659 2323 poematum:
691 2282 884 2314 ‘Dicebant

189 2339 335 2368 veteres,
350 2332 495 2364 medium
509 2339 599 2364 secat
615 2344 621 2362 :
645 2333 709 2364 iste
731 2332 791 2364 sed
806 2334 884 2364 har-

189 2395 257 2426 pax
273 2386 483 2424 Extremum,
493 2385 652 2425 medium,
665 2384 883 2425 principium-

189 2445 254 2476 que
267 2435 384 2467 secat.'
422 2435 601 2467 Plutarch.
615 2445 640 2467 1.
656 2436 812 2475 Sympos.
823 2435 885 2473 ἐγὼ

190 2484 346 2522 διαιτητὴς
361 2484 515 2525 ἐρημένος,
535 2485 571 2516 οὐ
592 2484 709 2526 κριτὴς,
723 2484 887 2523 βαδιοῦμαι

190 2535 236 2566 διὰ
244 2533 352 2574 μέσου.
376 2535 496 2566 Horat.
511 2535 520 2552 ‘
533 2535 709 2566 ridiculum
721 2534 791 2565 acri
806 2534 888 2565 For-

189 2586 256 2618 tius
267 2591 301 2618 et
310 2586 570 2627 meliusmagnas
582 2586 782 2627 plerumque
791 2590 887 2616 secat

187 2635 266 2667 res!
310 2636 402 2677 Virg.
448 2637 457 2654 ‘
475 2646 574 2677 quam
611 2635 754 2676 quisque
791 2638 887 2666 secat

188 2685 308 2726 spem!
325 2687 463 2717 Lucret.
476 2695 534 2717 111.
548 2686 557 2703 ‘
569 2685 603 2717 Si
617 2685 731 2716 subito
742 2684 887 2716 medium

189 2735 293 2766 celeri
310 2735 506 2776 praeciderit
521 2735 592 2767 ictu
606 2735 668 2766 Vis
684 2734 816 2776 aliqua.’

232 2786 294 2815 485
327 2784 550 2825 Falsigraphos
581 2786 751 2815 commenta
786 2782 887 2823 docet]

191 2832 317 2864 Poetas
333 2833 454 2874 quibus
469 2834 615 2865 maxima
631 2833 674 2864 de
689 2832 795 2864 nihilo
811 2842 889 2863 nas·

190 2883 279 2914 citur
309 2883 468 2914 historia:
493 2885 501 2901 ‘
520 2892 659 2924 quorum
683 2882 889 2914 carminibus

191 2932 273 2964 nihil
297 2939 350 2965 est
372 2933 433 2964 uisi
450 2932 565 2964 fabula
589 2932 732 2964 coelum.’
780 2932 890 2962 Mani·

932 1784 1010 1816 lius.
1054 1784 1221 1822 Ὕλομανεΐ
1237 1782 1275 1814 τὸ
1294 1783 1440 1821 μυιὶῶδες,
1470 1781 1518 1812 ait
1545 1781 1626 1813 Isid.

931 1834 1047 1866 Pelus.
1057 1842 1097 1865 11.
1109 1836 1185 1865 278.
1200 1833 1266 1864 Οὐκ
1277 1832 1367 1864 ὁσίως
1377 1830 1629 1872 ψευδηγόρευσεν.

933 1884 1122 1925 Oppianus.
1174 1884 1251 1917 Qua
1286 1884 1329 1915 de
1362 1892 1399 1914 re
1423 1882 1565 1914 illustris
1593 1882 1627 1912 in

932 1938 1112 1975 utramque
1128 1938 1259 1973 partem
1275 1933 1364 1974 apud
1378 1932 1564 1964 Pindarum
1582 1932 1629 1961 lo-

933 1993 992 2015 cus
1008 1984 1108 2016 Nem.
1127 1983 1196 2015 Od.
1211 1992 1277 2014 vn.
1291 1985 1365 2014 281.
1403 1981 1631 2022 Fulsigraphus

934 2033 1106 2073 formavit,
1128 2037 1167 2065 ut
1189 2032 1318 2073 Attius,
1344 2032 1501 2071 Plautus,
1522 2031 1632 2062 Auso-

934 2084 1022 2120 nius,
1044 2084 1215 2123 falsidicus
1229 2093 1240 2115 .·
1271 2087 1309 2114 ut
1338 2083 1497 2124 antiquus
1528 2080 1631 2121 poeta

936 2135 946 2152 ‘
963 2133 1143 2175 Legicrepi
1180 2133 1341 2172 tundunt,
1376 2133 1501 2163 latrant
1536 2128 1633 2162 fora.'

935 2184 1024 2216 Vide
1042 2184 1223 2215 Catalecta
1236 2182 1401 2222 Scaligeri
1419 2191 1452 2222 p.
1469 2183 1545 2212 332.

979 2235 1081 2266 Docet
1100 2233 1227 2265 auribus
1240 2233 1290 2264 uti
1305 2231 1468 2271 Mollibus,
1487 2234 1518 2262 et
1539 2239 1633 2261 coecos

933 2292 991 2324 per
997 2283 1115 2321 fritola
1130 2284 1238 2314 ducere
1252 2281 1374 2321 sensus]
1398 2281 1454 2312 Illi
1469 2284 1508 2311 ut
1529 2280 1634 2319 pluri·

936 2342 1026 2364 mum
1042 2332 1184 2364 Veneris
1197 2336 1276 2363 sunt
1290 2330 1467 2369 satellites,
1482 2329 1512 2368 ἐξ
1523 2326 1634 2365 ὀνομά-

935 2393 1010 2423 των,
1026 2387 1064 2413 ut
1075 2380 1248 2413 AEschines
1259 2379 1411 2418 dicebat,
1426 2376 1634 2417 συγκείμενοι,

939 2437 1056 2464 contra
1083 2429 1298 2471 ctesiphont.
1327 2429 1385 2470 qui
1425 2425 1635 2467 καταγλυκαί-

940 2494 1027 2514 νουσι
1065 2481 1103 2513 τὸ
1138 2480 1263 2520 λόγων,
1305 2485 1353 2519 et,
1389 2484 1428 2511 ut
1460 2478 1633 2510 Pindarus

941 2531 1157 2574 Olymp.0d.
1169 2540 1194 2562 1.
1216 2531 1338 2570 βρσνῶν
1345 2527 1457 2569 φρένας
1471 2526 1563 2567 Ὑπὲρ
1577 2526 1634 2557 τὸν
1656 2550 1658 2553 ,

941 2582 1042 2619 ἆληθῆ
1056 2581 1155 2620 λόγον
1170 2577 1412 2618 Δεδαιδαλμένοι
1429 2576 1556 2618 ψεύδεσι
1568 2588 1634 2607 ποι-

940 2632 1038 2664 κίλοις
1061 2631 1269 2670 Ἐξαπατῶντι
1296 2630 1383 2668 μῦθοι
1405 2639 1413 2659 ;
1449 2637 1513 2666 quo
1540 2636 1636 2668 spec-

940 2686 1018 2714 tant
1041 2679 1218 2722 sequentia
1241 2678 1416 2719 Phyllidas,
1439 2677 1639 2718 Hisiphylas,

941 2736 978 2763 nt
995 2731 1123 2763 mavult
1138 2729 1358 2761 Casaubouus
1372 2728 1484 2768 legere
1505 2727 1538 2758 iu
1553 2727 1639 2758 Per-

943 2781 1005 2817 sio,
1023 2779 1111 2811 unde
1125 2779 1199 2811 haec
1216 2783 1340 2810 sumta.

984 2834 1048 2863 492
1071 2830 1112 2861 In
1133 2839 1237 2871 quam,
1259 2828 1345 2870 quid,
1367 2826 1477 2869 quare]
1499 2826 1589 2859 Vide
1611 2835 1637 2860 1.

944 2883 1018 2913 145.
1035 2888 1086 2911 vt.
1103 2881 1155 2910 33.
