1889 3194
484 603 626 653 PAU
635 603 697 652 LI
752 602 1118 653 VlNDINGII
1173 601 1406 652 NOTAE‚

219 1022 237 1062 ς
265 1023 281 1052 1
309 1021 434 1052 Cretam
455 1021 636 1062 convenere]
675 1019 753 1052 Hoc
773 1019 921 1052 Authori

221 1076 338 1102 nostro
363 1070 530 1102 familiare
556 1075 618 1107 est,
647 1071 782 1102 nomina
809 1070 921 1111 regio-

220 1129 299 1152 num
325 1126 361 1152 et
386 1122 568 1152 insularum
592 1121 664 1151 sine
681 1120 818 1160 adjecta
834 1129 921 1161 prae-

221 1170 389 1210 positione
428 1176 639 1202 construere.
711 1169 767 1201 Ita
800 1179 850 1202 vr.
888 1172 920 1201 2.

221 1221 231 1237 ‘
250 1220 388 1252 Cretam
426 1220 575 1261 patrium
613 1220 720 1251 solum
757 1220 921 1251 remeavi-

221 1269 324 1309 mus;'
348 1279 410 1310 pro
427 1271 436 1288 ‘
450 1270 484 1300 in
498 1269 663 1301 Cretam!
685 1279 726 1302 11.
742 1272 793 1302 14.
805 1274 813 1287 ¹
826 1271 922 1301 Lem-

222 1329 302 1350 num
332 1320 476 1351 insulam
510 1320 681 1352 mittitur-¹
703 1328 729 1351 ι.
754 1320 922 1360 ‘patriam

226 1370 387 1410 regredi,’
400 1372 465 1402 &m

265 1419 359 1451 Alter
378 1419 475 1460 Moli]
497 1419 688 1450 Merionem
704 1419 790 1451 Moli
818 1418 924 1451 filium

224 1478 301 1499 cum
318 1467 504 1499 Idomeneo
518 1468 686 1499 haeredem
699 1468 924 1500 constitutum

225 1518 422 1558 indignatur
438 1519 489 1549 vir
505 1518 627 1550 doctus
644 1519 678 1549 in
695 1519 783 1550 notis
797 1519 838 1549 ad
857 1519 887 1550 h.
903 1519 925 1549 l.

225 1578 266 1600 eo
283 1568 372 1609 quod
386 1569 498 1599 Melus
515 1566 602 1600 νόθος
618 1569 839 1600 Deucalionis
851 1567 925 1600 fue-

226 1619 283 1651 rit.
328 1618 516 1650 Idomeneo
542 1619 629 1650 adeo
653 1628 720 1649 non
738 1618 926 1659 displicuit,

226 1674 315 1700 teste
336 1668 488 1700 Authore
512 1679 537 1700 1.
556 1672 608 1701 13.
637 1670 646 1686 ‘
663 1669 866 1700 Idomeneus
891 1673 928 1701 et

226 1718 399 1750 Meriones
425 1729 553 1750 summa
579 1719 670 1750 inter
689 1729 725 1750 se
743 1719 927 1750 concordia

221 1767 361 1809 juncti.'
406 1769 528 1810 Neque
551 1769 611 1800 illa
636 1775 742 1801 aetate
764 1768 845 1801 νόθοι
871 1779 928 1801 ea-

227 1818 305 1849 dem
326 1819 511 1849 severitate
538 1818 582 1849 ab
608 1819 837 1859 successione,
863 1829 930 1860 qua

226 1867 343 1908 hodie,
362 1868 658 1908 excludebantur3
691 1871 781 1902 unde
807 1871 930 1902 Eusta-

229 1917 319 1949 thius
356 1917 399 1949 ad
435 1919 520 1949 hanc
546 1919 653 1959 ipsam
677 1929 807 1959 vocem,
830 1918 930 1955 νόθος,

230 1967 358 2009 Odyss.
372 1972 406 1999 Γ.
429 1967 465 1999 Εἰ
484 1967 518 2000 δὲ
534 1969 677 2001 σκοτίους
690 1969 777 2001 τινὰς
791 1969 843 2001 καὶ
853 1982 930 2010 παρ-

231 2018 345 2049 θενίους
359 2020 467 2050 παῖδας
483 2019 502 2057 ἦ
514 2018 635 2056 ποίησις
645 2019 800 2061 περιφέρει
815 2019 930 2059 σεμνόν

233 2080 270 2099 τε
283 2067 428 2108 ἔχοντας,
437 2069 488 2101 καὶ
499 2071 542 2110 τῷ
555 2069 680 2111 Πριάμῳ
688 2070 721 2102 δὲ
730 2070 856 2104 πλείους
868 2073 931 2103 τῶν

231 2118 370 2157 ’γνησίων
385 2119 414 2151 οἱ
428 2118 522 2158 νόθοι,
539 2118 607 2159 ἔχει
620 2132 657 2152 τε
669 2120 782 2161 καλὸν,
797 2124 861 2153 &c.
882 2131 930 2153 sc.

231 2170 396 2201 natalium
427 2170 643 2211 iniquitatem
670 2171 796 2202 virtute
826 2171 931 2202 corri-

233 2229 315 2259 gere
334 2218 474 2250 licebat.
518 2219 632 2250 Molas
656 2219 710 2250 hic
737 2220 816 2251 alibi
841 2220 932 2261 apud

234 2270 449 2302 Eustathium
473 2269 624 2310 Κρητικὸς
651 2271 860 2311 appellatur,
889 2269 932 2302 ad

234 2320 274 2352 ΙΙ.
290 2325 329 2352 K.
345 2323 420 2353 722.

278 2370 341 2401 Sed
365 2370 398 2401 hi
412 2380 473 2401 non
491 2370 673 2410 Plisthenis,
688 2372 723 2401 ut
738 2369 843 2410 erant]
866 2369 934 2401 Pa-

237 2421 341 2452 rentis
367 2421 570 2461 obscuritas,
592 2425 626 2453 et
651 2430 705 2452 res
732 2420 822 2451 forte
844 2420 936 2451 domi

235 2474 389 2511 angusta,
420 2470 544 2502 liberos
576 2471 609 2501 iu
641 2470 742 2501 aliam
772 2469 935 2501 familiam

237 2521 479 2560 transmiserat,
501 2520 591 2552 nude
612 2521 702 2561 apud
721 2519 883 2551 Nostrum
901 2529 936 2552 v.

238 2572 292 2602 16.
315 2571 325 2588 ‘
340 2570 471 2601 Exinde
487 2570 698 2602 contumeliis
712 2569 937 2611 Agamemno-

237 2631 314 2652 nem
344 2620 552 2662 fratremque
577 2630 692 2661 agere,
717 2630 841 2662 eosque
870 2630 938 2652 non

238 2672 390 2712 Atridas,
407 2672 466 2703 sed
481 2671 727 2711 Plisthenidas,
742 2676 778 2702 et
789 2671 832 2702 ob
845 2671 878 2702 id
889 2672 938 2711 ig-

239 2722 371 2754 nobiles
398 2721 596 2763 appellare.’
641 2722 731 2753 Nam
759 2721 841 2752 nihil
866 2721 938 2761 dig-

240 2781 319 2803 num
348 2772 390 2803 ad
414 2772 608 2803 memoriam
634 2771 778 2802 nominis
794 2772 939 2812 relique-

241 2826 294 2852 rat
303 2821 428 2860 Pater;
450 2826 485 2853 et
504 2821 601 2854 liberi
618 2822 650 2853 in
666 2821 790 2853 nullam
813 2827 939 2854 sortem

243 2869 407 2903 bonorum
422 2871 504 2904 nati.

1016 971 1034 1011 ξ
1058 974 1079 1002 2
1112 970 1290 1002 Multarum
1313 970 1499 1011 hostiarum]
1520 965 1670 1007 ‘Enoerdas

974 1022 1036 1058 βην
1050 1020 1230 1061 intelligit:
1248 1020 1317 1051 vid.
1339 1020 1440 1061 hujus
1463 1019 1541 1051 libri
1561 1022 1612 1050 15.
1635 1021 1671 1048 et

975 1071 1064 1102 alibi.

1020 1120 1239 1161 Exhibitisque
1264 1120 1380 1161 epuIis]
1410 1119 1452 1151 In
1485 1119 1560 1159 ipso
1587 1125 1673 1148 tem·

975 1171 1045 1213 plo,
1067 1177 1106 1203 ut
1133 1176 1227 1212 puto.
1271 1170 1411 1202 Scilicet
1426 1169 1461 1200 in
1475 1177 1568 1199 more
1581 1166 1672 1206 apud

975 1221 1130 1262 antiquos
1153 1219 1234 1259 fuit,
1255 1220 1406 1261 peractis
1430 1216 1674 1250 sacrificiorum

975 1269 1162 1311 mysteriis,
1191 1270 1225 1300 in
1253 1269 1385 1300 aedibus
1415 1268 1497 1309 ipsis
1524 1267 1675 1297 Deorum

976 1322 1119 1362 epulari,
1140 1326 1176 1352 et
1198 1321 1279 1362 ipsis
1297 1320 1454 1352 carnibus
1469 1318 1675 1350 sacrificiali-

977 1372 1039 1404 bns
1066 1372 1170 1404 vesci.
1215 1372 1268 1403 De
1294 1370 1434 1403 Potitiis
1460 1369 1676 1409 Pinariisque

979 1422 1067 1462 apud
1094 1422 1167 1453 Liv.
1196 1430 1221 1452 1.
1248 1430 1301 1452 res
1324 1419 1507 1451 manifesta
1522 1424 1586 1449 est.
1631 1418 1677 1448 Et

977 1472 1117 1503 Sueton.
1134 1472 1167 1502 in
1191 1471 1310 1502 Claud.
1325 1473 1378 1502 33.
1401 1472 1411 1488 ‘
1424 1470 1544 1501 Victus
1560 1469 1678 1500 nidore

978 1522 1124 1562 prandii,
1139 1520 1229 1562 quod
1245 1521 1279 1551 in
1295 1520 1438 1551 maxima
1458 1520 1582 1551 Martis
1603 1519 1679 1549 aede

977 1571 1076 1602 Saliis
1101 1570 1346 1611 apparabatur,
1363 1569 1501 1600 deserto
1515 1568 1679 1599 Tribuna—

979 1621 1015 1658 li,
1029 1620 1182 1651 ascendit
1194 1619 1235 1650 ad
1249 1619 1601 1658 sacerdotes‚uuaque
1614 1617 1680 1647 dis-

980 1668 1121 1701 cubuit!
1165 1667 1222 1699 Ita
1236 1676 1328 1706 sum,
1344 1671 1486 1707 peracto
1504 1665 1681 1696 tremendo

980 1719 1157 1761 mysterio,
1172 1718 1309 1760 Agapas
1323 1717 1504 1750 Christiani
1522 1717 1681 1748 habuere.

981 1771 1026 1802 Et
1042 1780 1084 1802 ex
1102 1779 1126 1802 1.
1142 1770 1233 1801 Sam.
1258 1777 1310 1800 lx.
1336 1771 1387 1800 13.
1412 1773 1448 1799 et
1471 1770 1524 1799 19.
1548 1768 1683 1798 institu-

984 1825 1056 1852 tum
1072 1825 1107 1852 et
1134 1818 1343 1851 celebratum
1364 1817 1470 1850 fuisse
1494 1818 1683 1849 convivium

984 1875 1063 1912 post
1079 1869 1244 1901 sacrificia
1262 1873 1407 1900 constat.

1028 1919 1201 1961 Magnifice
1222 1929 1273 1950 eos
1298 1918 1445 1959 habuere]
1469 1917 1521 1949 Ad
1539 1918 1684 1949 eundem

985 1971 1058 2002 fere
1070 1970 1204 2001 modum
1218 1969 1360 2001 Sallust.
1373 1969 1450 2000 Cat.
1465 1971 1515 2000 14.
1532 1972 1541 1986 ⁴
1557 1969 1684 2000 Parum

981 2022 1123 2053 honeste
1137 2019 1335 2060 pudicitiam
1352 2017 1533 2049 habuisse!

1027 2072 1080 2111 §3
1102 2069 1132 2100 A
1158 2069 1304 2099 Phoem'ce
1322 2071 1413 2108 patre
1428 2067 1509 2107 ejus]
1530 2067 1586 2098 Sic
1603 2067 1687 2098 ‘Co-

984 2130 1053 2152 non
1064 2119 1072 2132 '
1089 2120 1261 2159 Europam
1273 2117 1376 2148 filiam
1387 2117 1560 2149 Phoenicis
1573 2122 1687 2156 vocat,

985 2174 1123 2212 neptem
1139 2167 1318 2208 Agenoris.

1029 2222 1154 2252 Praeter
1163 2218 1306 2258 caeteras]
1329 2217 1406 2249 Hoc
1423 2221 1489 2257 est,
1505 2227 1608 2259 supra
1623 2227 1688 2249 cae-

986 2276 1097 2304 teras:
1115 2268 1204 2301 infra
1217 2271 1270 2300 20.
1284 2268 1326 2299 de
1342 2268 1510 2300 Nestore:
1528 2270 1538 2286 ⁴
1554 2269 1690 2300 Praeter

987 2326 1134 2353 caeteros
1158 2318 1304 2351 Graeciae
1330 2318 1421 2349 viros
1444 2318 1614 2358 jucundus
1636 2328 1690 2350 ac·

988 2368 1200 2412 ceptusque.'
1243 2368 1333 2399 Vide
1356 2376 1404 2398 vr.
1422 2370 1475 2399 13.

1031 2422 1157 2453 AEtram
1183 2419 1279 2450 etiam
1303 2421 1334 2449 et
1357 2418 1536 2458 Clymenam
1552 2418 1691 2450 Menelai

988 2470 1110 2513 affines]
1133 2470 1219 2502 Quae
1244 2474 1364 2509 postea
1390 2468 1533 2499 Helenae
1551 2469 1690 2499 ancilla-

990 2522 1126 2560 bantur,
1154 2520 1197 2550 ab
1226 2519 1379 2550 Homero
1407 2517 1496 2549 11.1·.
1521 2516 1692 2557 ἀμφίπολοι

992 2572 1108 2609 dictae,
1135 2568 1224 2611 quod
1252 2566 1396 2599 δουλίδας
1421 2567 1617 2598 Eustathius
1641 2568 1693 2599 in·

993 2625 1215 2662 terpretatur.
1259 2619 1355 2650 AEtra
1386 2617 1516 2648 Pitthei
1544 2617 1626 2658 filia,
1655 2622 1692 2649 et

995 2671 1085 2713 apud
1110 2669 1275 2712 quosdam
1301 2669 1450 2699 Theseos
1472 2674 1592 2700 mater.
1635 2668 1692 2699 ΖΕ·

996 2727 1080 2754 tram
1097 2730 1177 2752 vero
1193 2725 1229 2750 et
1246 2719 1456 2759 Clymenam‚
1472 2727 1547 2758 quae
1565 2717 1692 2748 Home-

992 2781 1029 2802 ro
1054 2774 1296 2806 memorantur,
1320 2768 1483 2806 nonnulli,
1510 2772 1598 2799 teste
1625 2769 1692 2799 Eu-

993 2821 1131 2860 stathio‚
1146 2829 1211 2850 non
1228 2818 1346 2849 affines
1366 2817 1447 2848 istas
1464 2817 1614 2848 Menelai
1632 2828 1691 2858 pu-

996 2876 1082 2911 tant,
1106 2870 1166 2902 sed
1184 2868 1267 2901 alias
1286 2867 1336 2900 his
1359 2866 1589 2908 cognomines,
1614 2867 1693 2906 ὁμω-
