1889 3194
225 269 310 311 380

226 371 449 413 Laedimur
469 372 686 423 immeriti,
707 374 982 427 patimurque
1003 373 1183 424 indigna
1202 370 1384 424 priores,

747 279 947 310 JOSEPHl
984 279 1146 310 ISCANI

1585 371 1669 411 145

228 437 295 478 Ut
315 451 454 480 causa
474 439 654 481 meliore
674 440 757 481 frui
781 440 1050 493 Superisque
1068 437 1278 479 secundis

228 502 375 545 Marte
395 504 500 546 dato
519 506 676 547 liceat:
698 519 785 547 non
806 506 876 547 hic
896 505 1053 559 injuria
1072 505 1216 555 nobis,

228 569 313 611 Sed
337 570 506 612 Danais
525 571 647 614 facta
664 577 757 614 est:
790 573 934 613 veniet
953 571 1028 625 qui
1049 572 1211 624 probra
1233 585 1413 613 suorum

228 637 347 678 Ense
368 639 444 690 pio
466 639 664 680 redimat.

725 640 799 680 Sic
819 639 950 687 fatur,
970 641 1013 678 et
1032 638 1197 691 accipit
1216 651 1367 679 omnes

228 704 426 746 Delinita
454 705 624 755 Thetis,
646 706 943 758 gremiumque
963 704 1147 757 exponit
1164 704 1304 746 ituris.

1588 705 1672 744 150

229 770 259 811 J
264 784 334 811 am
355 771 516 812 fluctus
537 785 713 813 emensa
732 784 882 823 vagOS‚
903 772 946 811 in
968 770 1177 811 Phasidis
1199 771 1342 811 undas

233 837 439 878 Declinat
458 837 678 890 Pagasaea
698 839 829 889 ratis;
862 838 1104 891 pelagoque
1125 838 1288 886 relicto,

229 903 497 957 Pauperiore
517 904 627 954 sinu,
649 904 727 945 sed
747 904 964 954 liberiore,
985 905 1146 957 potita,

230 969 374 1011 Multa
393 971 514 1024 prius
535 971 768 1012 metuenda
787 971 899 1020 tulit,
921 972 1023 1012 dum
1043 972 1191 1013 littore
1213 972 1258 1012 in
1281 971 1373 1012 alto

229 1035 473 1078 Discordes
494 1042 672 1090 agerent
694 1037 902 1079 undarum
926 1038 1080 1091 praelia
1099 1042 1262 1079 motus.
1588 1039 1625 1078 1.

1619 1040 1643 1079 υἱ

1645 1039 1671 1079 0¹

229 1101 463 1155 Improbus
486 1104 644 1145 audaci
666 1105 902 1157 suspendit
921 1106 1086 1158 gurgite
1106 1109 1289 1158 pontum

228 1168 406 1218 Phasis,
427 1174 468 1212 et
487 1171 687 1212 obnitens
709 1172 892 1224 castigat
913 1172 958 1213 in
979 1185 1084 1213 arva
1104 1176 1309 1221 ruentem,

229 1233 464 1277 Cessuram
485 1238 719 1279 miseratus
739 1238 944 1280 humum:

974 1239 1078 1280 furit
1097 1239 1183 1289 ille,
1202 1239 1414 1292 feroxque

228 1301 457 1344 Potandas
476 1304 664 1345 incestat
684 1317 839 1358 aquas,
856 1305 1073 1359 bilemque
1091 1306 1279 1346 refundit

229 1367 282 1408 In
306 1368 422 1410 vada
440 1370 602 1411 blanda
623 1384 759 1420 suam,
782 1371 1127 1427 dedignaturque
1148 1373 1301 1415 teneri.

1588 1373 1673 1414 160

228 1434 341 1487 Ipsa
362 1436 496 1476 etiam
518 1436 773 1490 clausisque
796 1437 939 1490 Notis,
960 1439 1161 1493 coeloque
1183 1453 1351 1490 sereno,

228 1499 468 1542 Continuas
482 1502 660 1555 hyemes
681 1507 831 1556 portus
853 1506 1052 1558 angustia
1073 1507 1239 1548 volvit:

229 1567 327 1608 Nec
351 1569 497 1621 spatio
517 1569 670 1610 laxum
688 1570 868 1623 languet
887 1585 1006 1613 mare
1024 1586 1034 1613 ε
1066 1573 1226 1614 crescit
1245 1586 1375 1615 arena

229 1633 524 1676 Consumtura
544 1640 675 1686 rates,
696 1637 914 1692 tellusque
933 1640 1109 1680 occulta
1129 1640 1322 1681 vadosas

230 1700 280 1741 In
301 1702 521 1743 cumulum
540 1704 773 1757 suspendit
795 1718 934 1759 aquas
955 1707 1142 1748 mentita
1161 1707 1437 1760 profundum.

1589 1707 1674 1748 165

881 1868 1025 1901 NOTAE

270 1952 332 1980 150
357 1950 577 1991 Gremiumque
597 1952 723 1992 exponit
735 1952 845 1993 ituris]
867 1953 923 1985 Sic
979 1956 1051 1986 221.
1076 1958 1084 1971 ‘
1102 1958 1281 1994 poscentes
1299 1954 1378 1986 ae'ra
1400 1954 1536 1986 frondes
1562 1955 1672 1987 Casti-

231 1998 333 2036 infra,
345 2004 354 2016 ¹
364 1999 496 2031 hostilis
509 2011 621 2032 arenae
632 2000 762 2042 Allapsi
773 2002 922 2042 gremio.’

225 2048 338 2088 Silius,
362 2048 420 2078 ‘in
451 2050 577 2089 gremio
615 2050 774 2091 Thebes,'
805 2061 862 2082 ιιι.
888 2057 924 2083 et
981 2051 1115 2084 moras!

226 2106 277 2128 lv.
303 2099 312 2115 ‘
331 2098 364 2128 in
395 2099 521 2138 gremio
548 2099 701 2140 patriae3'
723 2101 923 2134 Graecorum

226 2147 430 2185 imitatione,
453 2153 490 2180 ut
511 2148 650 2180 doctiss.
678 2155 793 2182 monet
817 2151 922 2183 Hein-

227 2197 298 2227 sius
315 2197 357 2227 ad
375 2197 506 2228 Silium.

270 2249 332 2277 156
355 2246 521 2286 Suspendit
533 2248 662 2287 gurgite
673 2248 817 2290 pontum]
835 2249 922 2280 Plia-

226 2296 286 2334 sis,
302 2306 402 2337 quem
419 2297 590 2338 Orpheus,
607 2299 821 2340 Apollonius,
841 2300 920 2331 Val.

226 2347 384 2386 Flaccus,
402 2347 505 2378 Pind.
526 2347 629 2389 Pyth.
646 2347 714 2381 Od.
727 2351 760 2380 4.
783 2350 845 2380 sub
862 2350 920 2381 ad-

225 2399 363 2427 ventum
392 2395 663 2436 Argonautarum
688 2399 921 2440 tranquillant.

226 2446 354 2477 Noster
373 2446 406 2477 in
431 2447 587 2488 simpulo,
609 2448 698 2489 quod
723 2448 922 2487 aiunt‚fluc·

225 2499 278 2526 tus
295 2500 421 2531 movet,
446 2497 631 2536 respiciens
658 2497 698 2528 ad
715 2498 921 2536 Varronem,

225 2545 282 2584 qui
306 2545 352 2575 ait
364 2545 486 2583 fretum
499 2545 625 2578 dictum
648 2557 666 2577 a
680 2548 920 2589 fervore,quod

225 2594 258 2624 in
276 2593 400 2625 fretum
427 2605 518 2635 saepe
542 2602 724 2629 concurrat
738 2603 852 2635 astus,
869 2603 920 2629 at-

225 2653 292 2684 que
315 2643 526 2676 effervescat.
573 2647 628 2677 De
646 2647 750 2678 Phasi
766 2647 843 2679 vide
856 2647 920 2679 Ar-

225 2693 311 2723 riani
330 2693 511 2734 περιπλοῦν,
532 2695 691 2736 Plinium,
706 2701 742 2728 et
758 2697 846 2728 illius
869 2697 920 2728 fu·

227 2752 302 2773 cum
319 2742 481 2774 Solinum.

269 2795 329 2823 157
357 2792 501 2831 castigat
514 2793 547 2824 in
556 2804 632 2825 art-a
647 2795 800 2835 ruentem]
813 2795 867 2827 Ita
878 2805 917 2827 u.

978 2002 1063 2043 gat!
1105 2004 1201 2044 Virg.
1231 2013 1280 2035 iv.
1302 2004 1378 2036 AEn.
1404 2006 1413 2022 ⁴
1426 2004 1672 2046 Castigantque

1172 2053 1274 2084 Silius
1309 2058 1317 2071 ¹
1331 2054 1448 2085 Insula
1485 2055 1672 2094 castigatur

978 2100 1100 2142 aquis!
1122 2101 1133 2118 ‘
1145 2102 1331 2142 Castigatae
1349 2102 1532 2142 mamillae,’
1553 2104 1597 2136 Q.
1613 2104 1673 2135 Se·

979 2160 1090 2182 renus.
1147 2151 1237 2183 Vide
1259 2152 1458 2184 Gevartium
1481 2152 1523 2184 ad
1550 2153 1671 2194 Papin.

975 2202 1066 2243 Sylv.
1084 2205 1170 2233 11.1.
1186 2205 1236 2234 43.

1020 2255 1083 2283 159
1107 2253 1267 2284 Potandas
1290 2252 1421 2284 incestat
1436 2263 1543 2294 aquas,
1565 2253 1671 2286 bilem-

976 2311 1033 2343 que
1047 2300 1202 2342 refundit]
1242 2302 1392 2332 Limosus
1419 2303 1508 2334 enirn
1539 2303 1669 2335 Phasis.

975 2350 1079 2383 ovid.
1095 2360 1144 2382 vr.
1160 2351 1248 2382 Met.
1270 2352 1280 2368 ‘
1294 2350 1519 2391 Contigerant
1534 2353 1670 2393 rapidas

973 2401 1083 2432 limosi
1100 2401 1264 2432 Phasidos
1281 2400 1384 2431 undas
1398 2401 1419 2432 :’
1437 2402 1484 2432 sic
1500 2411 1551 2433 lv.
1565 2404 1575 2420 ‘
1588 2403 1670 2434 titu-

973 2451 1023 2482 los
1041 2451 1187 2482 incestat
1204 2450 1324 2480 amoris
1336 2449 1358 2480 ε’
1378 2454 1412 2480 et
1427 2451 1488 2481 lib.
1505 2460 1541 2482 v.
1564 2452 1574 2469 ‘
1590 2461 1667 2492 pars

975 2500 1064 2531 alitis
1081 2501 1152 2531 alas
1174 2500 1327 2530 Incestat
1346 2498 1546 2538 Ganymede
1573 2510 1632 2532 suo
1648 2501 1669 2531 ε’

975 2558 1023 2580 1v.
1041 2551 1050 2567 ‘
1061 2549 1273 2588 incestatque
1289 2547 1388 2578 fidem
1405 2547 1426 2577 :’
1441 2553 1477 2580 ut
1490 2549 1583 2590 Virg.
1598 2550 1609 2567 ‘
1620 2551 1669 2581 in.

975 2604 1085 2630 cestat
1101 2599 1220 2630 funere
1232 2596 1400 2629 classem!

1019 2651 1079 2680 163
1104 2648 1172 2678 Nec
1186 2645 1284 2687 spatio
1299 2647 1404 2677 laxum
1425 2647 1552 2687 languet
1567 2650 1666 2690 mare]

974 2697 1104 2729 Auctor
1119 2696 1195 2728 libri
1211 2696 1253 2726 de
1269 2696 1408 2736 plantis,
1432 2696 1507 2727 ὅταν
1533 2701 1667 2735 πληθυν-

974 2749 1048 2778 θῶσι
1063 2746 1159 2777 ὕδατα
1174 2744 1226 2777 καὶ
1242 2746 1493 2785 στενοχωρεῖται,
1517 2746 1604 2779 ἐντὸς
1617 2748 1667 2787 Ὑί.

973 2807 1057 2827 νεται
1072 2796 1106 2827 ἐκ
1116 2794 1234 2826 τούτων
1248 2792 1337 2833 &wls
1346 2796 1485 2837 περιττῆ,
1499 2805 1538 2829 n.
1559 2800 1587 2829 1.
