1889 3194
204 327 289 368 414

727 336 928 368 JOSEPHl
964 335 1131 366 ISCANI

206 431 291 472 Dic
306 431 469 483 potius,
491 430 654 472 subicit
675 431 903 481 Telamon,
926 430 1144 482 invitaque
1165 427 1309 469 flentis

206 497 376 539 Oscula
394 498 630 550 praedatur,
655 502 700 538 et
719 497 763 537 in
782 498 878 547 hos,
895 497 973 546 ait,
994 496 1056 536 ire
1075 496 1261 538 lacertos

622 564 697 605 Sic
713 564 951 612 interfatur,
973 567 1016 603 et
1035 562 1144 603 illud

210 564 379 605 Emerui
399 564 562 617 gladio.

1558 493 1642 536 185

203 631 425 672 Dircaeum
445 637 672 680 memorat,
689 635 817 672 teneo
833 630 1097 682 longumque
1113 629 1291 670 tenebo.

259 697 424 738 Pulsus
441 698 532 739 abit
547 698 777 751 Phrygius,
798 696 1076 749 relegensque
1092 695 1210 749 quod
1233 695 1439 736 hauserat
1456 707 1620 749 aequor,

202 763 255 804 In
276 764 440 816 patrios
459 764 628 805 delatus
644 776 783 816 agros,
804 763 885 803 iter
906 762 1105 815 explicat
1126 775 1254 803 omne

202 830 383 871 Civibus
400 844 410 871 x
442 831 666 871 Hesiones
682 829 915 879 thalamos,
937 833 979 870 et
998 829 1116 870 nulla
1134 829 1353 882 Pelasgos

199 897 230 937 J
235 909 308 936 ura
322 897 460 950 sequi,
475 897 721 950 bellumque
736 896 941 937 hortatur.

1552 826 1636 867 190

1002 894 1064 936 At
1084 908 1196 948 aeger
1216 896 1368 948 iniqua

201 963 461 1016 Suspicione
481 963 633 1003 Paris:
668 961 737 1003 Ne
757 963 932 1012 credite,
953 962 1157 1012 ludimur,
1176 960 1374 1016 (inquit,)
1438 982 1443 988 -

201 1028 491 1070 Dardanidae!
520 1029 648 1070 miror
665 1028 874 1071 hilarem:
905 1030 992 1071 sibi
1014 1030 1272 1071 commodus
1292 1030 1380 1069 uni.

201 1095 303 1136 Non
323 1101 499 1148 sperata
518 1096 661 1146 refert,
678 1109 767 1137 non
785 1097 904 1150 quod
926 1109 1156 1138 commune
1178 1096 1398 1144 decorum,

199 1161 381 1202 Molitur
401 1162 594 1214 speciale
615 1163 789 1204 bonum.
847 1163 970 1204 Male
989 1164 1169 1217 publica
1185 1168 1324 1212 curat,

1552 1160 1636 1202 195

201 1227 290 1279 Qui
311 1242 392 1269 sua
412 1228 552 1282 pluris
570 1228 724 1270 habet:
758 1229 989 1284 gelidoque
1010 1230 1129 1271 haud
1149 1230 1288 1271 utitur
1308 1241 1411 1270 ense

802 1337 1039 1350 ‘NONOOOOOO

240 1412 299 1441 195
326 1409 456 1442 Molitus
472 1410 525 1442 ed.
543 1411 649 1443 Basil.
667 1412 841 1453 Spondan.
857 1419 893 1445 et
908 1414 1001 1445 Mor.

858 1507 890 1539 N
895 1507 997 1539 OTAE

239 1570 300 1599 186
324 1567 408 1599 Illud
433 1569 596 1600 Dircoeum
622 1574 780 1606 memorat,
803 1575 888 1602 teneo

194 1620 379 1658 longumque
416 1619 535 1659 tenebo]
581 1620 753 1651 Eteoclem
787 1622 888 1653 Statii

195 1669 331 1707 Papinii
347 1669 709 1710 &ax-runoaeamezcnjus
729 1671 800 1702 haec
815 1681 888 1702 ver-

195 1718 239 1749 ba
253 1719 294 1749 ad
310 1719 462 1759 Tydeum
479 1720 638 1760 Polynici
653 1721 746 1760 regni
760 1722 889 1753 alterna

185 1768 265 1808 jura
283 1774 493 1808 poscentem,
507 1770 611 1800 Theb.
630 1779 672 1801 11.
698 1772 707 1787 ‘
722 1771 807 1804 Quae
817 1781 887 1802 sors

187 1819 284 1858 justa
302 1819 393 1855 mihi,
418 1829 491 1859 quae
513 1829 579 1850 non
600 1820 772 1852 indebitus
793 1822 888 1853 annis

190 1867 337 1907 Sceptra
352 1867 477 1899 dicavit
489 1868 605 1904 honos,
624 1874 723 1901 teneo
740 1870 889 1910 longum-

191 1926 257 1957 que
267 1916 414 1949 teneb0.’
437 1917 538 1948 Silius
550 1928 680 1960 quoque
693 1928 748 1950 ιιι.
763 1919 773 1936 ⁴
784 1923 891 1960 tenet,

190 1967 395 2009 longumque
429 1967 574 2006 tenebit,
601 1969 762 2008 Tarpeias
790 1979 888 2001 arces

191 2017 327 2057 sanguis
359 2016 460 2048 tuus.’
504 2017 599 2057 Virg.
627 2020 636 2035 ‘
649 2018 757 2053 sedet,
788 2024 888 2050 aeter-

190 2075 336 2107 numque
373 2065 520 2105 sedebit,
564 2065 683 2097 infelix
717 2068 889 2099 Theseus?

189 2115 313 2156 Papiu.
330 2116 433 2148 Theb.
452 2125 535 2148 vni.
561 2117 570 2133 ‘
587 2122 687 2148 teneo
707 2122 889 2150 aeternum-

190 2174 256 2205 que
273 2164 420 2195 tenebo.'

232 2216 292 2245 191
316 2215 416 2254 AEger
437 2214 544 2256 iniqua
569 2215 748 2257 Suspicione
777 2218 885 2259 Paris]

190 2265 384 2296 Mensuram
399 2265 558 2296 seeundae
574 2267 712 2306 syllabae
726 2268 886 2307 migrasse

189 2315 374 2354 videbitur,
391 2316 446 2347 cui
463 2315 544 2346 illud
559 2316 731 2348 Martialis
743 2318 777 2348 in
794 2328 885 2350 meu—

189 2369 257 2395 tem
282 2365 426 2404 venerit,
452 2366 462 2383 ‘
480 2364 657 2397 Oblinitur
681 2367 827 2398 minimae
858 2369 886 2399 si

188 2423 254 2455 qua
281 2419 333 2446 est
357 2415 506 2455 suspicio
528 2415 647 2447 rimae.'
689 2417 780 2458 Syri,
804 2419 814 2435 ⁴
829 2417 883 2449 Ad

188 2463 321 2495 tristem
344 2468 475 2504 partem
493 2469 633 2497 strenua
648 2470 701 2498 est
716 2467 885 2507 suspicio.'

187 2512 251 2543 Vir
280 2514 427 2553 optimus
460 2513 631 2546 Henricus
667 2516 814 2547 Smetius
847 2520 884 2548 et

188 2560 366 2593 Pincierus
395 2563 459 2594 hoc
486 2573 587 2595 versu
617 2569 776 2606 tanquam
805 2566 883 2597 tibi-

187 2610 262 2641 cine
278 2611 459 2643 secundam
476 2612 510 2643 in
526 2612 535 2629 ⁴
553 2614 702 2654 suspicio
715 2613 725 2629 ’
747 2615 883 2647 brevem

188 2659 332 2699 probare
349 2661 475 2701 volunt,
489 2662 592 2704 idque
608 2664 742 2694 nomine
755 2665 882 2697 Corne-

187 2708 224 2738 lii
257 2709 402 2749 Nepotis
437 2717 516 2742 ante
548 2713 720 2744 Christum
749 2714 883 2747 scilicet

188 2757 260 2787 nati
275 2767 390 2788 errore
404 2761 547 2798 passivo.
601 2762 670 2793 Sed
685 2768 777 2794 recte
793 2774 881 2795 sum-

187 2816 261 2837 mus
277 2807 333 2838 ille
345 2808 492 2840 dictator
505 2811 576 2843 Jul.
592 2813 706 2844 Caesar
716 2814 881 2854 Scaliger,

188 2858 244 2897 qui
261 2857 396 2890 brevem
412 2862 583 2903 συγκοπῆς,
596 2863 728 2904 longam
745 2865 880 2905 συναιρέ·

943 1583 1021 1602 σεως
1050 1571 1216 1603 beneficio
1254 1570 1424 1612 agnoscit:
1463 1574 1516 1602 est
1547 1569 1636 1601 enim

943 1621 1102 1661 ἀναλόγως
1117 1621 1329 1662 suspicitum,
1341 1620 1529 1660 suspicitio.
1545 1620 1638 1650 Male

942 1671 1057 1712 itaque
1088 1670 1260 1702 concludit
1287 1671 1304 1700 ὁ
1332 1669 1500 1710 μακαρίτης
1526 1669 1637 1700 Taub·

942 1729 1095 1760 mannus,
1109 1730 1151 1751 ex
1176 1720 1341 1759 Scaligeri
1365 1719 1530 1750 sententia
1545 1719 1636 1750 illam

941 1775 1073 1802 tantum
1099 1771 1262 1811 produci:
1292 1770 1380 1800 male
1395 1769 1512 1808 etiam,
1536 1769 1637 1800 immo

942 1819 1097 1860 ridicule,
1117 1820 1174 1860 qui
1202 1820 1236 1849 in
1259 1819 1330 1849 aliis
1353 1819 1548 1850 auctoribus
1572 1827 1634 1859 pro

938 1869 947 1885 ‘
962 1868 1124 1909 suspicio’
1136 1869 1255 1908 legunt
1271 1867 1488 1908 ‘suspecti0.'

984 1920 1045 1948 195
1070 1917 1206 1948 Molitur
1225 1918 1357 1958 speciale
1384 1916 1509 1957 bonum]
1538 1915 1635 1947 Intus

941 1968 1045 2003 canit,
1058 1966 1233 2008 σφετερίζει
1246 1978 1253 1997 =
1277 1977 1366 2007 nam,
1379 1973 1416 1998 ut
1429 1966 1634 1999 Claudianus

941 2017 999 2055 ait,
1012 2017 1134 2048 ‘levius
1150 2017 1339 2048 communia
1349 2016 1517 2057 tangunt,'
1527 2016 1635 2047 unde

941 2068 1056 2107 Raptu
1086 2068 1246 2108 Proserp.
1273 2067 1381 2099 Arist.
1412 2076 1437 2099 1.
1457 2067 1576 2099 OEcon.
1603 2069 1635 2098 6.

940 2117 1037 2149 οὐδεὶς
1052 2119 1241 2157 ἐπιμελεῖται
1250 2116 1378 2157 ὁμόρους
1388 2119 1450 2148 τῶν
1460 2114 1635 2155 ἀλλοτρίων

939 2167 990 2199 καὶ
1013 2170 1074 2199 τῶν
1092 2166 1220 2199 οἰκείων.
1266 2167 1362 2198 Idem
1386 2167 1514 2200 lsaeus:
1537 2164 1636 2196 οὐδεὶς

938 2217 1056 2250 ἄλλους
1084 2216 1152 2257 περὶ
1180 2216 1321 2248 πλείονος
1359 2217 1470 2248 ἑαυτοῦ
1494 2217 1634 2247 ποιεῖται.

939 2269 1038 2300 Orat.
1055 2278 1094 2299 ιι.
1110 2270 1163 2299 44.
1186 2267 1336 2298 Isidorus
1353 2267 1427 2298 Pel.
1446 2275 1496 2298 iv.
1523 2266 1634 2306 Epist.

940 2321 994 2350 67.
1017 2317 1117 2355 ἐπειδὴ
1133 2318 1170 2348 τὸ
1187 2317 1304 2349 ἑαυτῶν
1319 2315 1409 2356 εἶδον,
1429 2315 1467 2347 τὸ
1495 2316 1558 2347 τῶν
1577 2314 1633 2347 ἄλ·

939 2374 1003 2399 λων
1014 2369 1168 2409 παρεῖδον,
1191 2377 1266 2408 quae
1282 2366 1433 2408 sequenti
1449 2365 1554 2407 γνώμῃ
1576 2375 1632 2396 ex-

940 2419 1138 2459 primuntur.
1191 2418 1341 2457 Prosper
1364 2415 1527 2456 Aquitan.
1575 2415 1631 2446 De

940 2467 1078 2499 Provid.
1108 2466 1217 2508 ‘quod
1246 2464 1396 2507 speciale
1426 2464 1550 2495 bonum
1580 2468 1633 2494 est

937 2517 1103 2550 hominis!

993 2568 1082 2598 Male
1100 2566 1223 2607 publica
1244 2567 1346 2604 curat,
1370 2563 1433 2598 Qui
1454 2572 1510 2594 sua
1532 2563 1632 2602 pluris

937 2617 1042 2658 habet]
1076 2617 1165 2655 Λόγῳ
1185 2613 1316 2652 πολίτης
1331 2613 1410 2652 ἐστὶ,
1435 2614 1501 2645 τοῖς
1523 2613 1550 2643 δ’
1580 2612 1628 2653 ἔρ·

935 2677 1038 2705 γοισιν
1053 2667 1098 2699 οὔ.
1113 2666 1231 2706 Eurip.
1255 2665 1340 2695 Vide
1358 2663 1514 2702 insignite
1531 2671 1571 2694 ea
1586 2663 1628 2694 de

937 2726 974 2748 re
1001 2717 1193 2756 Lycurgum
1220 2714 1320 2746 Orat.
1337 2718 1457 2744 contra
1484 2712 1628 2744 Leocra-

938 2771 1019 2805 tem‚
1035 2769 1108 2801 161,
1131 2768 1196 2796 &c.
1240 2764 1339 2795 Tales
1362 2762 1509 2794 Lucilius
1537 2764 1626 2804 apud

936 2816 1083 2847 Nonium
1110 2815 1230 2846 ἰδιώτας
1258 2812 1531 2849 nominavit,sibi
1557 2819 1627 2846 tan-

937 2870 1019 2906 tum,
1036 2874 1101 2897 non
1118 2865 1269 2906 plurimis
1284 2865 1395 2896 utiles.
