1889 3194
286 358 370 400 484

803 369 1004 400 JOSEPHI
1038 368 1201 399 lSCANl

286 462 415 504 Errat
434 475 556 504 caeca
575 462 673 504 freti
694 463 867 513 classis,
889 463 1136 516 solitosque
1157 464 1356 516 procella

285 529 501 580 Egressus
522 529 696 583 objecta
714 534 860 582 negat,
882 529 1097 570 fluitantia
1117 531 1271 583 pinum

284 595 537 636 Percellunt
556 596 743 637 mediam
762 596 945 649 repetito
963 596 1139 637 verbere
1159 596 1271 637 vela.

1638 599 1722 641 300

339 662 513 702 Primus
534 667 584 703 ut
605 675 632 702 a
651 675 777 715 prora
798 666 1023 714 surgentes
1046 661 1267 715 conspicit
1286 663 1446 705 imbres

281 728 579 778 Thestorides,
599 729 842 782 frustraque
863 728 998 770 duces
1019 728 1295 778 contendere,
1319 729 1464 771 Divos

283 794 491 847 Praesago
506 795 633 848 jubet
654 808 729 835 ore
750 795 892 848 sequi,
912 795 1166 835 nolentibus
1190 794 1364 836 Austris

282 860 463 913 Cedere,
485 867 526 902 et
547 865 733 902 armatos
753 861 885 902 ordiri
905 874 963 901 ex
982 860 1147 902 Aulide
1168 874 1335 903 cursus.

338 927 496 968 Parent
516 928 691 969 AEolios
712 933 847 968 nutus
863 930 1090 982 vatemque
1109 929 1250 969 secuti

1637 930 1722 972 305

279 994 555 1049 Grajrigenae,
576 998 621 1035 et
638 994 768 1035 flexis
787 997 1034 1048 repetentes
1056 993 1221 1036 Aulida
1240 995 1354 1036 velis

281 1060 554 1113 Montivagae
576 1060 775 1102 Phoebes
794 1074 949 1115 pacem
969 1061 1305 1114 implorantibus
1327 1062 1413 1103 aris

280 1127 544 1177 Conciliant,
563 1128 774 1181 largoque
793 1133 978 1169 exorant
997 1128 1120 1169 thure
1140 1133 1346 1170 meatum.

334 1194 462 1235 Ilicet
480 1195 593 1235 irato
612 1195 774 1235 bibulae
792 1194 1154 1236 Thaumandidos
1174 1207 1277 1236 arcu

878 1311 995 1325 000000

319 1367 382 1396 306
405 1365 518 1396 Proris
533 1365 601 1398 Ms.
616 1375 723 1406 marg.

999 1311 1118 1324 eeeeee

927 1439 1066 1474 NOTAE

278 1503 392 1535 ἔνοικος
407 1503 486 1543 θεὸς,
502 1504 654 1536 Hierocli
668 1514 701 1544 p.
716 1507 790 1537 118.
827 1504 884 1536 Ita
899 1505 971 1536 De-

276 1555 431 1594 calogum
461 1553 471 1570 ‘
483 1554 615 1594 rupices
632 1554 770 1595 paginas
783 1559 817 1586 et
831 1564 970 1586 saxeum

275 1604 433 1635 volumen
444 1603 452 1616 '
476 1604 653 1644 elegantis.
698 1604 875 1635 Salvianus
892 1614 919 1636 1.
935 1615 969 1645 p.

276 1658 329 1686 31.
340 1655 382 1685 de
393 1655 582 1686 Gubernat.
596 1655 676 1694 Dei,
688 1655 883 1686 nominavit.
894 1656 968 1687 Ma-

274 1714 349 1740 nus,
360 1703 540 1734 Aristoteli
552 1709 603 1734 est
612 1703 742 1743 ὄργανον
751 1703 809 1742 πρὸ
819 1703 968 1745 ὀργάνων,

276 1762 333 1784 ιιι.
357 1753 399 1784 ad
425 1762 521 1793 quem
546 1753 682 1784 ductum
703 1754 852 1785 Galenus
876 1764 965 1785 men-

276 1808 358 1841 tem,
373 1800 492 1841 τέχνην
504 1801 562 1841 πρὸ
576 1803 709 1840 τεχνῶν,
728 1807 840 1834 vocat.
884 1803 965 1834 Isid.

275 1852 391 1884 Peius.
405 1861 568 1892 somnum,
580 1853 637 1888 τῆς
651 1851 772 1891 φύσεως
787 1851 907 1891 λιμένα.

303 1902 378 1932 Nox
388 1902 534 1932 imbribus
542 1902 660 1933 haustis
671 1902 782 1942 Ebria]
791 1903 878 1934 Vide
889 1903 965 1934 Mu·

274 1952 339 1983 reti
356 1953 437 1983 Var.
453 1953 534 1983 lect.
550 1961 584 1983 v.
597 1955 630 1983 6.
652 1952 792 1984 Junium
807 1952 966 1984 Animad-

272 2011 329 2034 ιιι.
344 2005 375 2033 6.
420 2001 585 2033 Rittersh.
610 2002 652 2032 ad
682 2002 878 2042 Oppianum
908 2001 968 2032 ali-

273 2057 356 2092 quot
372 2051 467 2083 locis.
510 2051 565 2082 Ita
580 2051 709 2090 μεθύων,
734 2055 769 2082 et
793 2051 967 2092 Chrysost.

273 2102 374 2133 Hom.
389 2104 442 2133 23.
459 2102 492 2132 in
512 2102 600 2132 Mat.
612 2103 653 2143 τῇ
666 2101 751 2142 ὕβρει
765 2099 917 2141 πάροινος,
933 2111 966 2142 p.

272 2154 346 2182 230.
369 2151 453 2183 ὑετὸς
466 2151 591 2190 μεθύσει
605 2151 665 2188 τὴν
676 2153 748 2191 γῆν,
758 2151 868 2182 Esaiae
884 2154 938 2182 55.

314 2204 378 2232 298
393 2202 487 2232 Errat
503 2211 583 2231 coeca
588 2201 672 2238 freti
686 2200 808 2240 classis]
825 2201 873 2231 Ut
887 2199 964 2230 Vir-

272 2250 329 2290 gil.
343 2251 352 2267 ‘
364 2260 455 2281 caeco
472 2250 623 2291 carpitur
637 2249 731 2291 igni.’
752 2249 809 2281 Ita
823 2249 966 2280 Tertull.

274 2299 360 2331 libro
377 2299 420 2330 de
435 2300 585 2330 Patient.
610 2299 620 2316 ‘
634 2308 723 2330 caeca
749 2298 864 2329 vivere
879 2298 899 2337 3'
922 2298 965 2329 de

273 2351 405 2380 Corona
417 2350 545 2389 militis,
561 2353 569 2367 ¹
583 2358 675 2381 caeco
688 2349 775 2380 bono
791 2347 874 2388 suo‚’
884 2347 965 2379 ‘cae·

272 2407 331 2429 cus
358 2398 517 2437 somnus,'
550 2399 634 2430 libro
657 2398 699 2429 de
722 2398 858 2436 Anima,
885 2398 895 2414 ‘
908 2398 965 2438 qui

272 2449 344 2478 siue
376 2447 581 2479 visionibus,5
626 2448 683 2479 Sic
713 2447 723 2465 ‘
736 2447 821 2478 vada
849 2446 965 2486 caeca‚'

270 2498 393 2538 Vir-gil.
426 2500 435 2515 ‘
446 2507 540 2529 caeca
569 2497 669 2538 fata,'
699 2498 820 2529 Horat.
849 2498 858 2515 ‘
869 2506 962 2528 caeca

272 2547 394 2587 nocte,'
408 2549 534 2579 Lucan.
552 2556 589 2579 x.
611 2548 620 2566 ‘
635 2557 728 2579 caeca
738 2546 844 2578 futuri
861 2547 960 2577 Mens

272 2597 443 2628 hominum
478 2596 562 2636 fati,'
593 2605 632 2629 11.
662 2598 671 2615 ‘
684 2596 826 2628 Aurium
853 2594 962 2634 caeci,'

270 2645 499 2677 Tertullianus
511 2646 595 2678 libro
611 2645 654 2676 de
668 2645 788 2677 anima.
808 2645 866 2677 Sic
878 2645 962 2676 var-

273 2704 309 2726 ro
322 2695 420 2736 dixit,
430 2697 440 2714 ‘
452 2695 636 2736 viricasta‚’
652 2695 821 2728 ‘madidus
833 2695 961 2726 Miner-

273 2746 346 2776 vae.'
369 2747 474 2778 Mart.
490 2746 631 2778 ‘infelix
642 2746 852 2778 studiorum!
862 2746 959 2784 virg.

275 2798 283 2809 ‘
296 2792 410 2825 effoeta
431 2795 527 2834 veri,’
546 2797 555 2813 ‘
569 2805 653 2828 vana
673 2795 765 2836 veri,’
786 2796 960 2836 ‘ingratus

273 2843 411 2881 salutis‚'
428 2844 632 2877 ‘fortunatus
644 2845 819 2877 laborum!
856 2845 962 2876 Stati-

274 2902 328 2923 us:
344 2893 500 2926 ‘blandus
511 2895 669 2935 precum.'
685 2895 813 2927 Auson.
828 2894 838 2912 ‘
849 2899 961 2935 perte·

1024 1504 1099 1535 nuis
1129 1503 1266 1536 meriti.'
1302 1503 1440 1536 Tacitus
1456 1515 1465 1536 :
1487 1503 1497 1521 ‘
1509 1507 1606 1537 vetus
1632 1504 1718 1536 mili-

1025 1554 1106 1585 tiae.’
1125 1554 1134 1571 ‘
1149 1564 1238 1595 aeger
1260 1554 1396 1592 amissi,’
1419 1555 1532 1586 Silius.
1577 1555 1621 1585 Et
1639 1556 1718 1596 quia

1024 1604 1144 1643 plenus
1160 1608 1213 1634 est
1229 1604 1430 1635 Hellenismi
1443 1603 1546 1634 Silius
1561 1603 1717 1644 Italicus,

1023 1654 1166 1693 age,nisi
1176 1651 1406 1695 σκυτρωπάζῃς,
1415 1658 1451 1684 et
1458 1653 1531 1684 haec
1542 1653 1716 1692 addamus,

1023 1712 1097 1742 quae
1114 1707 1210 1733 certe
1225 1702 1370 1733 καινόντι
1380 1708 1415 1734 et
1429 1700 1531 1741 ’γλυκὺ
1542 1702 1715 1734 redolent:

1021 1754 1030 1770 ‘
1046 1753 1122 1783 vitae
1138 1753 1327 1784 laudandus
1339 1762 1457 1793 opacae
1471 1752 1480 1766 ’
1492 1753 1501 1769 ‘
1516 1762 1617 1793 opum
1632 1753 1717 1784 levi-

1021 1812 1059 1833 or
1073 1802 1082 1816 '
1097 1807 1107 1820 ‘
1118 1802 1236 1834 doctus
1252 1803 1355 1843 virgae
1371 1803 1506 1843 sonipes
1521 1805 1529 1819 ’
1548 1804 1557 1820 ‘
1571 1803 1715 1844 hyemis·

1020 1861 1086 1893 que
1098 1857 1268 1893 aestusque
1279 1852 1446 1894 famisque
1457 1852 1618 1884 invictus'
1631 1853 1640 1870 ‘
1654 1852 1717 1885 fati

1020 1902 1138 1933 melior
1152 1902 1161 1917 '
1190 1903 1312 1933 ‘novus
1332 1902 1478 1934 doloris'
1500 1903 1714 1943 ‘impavidus

1020 1951 1138 1991 somni,
1152 1960 1272 1992 pravus
1294 1951 1403 1992 togae’
1423 1953 1434 1969 ‘
1446 1951 1592 1983 crudelis
1614 1952 1694 1984 belli
1709 1953 1718 1967 ’

1018 2001 1027 2017 ‘
1048 2000 1292 2040 pulcherrimus
1315 2002 1376 2032 irae
1389 2001 1399 2017 '
1432 2002 1442 2020 ‘
1457 2001 1521 2032 aevi
1542 2001 1694 2034 floridior
1707 2002 1716 2016 ’

1018 2051 1028 2068 ‘
1043 2050 1220 2082 damnatus
1232 2050 1300 2082 doli
1313 2050 1322 2064 '
1346 2049 1471 2082 ‘falsus
1488 2052 1595 2092 cupiti
1608 2051 1616 2065 '
1641 2053 1651 2070 ‘
1664 2052 1715 2092 pi-

1017 2100 1182 2141 gerrimus
1198 2100 1319 2142 undae,’
1337 2105 1346 2118 ‘
1357 2100 1493 2132 anhelus
1503 2101 1627 2133 laboris
1639 2101 1662 2141 3'
1678 2107 1715 2134 et

1017 2151 1115 2191 plura
1131 2151 1197 2182 alia
1210 2151 1299 2192 apud
1312 2151 1438 2182 Silium.
1468 2151 1526 2183 Sic
1544 2150 1716 2192 Apuleius,

1011 2203 1020 2218 ‘
1037 2201 1178 2241 largiter
1191 2211 1287 2242 aquae
1302 2201 1481 2242 superest,’
1497 2206 1533 2233 et
1549 2201 1715 2234 Laberius

1016 2251 1105 2292 apud
1115 2251 1318 2291 Charisium,
1337 2251 1493 2292 ‘largiter
1505 2252 1593 2283 lucri
1609 2250 1718 2284 fecit:

1062 2303 1126 2331 299
1143 2300 1320 2332 Fluitantia
1332 2301 1440 2341 pinum
1459 2301 1636 2332 Perceuunt
1651 2310 1713 2332 me-

1022 2350 1106 2380 diam
1123 2349 1252 2390 repetito
1274 2349 1398 2380 verbere
1418 2350 1502 2391 vela]
1532 2349 1655 2390 Papin.
1679 2359 1712 2381 v.

1018 2400 1180 2431 Thebaid.
1202 2402 1212 2418 ‘
1226 2409 1440 2440 puppemque
1461 2399 1578 2430 insana
1595 2398 1713 2440 flagel-

1017 2449 1067 2480 lat
1078 2448 1213 2480 Arbor.’
1233 2447 1390 2479 Sidonius
1404 2448 1437 2479 in
1447 2448 1627 2480 Narbone:
1641 2451 1651 2465 ‘
1661 2447 1712 2478 in-

1018 2498 1135 2539 quieto
1151 2497 1307 2529 duratum
1324 2496 1411 2537 pede
1427 2496 1580 2537 stipitem
1594 2494 1710 2536 flagel-

1015 2547 1113 2579 lant.'
1135 2547 1369 2588 Reprehendit
1387 2555 1528 2586 magnus
1544 2545 1710 2586 Scaliger,

1015 2596 1106 2638 quod
1122 2596 1276 2628 arborem
1298 2594 1452 2627 ‘insano’
1473 2594 1626 2634 epitheto
1646 2603 1707 2636 ap-

1016 2646 1165 2687 pellarit.
1187 2646 1349 2677 Insanum
1365 2653 1446 2675 vero
1461 2643 1600 2684 dicitur,
1614 2644 1707 2685 quic·

1017 2694 1098 2736 quid
1112 2695 1202 2726 ultro
1219 2694 1373 2735 citroque
1395 2693 1645 2733 lymphatorum
1671 2697 1708 2725 et

1016 2744 1217 2776 cerritorum
1241 2752 1331 2774 more
1354 2741 1388 2772 iu
1410 2751 1528 2782 gyrum
1549 2742 1708 2782 vertitur,

1015 2793 1106 2835 quod
1125 2794 1271 2833 κυβιστᾷ,
1284 2792 1332 2822 ita
1342 2790 1352 2808 ‘
1365 2799 1468 2831 aquas
1480 2790 1610 2822 insanas
1623 2790 1633 2804 '
1647 2800 1705 2823 no·

1014 2843 1157 2882 minant,
1173 2851 1256 2884 quas
1268 2840 1372 2880 ἄνεμοι
1386 2841 1525 2872 δονοῦσιν
1538 2839 1590 2872 καὶ
1609 2852 1706 2881 παραυ

1014 2891 1190 2925 σαλεύουσι.
