1889 3194
256 330 341 369 494

408 338 607 369 JOSEPHI
643 337 807 368 lscANl
842 337 904 366 DE
937 335 1092 366 BELLO
1125 334 1348 365 'PROJANO
1384 335 1476 365 LlB.
1509 334 1574 366 IV.

260 433 478 475 Providus
492 432 699 474 AEacides
721 431 847 472 cultis
866 429 1052 471 insidere
1068 429 1209 481 regnis
1227 442 1238 469 t

258 499 312 541 In
335 500 482 541 sulcos
501 498 651 540 laxare
671 499 827 547 solum,
842 496 1080 550 producere
1101 495 1263 547 fruges,

257 565 314 606 Et
333 566 467 606 missa
488 566 631 606 socias
651 564 780 605 solari
799 575 941 604 messe
963 561 1177 603 cohortes.

1605 560 1689 602 505

258 631 333 674 Sic
353 632 536 686 paribus
555 631 699 671 vincet
721 630 874 679 titulis,
896 641 997 669 cum
1018 627 1074 668 ad
1090 627 1246 680 praelia
1263 627 1392 669 donet

256 701 340 742 Ille
362 698 472 746 dies,
489 697 663 750 ipsique
681 708 845 737 manus.

904 695 1019 736 Haec
1039 694 1155 735 fatus
1176 693 1386 744 Achilles,

255 766 328 807 Ad
350 765 532 805 Danaos
553 765 745 803 maturat
763 762 855 810 iter,
876 760 952 801 sed
974 763 1150 801 venerat
1165 763 1263 800 ante

256 832 362 873 Dux
382 829 562 870 Ithacus
581 828 743 869 bellum
764 827 965 877 referens,
985 839 1227 880 pacemque
1243 829 1443 878 negatam

255 896 460 946 Nuntiat3
482 898 738 947 aegrescunt,
758 893 1118 946 indignanturque
1142 893 1348 944 Pelasgi:

1602 893 1687 934 510

254 963 379 1004 Bella
399 966 567 1015 petunt,
587 960 768 1000 haesisse
789 960 950 1009 dolent,
971 963 1014 1001 et
1033 959 1260 1000 frondibus
1279 959 1430 1000 hostes

254 1028 466 1070 Palladiis
488 1031 677 1067 tentasse
698 1025 833 1079 pudet
850 1040 859 1067 :
885 1027 979 1079 jam
999 1026 1136 1067 libera
1154 1025 1297 1078 major

253 1096 400 1136 Laxat
418 1095 553 1135 fraena
567 1093 688 1134 furor
704 1105 715 1132 ι
745 1093 940 1134 stimulat
957 1092 1141 1133 Bellona
1160 1092 1383 1132 volentes:

254 1162 377 1202 Mars
398 1161 514 1213 cogit
533 1159 710 1201 dubios:
730 1159 883 1212 lugens
899 1171 978 1212 per
998 1162 1143 1200 castra
1161 1157 1344 1198 furentis

254 1229 476 1281 Interpres
493 1227 624 1268 animi
646 1227 810 1267 clamor
830 1229 981 1266 tonat:
1011 1237 1131 1265 arma
1150 1228 1403 1278 capessunt,

1603 1224 1689 1265 515

251 1294 389 1336 Arma
407 1294 610 1342 fremunt,
630 1295 787 1345 augent
805 1292 991 1345 lituique
1011 1292 1218 1346 tubaeque
1239 1291 1484 1341 tumultum,

252 1362 308 1402 Et
327 1360 599 1414 responsuris
620 1360 800 1400 invitant
818 1359 1004 1400 vocibus
1025 1357 1159 1399 Echo.

308 1427 421 1468 Isset
441 1427 486 1467 in
507 1426 671 1467 Iliacos
692 1426 848 1466 classis
870 1425 1086 1477 Pelopeia
1105 1429 1260 1479 portus

254 1493 358 1535 Non
379 1497 614 1546 expectata
633 1492 760 1533 venia
779 1491 908 1532 ducis
926 1505 936 1532 z
969 1496 1014 1532 at
1034 1491 1259 1532 nocituras

254 1560 360 1601 Nox
380 1559 518 1599 nectit
537 1559 683 1599 vicina
703 1570 863 1608 moras,
883 1558 1181 1611 humilemque
1201 1562 1381 1610 soporat

1601 1556 1686 1597 520

254 1626 518 1680 Decrepitus
538 1626 697 1666 Titana
717 1626 829 1675 dies,
851 1630 896 1666 et
915 1625 1068 1666 anhela
1091 1627 1172 1666 sub
1193 1626 1334 1667 undas

252 1690 499 1734 Admittunt
520 1692 667 1733 radios
680 1691 884 1733 Atlantia
902 1692 1051 1733 littora
1068 1692 1222 1733 fessos.

894 1809 1036 1843 NOTAE

294 1874 355 1903 504
381 1871 419 1902 In
448 1873 546 1903 sulcos
573 1874 681 1904 laxare
707 1871 821 1912 solum]
845 1874 939 1914 Virg-

250 1922 323 1952 Ecl.
342 1931 390 1952 ιν.
414 1923 549 1953 ‘telluri
564 1922 728 1954 infindere
744 1923 877 1954 sulcos!

293 1974 354 2002 507
378 1972 436 2003 Ille
447 1972 521 2007 dies,
536 1972 650 2012 ipsique
661 1972 784 2013 manus]
796 1971 941 2009 Μεταλή-

250 2022 301 2059 ψει
316 2021 412 2052 Diem
429 2031 488 2062 pro
510 2028 696 2052 commeatu
720 2032 829 2062 sumo,
845 2023 943 2063 cujus

249 2069 413 2101 beneficio
430 2071 513 2108 dies,
537 2077 669 2112 tempus
685 2082 806 2112 nempe
822 2072 941 2103 decem

249 2129 424 2160 annorum,
439 2120 479 2150 ad
496 2121 627 2161 Trojam
642 2130 777 2152 manere
791 2122 941 2162 possint:

248 2169 302 2199 vel
318 2169 576 2200 indeterminate
599 2171 680 2201 diem
703 2181 763 2211 pro
789 2174 943 2212 tempore

249 2219 363 2259 sumit,
378 2219 528 2259 Trojanae
546 2219 712 2251 obsidioni
730 2221 856 2252 debito.
894 2221 942 2252 Ut

251 2268 349 2308 Virg.
374 2268 383 2284 ‘
396 2269 506 2300 Multa
523 2268 594 2300 dies
617 2270 807 2310 longusque
822 2269 942 2302 labor!

249 2317 294 2348 Et
305 2318 489 2354 Juvenalis,
505 2318 514 2335 ‘
528 2319 644 2359 Longa
658 2319 729 2351 dies
741 2320 845 2360 igitur
859 2319 939 2361 quid

248 2367 392 2398 contulit
406 2366 434 2395 ?'

289 2419 351 2448 513
375 2417 524 2449 Stimulat
538 2418 669 2450 Bellona
683 2418 835 2459 volentes]
872 2419 939 2450 Pa-

247 2467 318 2507 pin.
336 2466 460 2499 Achill.
477 2468 716 2511 ‘stimulatque
732 2469 939 2510 Agamemno

249 2517 424 2548 volentes!

289 2568 352 2597 517
376 2567 420 2597 Et
443 2567 632 2607 responsuris
653 2568 788 2600 invitant
817 2569 941 2600 vocibus

247 2615 347 2655 Echo]
360 2616 519 2647 Paulinus
531 2627 540 2647 x
552 2617 561 2633 ‘
574 2617 619 2647 Et
634 2618 843 2659 responsuris
858 2617 938 2651 ferit

248 2665 327 2695 aera
344 2665 476 2696 vocibus
492 2664 623 2696 Ameu.’

289 2716 351 2744 520
374 2714 591 2754 Humilemque
614 2720 736 2756 soporat
753 2717 940 2758 Decrepitns

251 2763 363 2793 Titana
394 2764 474 2804 dies]
509 2765 590 2796 Dies
621 2766 772 2797 nascitur
808 2767 939 2807 poeti-<33

250 2812 363 2854 itaque
379 2818 414 2845 et
430 2819 519 2855 tyro,
535 2820 570 2846 et
593 2820 773 2849 veteranus
790 2817 859 2849 sive
880 2817 937 2849 de-

994 1873 1143 1914 crepitus
1159 1877 1223 1904 est.
1269 1872 1491 1905 Dracontius:
1511 1872 1592 1904 ‘sub
1605 1882 1683 1904 vere

994 1933 1091 1959 novo,
1107 1923 1169 1954 sub
1186 1928 1337 1963 tempore
1352 1924 1470 1963 primo,
1482 1922 1552 1954 Sub
1565 1927 1683 1963 tyrone

994 1972 1050 2004 die
1072 1977 1232 2004 veterana
1247 1973 1280 2003 in
1297 1973 1398 2004 saecla
1413 1971 1574 2012 paratus!
1602 1972 1682 2002 Fes-

994 2027 1047 2055 tus
1061 2034 1069 2055 :
1087 2024 1096 2041 ‘
1110 2023 1303 2063 decrepitus
1319 2027 1371 2054 est
1385 2023 1595 2063 desperatus,
1611 2031 1684 2053 cre·

993 2083 1077 2114 pera
1096 2074 1169 2114 jam
1188 2074 1278 2104 vita:
1305 2078 1342 2104 ut
1358 2072 1606 2113 crepusculum,
1621 2080 1679 2102 ex-

993 2127 1136 2154 tremum
1152 2122 1219 2153 diei
1240 2121 1397 2162 tempus.’
1440 2121 1594 2161 Scaliger
1615 2118 1683 2151 κνέ-

993 2177 1055 2211 φας
1071 2172 1103 2203 in
1120 2173 1129 2188 ‘
1141 2171 1279 2213 crepus'
1295 2176 1329 2202 et
1345 2170 1622 2211 ‘crepusculum,’
1643 2174 1683 2202 ut

993 2221 1121 2253 κνίσπος
1135 2222 1168 2252 in
1181 2224 1191 2240 ⁴
1207 2222 1354 2262 crispum
1368 2222 1375 2233 '
1390 2225 1556 2252 mutatum
1573 2224 1683 2261 putat,

992 2277 1172 2303 comment.
1186 2271 1219 2302 in
1231 2271 1407 2302 Catatecta
1420 2281 1453 2311 p.
1464 2272 1538 2302 190.
1553 2270 1683 2301 Ita‘so-
1744 2306 1746 2311 ,

993 2322 1056 2352 lem
1074 2320 1240 2352 adultum’
1257 2320 1438 2351 Petronius
1456 2319 1597 2351 Arbiter·
1610 2319 1684 2350 dix·

993 2371 1034 2409 it,
1047 2375 1084 2402 ut
1099 2370 1238 2401 Tacitus
1249 2369 1260 2386 ‘
1270 2373 1422 2400 aestatem
1439 2368 1610 2400 adultam?
1626 2368 1683 2399 Ita

992 2420 1128 2459 Plauto,
1157 2425 1166 2438 ‘
1179 2419 1250 2450 dies
1266 2418 1424 2454 oculata,'
1450 2418 1537 2450 ‘diei
1551 2417 1680 2449 umbili-

993 2469 1078 2510 cus,'
1091 2470 1101 2487 ⁴
1111 2469 1182 2500 dies
1195 2468 1289 2509 abit‚’
1302 2469 1311 2486 ‘
1324 2468 1394 2499 dies
1409 2466 1681 2507 tabescit‚’quasi

989 2529 1104 2555 senex,
1116 2523 1151 2550 et
1165 2520 1301 2550 Lucret.
1328 2523 1337 2536 ⁸
1352 2519 1514 2549 Crescere
1530 2518 1679 2556 itemque

990 2569 1061 2600 dies
1076 2569 1157 2599 licet
1182 2573 1216 2599 et
1239 2567 1414 2598 tabescere
1438 2564 1579 2597 noctes!
1624 2565 1680 2595 Ita

989 2622 998 2634 ‘
1015 2618 1166 2649 lacerare
1185 2615 1297 2651 diem:
1321 2615 1331 2631 ⁴
1344 2613 1562 2651 excruciare(
1576 2613 1586 2630 ‘
1600 2621 1680 2644 con-

991 2667 1124 2707 terere‚’
1147 2668 1157 2684 ⁴
1170 2663 1395 2704 comburere‚’
1410 2665 1419 2681 ‘
1431 2662 1585 2702 sumere,’
1604 2663 1614 2680 ‘
1625 2672 1677 2694 se-

990 2716 1119 2757 pelire,'
1149 2721 1159 2735 ¹
1173 2713 1341 2748 condere-⁹
1392 2712 1478 2743 Vide
1498 2711 1604 2744 Taub.
1634 2713 1677 2744 ad

990 2767 1163 2807 Plautum,
1193 2771 1230 2797 et
1260 2763 1405 2796 Palmer.
1434 2769 1516 2793 xm.
1542 2771 1575 2802 p.
1604 2763 1678 2793 844.

987 2818 1052 2848 διε.
