1889 3194
524 295 585 325 nn
622 292 776 324 ssnnno
810 291 1034 322 TROJANO
1072 291 1163 321 mn.
1195 292 1225 322 1,
1513 279 1597 320 393

150 388 349 432 Ambitio
369 388 483 429 ludit
504 400 688 442 pugnas,
709 386 787 427 sed
809 388 851 427 et
870 386 948 434 ira,
971 384 1203 438 minaeque,

150 455 209 496 Et
231 469 314 496 non
335 456 497 495 extorti
519 467 599 507 per
620 453 800 494 vulnera
819 451 957 493 cruda
977 450 1143 492 furores

151 522 280 563 Bella
299 522 429 571 cient,
450 520 549 562 hinc
570 520 670 561 inde
691 520 807 561 odiis
828 518 1053 560 flammata
1075 517 1296 571 superbis.

208 588 386 629 Primus
408 588 453 628 in
475 587 687 628 adversos
709 586 881 626 vibrata
899 584 1085 638 cuspide
1105 595 1255 624 muros
1513 581 1597 622 380

149 655 347 708 Torquet
366 667 525 708 equum
546 653 722 701 Peleus,
740 651 968 704 fractaque
990 649 1246 691 accenditur
1265 648 1411 689 hasta.

152 721 268 762 Haec
289 719 388 774 (ait)
407 720 613 773 hospitiis
635 718 796 768 aditus,
819 722 862 759 et
883 718 927 758 in
946 717 1127 770 hospita
1147 719 1263 757 tecta

150 787 352 828 Pulsanti
372 786 608 827 reseranda
627 798 756 826 manu
777 798 787 826 ε
817 797 898 825 nos
918 785 1024 825 urbe
1044 784 1253 832 fruamur,

151 853 288 894 Portu
309 853 400 903 alii,
421 853 560 893 dixit:
593 852 827 904 cunctique
847 852 1009 892 instare
1030 850 1209 902 Pelasgi

150 918 244 960 Ceu
264 919 372 960 belli
394 922 491 960 tunc
511 931 645 960 causa
664 930 817 958 recens
838 930 916 958 nec
937 921 1129 970 tempore
1149 917 1282 968 longo
1511 915 1596 956 390

150 985 225 1026 Ira
244 986 400 1035 minor,
422 986 566 1026 minus
586 984 830 1026 accendant
848 984 894 1024 in
913 984 1069 1037 praelia
1089 987 1254 1023 mentes

148 1052 179 1093 J
183 1066 303 1102 ussa,
325 1053 462 1103 tubae,
482 1052 715 1105 promissa,
735 1063 886 1104 preces
904 1064 913 1088 ε
945 1049 1184 1103 asperrima
1205 1061 1357 1090 cernas

150 1119 279 1160 Bella
297 1120 388 1172 geri
405 1132 415 1161 ε
444 1132 532 1160 non
552 1118 807 1172 praecipites
828 1117 998 1159 telluris
1019 1117 1185 1166 hiatus,

150 1185 257 1227 Non
277 1186 422 1228 undas
441 1186 625 1227 timuere
643 1185 728 1227 viri
739 1184 754 1226 ξ
785 1185 870 1225 sibi
892 1184 1080 1237 quisque
1102 1183 1242 1223 videri

150 1253 260 1294 Dux
281 1253 397 1302 aliis,
418 1254 631 1306 milesque
651 1252 739 1292 sibi
758 1265 768 1292 :
792 1264 894 1305 pars
915 1251 1106 1292 cratibus
1126 1250 1261 1290 instat
1510 1246 1597 1287 395

149 1319 394 1361 Continuas
415 1319 567 1360 molita
587 1320 699 1367 vias,
728 1318 972 1371 vallemque
991 1316 1252 1370 profundam

151 1385 350 1426 Molibus
370 1385 543 1439 injectis
564 1385 699 1426 vincit
717 1398 727 1425 t
749 1396 852 1437 pars
875 1395 1034 1435 aspera
1053 1382 1144 1422 divi

150 1452 391 1505 Impatiens
412 1450 596 1492 haesisse
617 1451 761 1492 subit:
786 1450 882 1503 jam
907 1450 1042 1502 copIa
1062 1448 1193 1497 muri,

148 1517 178 1558 J
181 1530 249 1559 am
268 1517 415 1558 silices
435 1517 583 1558 laxare
603 1517 733 1558 licet:
763 1517 839 1558 sed
861 1516 1051 1570 desuper
1071 1520 1229 1568 urgent

152 1583 435 1634 Dardanidae,
454 1584 745 1636 incussasque
768 1583 915 1623 trabes
937 1588 982 1623 et
1004 1594 1146 1624 saxea
1161 1580 1343 1622 volvunt
1513 1580 1598 1620 400

151 1649 410 1703 Fragmina:
444 1662 546 1703 pars
560 1649 726 1703 jaculis
747 1648 911 1699 audax,
936 1662 1037 1701 pars
1059 1660 1220 1701 aspera
1239 1646 1426 1687 flammis

151 1716 411 1769 Flagrantes
431 1716 618 1768 invergit
639 1729 807 1770 aquas:
840 1721 1014 1769 septum
1036 1716 1192 1756 arbore
1213 1714 1387 1768 Dymus

148 1781 402 1824 Affectabat
424 1783 520 1832 iter,
542 1782 722 1836 fixoque
742 1783 789 1823 in
810 1784 970 1824 maenia
989 1783 1129 1830 vultu,

151 1847 383 1890 Haeserat:
414 1848 528 1889 hunc
548 1849 710 1890 latices
731 1848 1018 1889 decalvavere
1040 1846 1226 1901 profusi,

152 1913 458 1967 Fulmineique
478 1915 649 1964 imbres,
667 1914 833 1956 nudum
858 1915 1079 1968 spoliatur
1099 1918 1288 1966 utroque
1516 1914 1601 1953 405

152 1979 278 2021 Crine
300 1986 462 2034 caput3
494 1986 781 2035 penetratque
804 1981 947 2023 fluens
968 1983 1012 2022 in
1031 1981 1203 2022 viscera
1220 1979 1391 2021 vulnus.

152 2045 214 2088 At
233 2047 477 2089 testudineo
498 2047 712 2090 Telamon
731 2048 939 2089 defensus
955 2048 1120 2089 amictu

748 2176 767 2189 0
773 2176 995 2190 OOOOOO‘OOOO

197 2252 258 2281 402
281 2250 443 2290 Immergit
460 2250 528 2282 Ms.
545 2259 652 2291 marg.

811 2314 952 2346 NOTAE

196 2379 258 2407 ‹104
282 2376 376 2407 Hunc
386 2376 494 2407 latices
505 2377 699 2407 decalvavere
711 2375 850 2418 profusi]
907 2375 1024 2416 genis!

154 2427 320 2466 vegetius
337 2426 381 2457 de
403 2427 453 2457 Re
469 2427 633 2458 Milit.1v.
660 2429 691 2458 8.
716 2428 850 2458 ‘exuri-
945 2428 1010 2456 406
1046 2426 1162 2457 Fluens
1191 2425 1226 2456 in
1251 2426 1369 2457 viscera
1393 2426 1516 2465 vulnus]
1550 2426 1598 2458 Ut

153 2479 270 2506 menta
283 2475 291 2488 '
309 2475 470 2510 nominat,
493 2478 502 2492 ‘
517 2475 681 2516 bitumen,
698 2477 852 2517 sulphur,
905 2475 1026 2516 Papin.
1047 2484 1099 2506 xr.
1122 2476 1132 2492 ‘
1147 2475 1283 2516 obliquo
1299 2476 1474 2507 descendit
1486 2477 1527 2507 ab
1544 2477 1600 2507 ae'-

153 2525 264 2564 picem
278 2524 566 2565 liquidani,oleum
580 2524 849 2557 incendiarium.'
903 2535 939 2556 re
957 2525 1100 2556 vulnus!
1125 2525 1227 2556 Silius
1243 2534 1335 2557 xvn.
1349 2523 1598 2566 ‘fluitundique

152 2575 265 2605 Talem
291 2573 491 2614 πολιόρκησιν
512 2574 636 2614 Papin.
659 2583 697 2606 x.
721 2574 849 2606 descri-
903 2577 1013 2608 victor
1052 2575 1246 2607 Mulciber!
1288 2577 1419 2607 Varro:
1457 2577 1466 2594 ‘
1490 2575 1599 2608 fluunt

153 2624 216 2664 bit,
232 2634 333 2665 quam
349 2624 501 2655 imitatur
516 2634 633 2665 presso
656 2624 744 2665 pede
768 2625 849 2656 item
903 2626 1040 2657 uberius
1057 2626 1173 2658 venti.'
1217 2626 1273 2656 Ita
1301 2627 1437 2658 Lucret.
1459 2625 1502 2658 de
1520 2636 1598 2657 ven·

154 2674 255 2705 Silius
272 2683 297 2706 1.
309 2678 344 2706 et
352 2683 427 2705 xw.
442 2674 848 2715 Decalvareffpanaecpofiv,
903 2676 964 2706 tis:
988 2675 997 2692 ‘
1010 2675 1083 2706 Nee
1099 2675 1231 2705 ratione
1245 2673 1352 2705 fluunt
1367 2673 1456 2706 alia.'
1479 2675 1573 2705 Idem
1588 2686 1596 2705 :

154 2728 192 2755 ut
219 2724 363 2755 Plautus
390 2723 596 2754 ‘denasare’
621 2724 653 2754 in
683 2724 848 2764 Captivis,
902 2726 910 2742 ‘
924 2724 1048 2756 flumen
1072 2724 1179 2765 picis,’
1197 2733 1246 2755 νι.
1273 2724 1421 2756 Lucilius
1440 2735 1446 2754 :
1464 2723 1596 2757 ‘fluita—

158 2772 371 2808 ‘demum-ef
394 2774 402 2790 ‘
417 2773 624 2804 demanare?
670 2774 792 2814 Papin.
808 2783 847 2805 11.
903 2784 938 2805 re
954 2783 1116 2816 caproues
1135 2773 1243 2806 altas?

155 2822 265 2854 Theb.
279 2825 286 2840 ‘
301 2833 486 2866 asprosque
499 2825 643 2856 molares
655 2824 846 2856 Deculcare
