1889 3194
239 326 325 367 476

757 337 959 367 JOSEPHI
994 337 1158 367 ISCANI

242 431 388 473 Limat
406 431 556 485 pulmo
575 432 759 485 loquax,
781 431 953 472 modico
970 431 1196 484 dispensat
1216 432 1336 473 hiatu

243 497 373 550 Splen
394 498 543 548 risum,
558 497 679 539 facili
696 498 752 538 fel
773 498 1028 549 castigatius
1050 498 1115 537 ira

243 564 411 613 Uritur,
428 577 482 604 ac
503 565 643 605 teneri
659 564 867 605 scintillat
882 564 1054 604 mollius
1068 577 1199 617 aequo

244 631 440 672 Pruritus
454 630 637 683 jecoris,
657 630 908 683 meritaeque
924 630 1111 683 insignia
1131 630 1262 670 famae

1589 629 1675 669 200

247 697 466 749 Mergens,
487 697 623 738 nativi
642 697 798 737 titulos
816 696 1003 737 incestat
1022 697 1201 737 amoris.

248 763 350 804 Hoc
368 766 608 804 monstrum
626 775 713 803 non
729 763 820 804 ales
841 762 970 812 edax,
990 775 1078 803 non
1096 762 1229 803 labile
1251 774 1423 812 saxum,

248 830 354 870 Non
370 830 471 869 axis
487 834 712 882 torquens,
732 841 820 869 non
839 829 1033 870 mendax
1049 829 1203 870 vicerit
1223 829 1358 869 unda.

248 896 360 937 Cum
381 897 492 936 bene
514 895 650 936 fracta
664 898 800 948 tepet,
821 896 1088 948 moriturque
1109 895 1285 948 sepulta
1305 894 1457 944 libido,

248 962 489 1015 Respirant
504 962 644 1015 plenis
660 961 861 1002 incendia
877 962 1065 1015 pristina
1085 962 1205 1002 fibris
1219 975 1230 1013 ;

1597 961 1682 1002 205

248 1029 323 1070 Sic
344 1029 545 1070 Helenen
567 1032 702 1069 totam
723 1041 826 1081 pars
851 1030 984 1069 unica
1003 1029 1170 1081 mergit,
1191 1034 1237 1069 et
1256 1028 1402 1081 ipsum

248 1095 432 1136 Excitat
450 1096 495 1135 in
513 1095 695 1144 cladem,
716 1095 858 1148 regnis
881 1095 1170 1145 certantibus,
1188 1095 1347 1135 orbem.

306 1162 336 1203 J
341 1174 414 1202 am
435 1161 708 1202 Pandionios
726 1161 895 1202 collato
917 1162 1071 1202 robore
1084 1165 1237 1215 portus

248 1228 426 1281 Argivae
448 1233 628 1269 tenuere
649 1231 779 1278 rates,
808 1229 1084 1282 spatiumque
1104 1229 1298 1281 negabat

247 1295 385 1336 Terra
398 1295 521 1345 viris,
538 1295 650 1336 velis
668 1294 756 1345 aer,
769 1299 813 1336 et
833 1295 1059 1348 puppibus
1078 1308 1247 1348 aequor,

1601 1295 1686 1335 210

251 1361 364 1403 Cum
384 1361 564 1403 tandem
584 1361 733 1403 licitos
749 1362 993 1415 poscebant
1011 1361 1129 1403 bella
1149 1366 1335 1411 meatus,

896 1496 928 1527 N
935 1496 1036 1528 OTAE

296 1562 357 1590 197
380 1559 488 1591 Limat
507 1561 609 1600 pulmo
634 1560 763 1601 loquax]
792 1560 862 1591 Pro
886 1559 946 1591 eli-

252 1613 343 1640 mat:
369 1609 472 1640 Ovid.
504 1610 513 1627 ‘
532 1614 736 1649 tenuemque
761 1610 876 1640 elimat
905 1609 945 1639 ad

253 1657 422 1696 unguem?
440 1667 489 1689 1v.
505 1657 548 1689 de
564 1658 688 1693 Ponto,
704 1661 735 1689 6.
757 1657 767 1673 ⁴
784 1659 869 1690 Quae
886 1657 947 1689 tibi

255 1711 325 1736 tam
353 1707 447 1737 tenui
477 1717 561 1738 cura
590 1706 770 1738 limantur!
814 1707 947 1738 Limare

253 1756 357 1787 etiam
374 1757 464 1797 apud
480 1757 591 1788 Cicer.
612 1767 669 1789 111.
687 1758 800 1798 Epist.
818 1758 860 1789 ad
877 1758 948 1798 Ap-

254 1806 405 1847 pium‚et
424 1806 695 1846 Horatium,alio
710 1817 821 1846 sensu,
839 1807 948 1848 Epist.

255 1866 281 1888 1.
299 1859 351 1887 14.
377 1856 387 1873 ‘
403 1857 479 1888 Non
506 1857 583 1887 istic
610 1857 747 1897 obliquo
765 1857 861 1887 oculo
876 1866 952 1887 mea

255 1906 432 1937 commoda
445 1906 618 1948 quisquam
630 1907 763 1937 Limat.’
788 1907 951 1939 Prudent.

254 1959 262 1970 ¹
283 1954 389 1985 Limat
405 1955 542 1994 capillos
565 1959 601 1985 et
622 1955 797 1996 corymbos
817 1954 953 1987 Liberi!

255 2002 364 2034 Item:
388 2004 397 2020 ‘
411 2004 511 2036 Quod
528 2004 621 2035 limat
633 2014 755 2045 aegram
773 2009 951 2045 pectorum

255 2053 468 2093 rubiginem.'
520 2054 672 2085 Martial.
701 2064 750 2085 vr.
778 2057 831 2086 64.
861 2056 870 2072 ‘
888 2055 952 2086 tibi

256 2111 316 2133 cor
340 2103 478 2133 limante
506 2102 688 2135 Minerva.'
740 2104 950 2135 Dracontius

256 2160 349 2191 saepe
371 2152 380 2167 ‘
398 2151 506 2182 limari
522 2152 554 2182 in
572 2151 689 2192 artus,'
710 2161 771 2192 pro
792 2152 950 2184 deartua-

257 2200 303 2238 ri;
326 2200 469 2231 ‘limare
496 2210 558 2241 per
583 2201 732 2232 membra
744 2200 767 2240 ;’
792 2203 802 2219 ‘
817 2202 950 2233 Limare

258 2250 402 2286 dentes:
428 2252 493 2281 Sec.
545 2251 645 2291 Saepe
677 2256 791 2282 autem
824 2251 952 2283 Noster

256 2299 421 2339 simplicia
459 2300 657 2340 praevertit:
702 2301 879 2341 synthesis,
914 2306 952 2333 ut

256 2348 451 2387 ‘Solatam‚'
489 2358 551 2389 pro
581 2349 791 2381 desolatam:
822 2351 831 2368 ‘
849 2360 951 2392 seque

257 2397 366 2438 objice
379 2398 486 2430 morbi
499 2399 667 2440 Tentum,’
685 2409 746 2440 pro
763 2400 951 2431 detentum.

256 2446 314 2477 Ita
347 2448 356 2464 ‘
381 2447 525 2487 pendit‚’
555 2458 616 2488 pro
645 2449 840 2489 perpendit.
896 2450 952 2481 Sic

257 2496 357 2527 Silius
374 2505 410 2528 x.
435 2499 444 2515 ‘
462 2497 635 2538 flammat,'
663 2508 724 2538 pro
752 2498 951 2531 inflammat.

257 2545 380 2586 Papin.
405 2547 439 2577 in
465 2548 589 2587 Sylvis,
615 2557 657 2579 11.
679 2549 688 2565 ‘
706 2549 853 2580 condere
870 2549 952 2580 divi-

259 2595 345 2634 tias,'
362 2605 420 2635 pro
433 2596 655 2628 abscondere.
792 2595 795 2597 ’

302 2647 363 2675 199
385 2645 544 2677 Scintillat
565 2647 686 2677 mollius
705 2656 792 2686 oequo
804 2647 954 2679 Pruritus

248 2692 380 2734 jecoris]
419 2695 570 2726 Isidorus
589 2695 762 2726 Pelusiota
787 2705 812 2726 1.
844 2697 954 2737 Epist.

257 2745 332 2773 385.
349 2742 438 2781 ὁρμαί
452 2756 487 2774 τε
502 2744 602 2783 ἄγριαι
615 2744 665 2775 καὶ
687 2745 836 2784 ἐπιθυμίαι
854 2751 954 2785 φλεγ-

257 2790 416 2827 μαίνουσαι
446 2792 651 2825 ἆνακαίονται.
716 2796 822 2826 Clem.
855 2795 953 2827 Alex.

260 2840 399 2880 Paedag.
416 2850 455 2872 ιι.
472 2845 523 2873 10.
537 2852 570 2883 p.
588 2845 660 2876 140.
684 2845 794 2880 βοηθεῖ
808 2844 841 2876 δὲ
865 2844 915 2876 καὶ
935 2845 955 2883 ἡ

1001 1558 1096 1590 ἔνδεια
1121 1559 1178 1591 τοῦ
1192 1559 1292 1599 κόρου,
1307 1559 1342 1590 δι’
1356 1557 1392 1591 οὗ
1406 1557 1647 1599 φλεγμαίνουσαι
1661 1557 1693 1588 αἱ

1001 1608 1152 1647 ἐπιθυμίαι
1168 1611 1314 1649 σκιρτῶσι
1327 1608 1395 1649 περὶ
1410 1608 1468 1639 τὰς
1483 1606 1604 1645 ἡδονάς.

1042 1661 1106 1689 202
1129 1659 1200 1689 Hoc
1216 1660 1400 1699 monstrum]
1424 1659 1570 1689 Insultat
1588 1658 1694 1698 pruri-

1002 1708 1063 1743 tui,
1078 1709 1199 1749 aquilae
1211 1709 1301 1747 Tityi
1318 1710 1371 1739 vel
1385 1708 1593 1747 Promethei,
1614 1717 1694 1738 saxo

1003 1758 1151 1798 Sisyphi,
1166 1763 1251 1789 rotae
1268 1758 1410 1796 Ixionis,
1423 1758 1514 1789 dolio
1526 1758 1697 1798 Belidum,

1003 1809 1058 1839 vel
1097 1809 1207 1849 potius
1250 1819 1359 1849 poenae
1388 1809 1539 1849 Tantali,
1569 1809 1618 1840 ita
1645 1818 1696 1840 νι.

1006 1858 1015 1874 ‘
1031 1858 1093 1889 tibi
1118 1859 1279 1890 Tantalus
1305 1860 1423 1895 undas,
1449 1860 1549 1890 Ixion
1574 1859 1698 1897 radios,

1006 1917 1122 1938 saxum
1139 1908 1318 1939 remeabile
1334 1909 1456 1940 reddet
1467 1909 1641 1949 Sisyphus,
1656 1919 1696 1940 ac

1005 1958 1121 1998 Tityus
1140 1958 1318 1989 volucres.'
1361 1957 1516 1990 Affectus
1540 1968 1618 1990 vero
1644 1961 1696 1995 θη-

1004 2010 1054 2047 ρία
1076 2007 1348 2048 frequentissime
1372 2009 1485 2040 Graeci
1509 2008 1696 2039 nominant.

1005 2057 1181 2097 Chrysost.
1197 2058 1231 2088 in
1248 2067 1288 2089 11.
1305 2058 1346 2089 ad
1364 2058 1517 2090 Corinth.
1531 2058 1633 2089 Hom.
1646 2061 1699 2089 23.

1004 2117 1039 2147 p.
1063 2109 1138 2138 909.
1164 2110 1240 2138 910.
1267 2109 1300 2138 in
1338 2108 1447 2148 Epist.
1473 2118 1516 2140 11.
1544 2108 1586 2139 ad
1612 2108 1698 2140 Tim.

1004 2156 1106 2187 Hom.
1114 2159 1145 2187 9.
1158 2165 1190 2196 p.
1202 2159 1295 2188 1683.
1303 2157 1346 2195 μὴ
1355 2156 1449 2198 τρέφε
1458 2156 1554 2198 θηρία,
1565 2156 1607 2188 τὰ
1616 2156 1698 2195 πάθη

1003 2204 1102 2244 λέγω,
1126 2205 1234 2245 θηρίων
1258 2206 1320 2246 ’γὰρ
1348 2208 1449 2238 ἐκεῖνα
1480 2207 1699 2248 χαλεπώτερα.

1006 2255 1041 2285 M
1047 2260 1156 2286 atreas
1172 2256 1261 2296 apud
1273 2255 1493 2288 Athenaeum:
1516 2255 1618 2296 θηρίον
1630 2255 1699 2294 τρέ-

1004 2310 1072 2343 φεις
1086 2303 1104 2335 ὃ
1119 2305 1193 2335 αὐτὸ
1208 2304 1299 2335 ἑαυτὸ
1314 2304 1474 2337 κατεσθίει.
1504 2306 1589 2337 Vide
1605 2306 1702 2347 plura

1006 2355 1095 2396 apud
1111 2355 1302 2387 Casaubon.
1318 2356 1360 2386 ad
1377 2356 1502 2387 Athen.
1520 2366 1545 2387 1.
1562 2358 1615 2387 17.

1049 2407 1111 2435 204
1137 2405 1215 2435 Cum
1243 2404 1316 2435 bene
1343 2405 1454 2442 fracta
1481 2405 1579 2445 tepet]
1609 2403 1700 2435 Vide

1011 2453 1246 2493 Claudianum,
1281 2454 1338 2494 qui
1369 2453 1584 2493 ἐπιθυμητικὸν
1616 2453 1700 2484 illud

1007 2503 1168 2543 graphice
1185 2502 1369 2543 descripsit
1384 2504 1426 2534 de
1444 2512 1494 2534 lv.
1511 2503 1611 2534 Cons.
1628 2502 1701 2533 Ho-

1007 2561 1080 2582 nor.
1094 2554 1169 2582 229.
1192 2561 1290 2593 quem
1315 2552 1444 2583 Noster
1471 2560 1586 2591 presso
1611 2550 1700 2591 pede

1007 2600 1174 2641 sequitur.
1219 2601 1307 2631 Item
1337 2600 1537 2639 Hieronym.
1566 2600 1631 2640 Ep.
1657 2608 1699 2630 ιι.

1010 2649 1067 2690 qui
1083 2649 1202 2679 iisdem
1219 2647 1292 2679 fere
1310 2648 1418 2679 verbis
1433 2649 1551 2679 utitur.

1050 2700 1114 2728 208
1135 2698 1211 2727 Jam
1229 2697 1430 2737 Pandionios]
1450 2697 1579 2728 Molem
1594 2697 1698 2728 totius

1007 2747 1106 2787 hujus
1132 2747 1224 2785 belli,
1247 2755 1322 2777 cum
1345 2746 1445 2777 variis
1469 2746 1698 2778 calamitatum

1009 2795 1182 2835 procellis,
1214 2795 1371 2835 insignite
1407 2795 1556 2827 delineat
1591 2796 1698 2828 Clen».

1011 2844 1109 2876 Alex.
1127 2844 1223 2877 Paed.
1237 2853 1277 2876 11.
1294 2847 1324 2876 2.
