1889 3194
552 332 614 363 DE
651 331 805 362 BELLO
838 331 1063 362 TROJANO
1098 331 1195 360 LIB.
1229 332 1293 361 Vl.

1559 321 1586 362 ch

1589 321 1644 362 {⁴3

191 425 265 467 Ad
287 439 443 468 sexum
463 425 610 467 facilis
628 426 760 467 rediit
778 426 928 466 timor:
958 424 1155 479 undique
1176 429 1313 466 terror

189 493 512 548 Palantumque
533 500 693 543 metus,
716 494 888 534 discors
909 493 1085 546 ignavia
1097 497 1268 546 pugnat

193 560 478 614 Praeceptura
496 560 669 614 fugam:
699 560 808 601 nulli
830 573 1086 602 succurrere
1110 560 1254 612 lapsis

1560 560 1645 600 655

192 626 436 676 Fratribus,
461 632 536 668 aut
555 631 681 668 notos
700 641 820 669 mens
838 627 1089 682 respexisse
1110 631 1341 668 vocantes.

192 693 305 734 Pars
317 693 410 746 jam
428 699 561 735 nacta
581 695 744 744 urbem,
767 695 924 736 Danao
947 708 1051 748 pars
1071 694 1224 748 praeda
1244 694 1443 747 sequenti

193 758 453 813 Linquitur:
484 765 528 802 at
547 762 694 815 pauci,
717 775 815 803 cum
838 760 956 803 oerta
975 761 1175 816 pericula
1195 765 1389 812 cernant,

195 826 248 867 In
267 830 418 879 portus
435 827 633 877 redeunt,
654 832 698 869 et
712 829 807 870 fata
828 829 989 870 decora
1011 832 1244 870 merentur.

250 893 444 935 Venerat
464 896 651 936 extremi
670 896 862 937 revoluto
884 897 1067 937 stamine
1088 897 1213 950 pensi

1559 895 1644 937 660

195 960 401 1002 Fatorum
422 962 642 1015 promissa
662 963 772 1010 dies,
793 962 1078 1017 decimusque
1102 964 1276 1004 rotabat

196 1026 428 1080 Speratum
446 1029 606 1070 Titana
626 1030 776 1070 labor:
805 1029 1022 1083 praesagia
1043 1029 1178 1079 mille,

196 1094 325 1136 Mille
341 1097 444 1137 mali
466 1098 653 1138 micuere
673 1097 819 1148 minae,
841 1097 1082 1138 metuenda
1104 1102 1290 1139 cometae

196 1161 461 1217 Sanguineis
479 1164 678 1206 cecinere
699 1165 857 1215 comis,
879 1176 932 1205 ac
953 1164 1150 1205 Phoebus
1180 1170 1361 1218 uterque

852 1297 882 1330 N
889 1297 993 1330 OTAE

196 1381 371 1413 desereret
383 1382 502 1414 cohors
517 1383 607 1414 Sexu
619 1382 787 1423 recepto.'
802 1381 892 1414 Item

194 1432 238 1464 de
255 1441 306 1464 ιν.
320 1433 421 1465 Com.
439 1433 606 1465 Honorii:
631 1435 640 1451 ‘
652 1434 693 1465 In
706 1434 817 1464 vultus
841 1442 893 1463 re-

194 1483 289 1514 diere
314 1483 416 1514 suoS.'
461 1483 519 1514 Ita
541 1484 694 1515 Seneca:
719 1482 894 1514 ‘excalce-

194 1538 293 1564 antur
309 1532 523 1574 (cothurnati
541 1532 689 1572 scilicet)
713 1537 747 1563 et
764 1531 805 1562 ad
825 1537 894 1562 sta-

195 1587 304 1614 turam
323 1592 416 1613 suam
446 1581 614 1613 redeunt!
659 1583 724 1622 Ep.
748 1584 802 1614 76.
839 1581 895 1612 Sic

195 1631 292 1671 virg.
313 1631 356 1662 de
375 1631 522 1662 Proteo:
545 1633 554 1649 ‘
569 1631 690 1663 Victus
707 1631 739 1661 in
755 1640 829 1661 sese
843 1640 894 1661 re-

195 1681 270 1714 dit?
315 1681 440 1722 Papin.
472 1690 510 1713 ιι.
533 1687 541 1700 ‘
558 1681 640 1713 Mox
667 1681 756 1712 redit
783 1681 816 1711 in
843 1691 895 1712 re·

195 1733 299 1775 gem.'
321 1742 386 1765 xrr.
412 1734 422 1751 ‘
439 1733 530 1764 bello
555 1732 727 1774 cogendus
745 1737 780 1763 et
797 1732 896 1763 armis

195 1782 237 1814 In
253 1792 363 1814 mores
386 1783 619 1824 hominemque
643 1782 778 1814 Creon.'
804 1791 838 1813 v.
855 1781 897 1813 de

194 1831 269 1864 fera
293 1831 538 1871 mansuefacta,
562 1832 625 1863 ‘In
653 1841 763 1863 mores
795 1836 897 1872 negat

195 1882 246 1914 ire
262 1880 361 1913 suos.’
398 1881 526 1913 Noster
543 1880 629 1912 iufra
645 1884 719 1914 865.
742 1883 751 1899 ‘
767 1881 809 1913 In
820 1891 895 1913 sese

197 1936 320 1963 natura
342 1930 463 1962 redit:'
486 1931 574 1972 quod
591 1932 699 1962 Varro
715 1930 800 1962 facit
823 1930 896 1962 ‘re-

197 1980 413 2013 versionem.'
457 1981 514 2011 Sic
536 1981 757 2020 ‘immigrare
788 1980 822 2011 in
847 1981 894 2011 in-

198 2032 334 2072 genium
358 2030 479 2070 suum,'
496 2031 630 2062 Cicero.
676 2030 895 2062 Guntherus:

197 2087 206 2100 ¹
220 2082 268 2113 Ut
285 2091 369 2122 quos
385 2082 534 2112 Fortuna
551 2081 722 2112 extulerat
735 2081 768 2111 in
785 2090 821 2111 se
845 2090 897 2111 re-

197 2136 337 2162 vocaret
359 2129 517 2171 egesta&>
562 2130 760 2171 Opponitur
785 2134 898 2160 autem

198 2181 261 2219 illi,
290 2181 378 2221 quod
405 2180 505 2219 dixit,
533 2184 541 2198 ‘
557 2180 598 2210 ad
623 2189 739 2210 sexum
763 2177 901 2215 re‹lire‚'

199 2231 380 2264 Juvenalis
396 2230 490 2268 illud,
512 2229 522 2247 ‘
536 2230 622 2263 Quae
644 2229 731 2270 fugis
756 2238 776 2259 a
791 2227 899 2260 sexu!

200 2283 256 2313 Ita
287 2281 400 2312 Graeci
431 2281 538 2315 aiunt,
562 2278 604 2311 εἷς
632 2277 759 2311 ἑαυτοὺς
787 2278 898 2309 ἐλθεῖν.

201 2332 318 2372 Chrys.
335 2331 421 2361 scite
438 2330 536 2361 Orat.
553 2338 605 2360 ιν.
620 2329 663 2359 de
683 2328 900 2368 poenitentia,

200 2393 234 2424 p.
252 2385 326 2414 664.
344 2381 400 2413 nau
416 2379 470 2413 οὖν
485 2380 591 2420 ἕτερον
599 2381 662 2411 τῶν
683 2377 806 2410 δικαίων
820 2377 900 2416 ἡμᾶς

202 2431 368 2474 καταλάβῃ
379 2429 614 2468 ἀποβλέποντες
630 2430 671 2461 εἷς
685 2429 758 2460 τοὺς
769 2428 901 2460 δικαίους

199 2483 272 2515 τοὺς
282 2483 324 2515 τὰ
335 2483 413 2514 αὐτὰ
423 2481 589 2521 παθόντας,
601 2480 650 2512 καὶ
667 2478 901 2518 ὑπομείναντας,

200 2532 325 2574 ταχέως
351 2532 393 2564 εἷς
419 2531 546 2563 ἑαυτοὺς
571 2532 671 2562 ἐλθεῖν
697 2528 899 2567 δυνησόμεθα.

201 2584 301 2616 Mimi
317 2583 400 2616 illud
418 2584 460 2614 ad
478 2583 627 2614 auctoris
645 2580 750 2612 nostri
766 2584 899 2610 senten-

202 2635 284 2666 tiam
301 2640 336 2667 et
353 2634 457 2666 verba
480 2633 579 2664 facit:
604 2632 614 2649 ‘
627 2632 724 2662 Ficta
741 2629 781 2661 ad
803 2633 899 2660 uatu-

202 2695 274 2717 ram
289 2695 390 2727 quam
407 2685 477 2717 cito
499 2684 641 2715 redeant
659 2691 751 2712 suam
766 2680 786 2710 !’
810 2679 899 2721 quod

203 2736 440 2767 Nazianzenus
475 2733 620 2765 totidem
655 2731 768 2762 verbis
800 2730 899 2761 Orat.

204 2794 282 2817 xlx.
295 2789 409 2827 p.300.
424 2786 486 2816 πᾶν
498 2785 514 2815 ὁ
523 2781 731 2824 προσποιητὸν
742 2779 901 2818 οὗδὲμόνι·

203 2848 270 2874 μον.
296 2842 333 2869 et
357 2835 459 2868 Philo
483 2836 539 2867 De
567 2832 785 2866 Abrahamo:
809 2829 902 2870 φύσει

948 1382 1041 1422 ἔργον
1055 1381 1225 1422 μάχεσθαι,
1250 1392 1283 1422 p.
1301 1385 1376 1414 295.
1400 1383 1530 1415 Seneca
1552 1390 1647 1417 recte

948 1441 1004 1463 ιιι.
1020 1434 1074 1464 De
1088 1432 1209 1464 Beuef.
1234 1432 1243 1448 ‘
1262 1432 1385 1473 Neque
1399 1433 1487 1464 enim
1504 1434 1563 1465 ulli
1579 1444 1648 1466 ma-

949 1482 999 1523 gis
1029 1482 1193 1522 abjiciunt
1217 1483 1358 1522 animm,
1382 1492 1481 1522 quani
1507 1484 1564 1524 qui
1588 1484 1648 1515 im-

949 1531 1055 1571 probe
1071 1532 1194 1562 tollunt
1208 1530 1227 1562 :¹
1244 1531 1333 1572 quod
1352 1532 1507 1571 probant,
1521 1543 1595 1573 quae
1613 1533 1648 1564 in

948 1587 1089 1613 auctore
1125 1587 1242 1612 nostro
1276 1587 1474 1622 sequuntur.
1518 1583 1647 1614 Eadem

949 1630 1125 1662 Ciceronis
1136 1631 1307 1661 sententia
1320 1629 1390 1662 Off.
1408 1640 1448 1662 ιι.

992 1684 1055 1712 659
1085 1681 1123 1712 In
1148 1684 1257 1721 portus
1285 1680 1430 1721 redeunt]
1453 1681 1649 1722 Legendum

947 1735 1064 1773 portas.

993 1784 1053 1812 661
1081 1781 1232 1813 Fatorum
1255 1781 1409 1822 promissa
1434 1781 1517 1823 dies]
1544 1782 1652 1813 Luca-

949 1842 1012 1863 nus
1031 1840 1116 1864 vm.
1156 1832 1326 1862 ‘Aurorae
1357 1833 1524 1872 promissa
1552 1831 1650 1863 dies.'

950 1881 1114 1912 ‘Venturi
1140 1881 1302 1921 promissa
1331 1879 1441 1915 fides.’
1470 1881 1593 1920 Papin.
1617 1880 1649 1911 in

949 1931 1017 1963 fine
1040 1940 1090 1963 v1.
1114 1931 1219 1963 Theb.
1265 1931 1322 1962 Ita
1347 1931 1454 1962 infra:
1479 1931 1650 1962 ‘Venturi

945 1983 1018 2023 jam
1036 1984 1129 2013 clara
1146 1981 1253 2014 fides?

994 2033 1201 2072 Decimusque
1214 2032 1335 2063 rotabat
1352 2032 1518 2072 Speratum
1537 2031 1652 2062 Titana

951 2083 1053 2123 labor]
1080 2082 1168 2113 Vide
1201 2086 1275 2115 115.
1312 2081 1525 2113 ‘Laborem'
1561 2081 1649 2112 Solis

954 2140 1089 2162 cursum
1116 2132 1277 2170 nominat,
1302 2140 1368 2161 uon
1385 2131 1650 2170 delinquentem,

954 2180 1008 2210 vel
1023 2180 1032 2196 ‘
1045 2179 1220 2210 defectum
1237 2178 1388 2219 lumine,’
1410 2183 1446 2209 ut
1462 2179 1587 2210 Tibull.
1603 2179 1651 2209 lo-

953 2228 1079 2269 quitur.
1125 2228 1182 2260 Ita
1198 2229 1321 2268 Papin.
1345 2233 1353 2246 ⁴
1368 2229 1446 2259 Nox
1458 2238 1532 2269 quae
1550 2234 1653 2259 terra-

954 2287 1028 2308 rum
1057 2278 1203 2319 coelique
1242 2278 1399 2318 amplexa
1430 2277 1590 2309 labores.'
1626 2287 1652 2308 1.

952 2328 1058 2360 Theb.
1088 2328 1306 2365 Dracontius,
1337 2328 1346 2343 ‘
1364 2327 1476 2358 Saltus
1507 2326 1652 2366 Phoebi:

954 2388 1036 2420 quos
1054 2379 1193 2410 Lucret.
1217 2380 1226 2396 ‘
1240 2377 1369 2409 flexus.'
1407 2377 1520 2409 Graeci
1538 2377 1652 2417 χρόνου

953 2429 1045 2468 πόδα,
1063 2429 1152 2470 quod
1172 2429 1416 2469 Aristophanes
1431 2426 1619 2467 μυκτηρίζει.

996 2482 1060 2511 664
1076 2479 1208 2510 Phoebus
1224 2479 1364 2520 uterque]
1375 2478 1430 2509 Sol
1442 2484 1538 2508 ortus
1551 2483 1586 2508 et
1596 2487 1652 2508 oc-

955 2539 1065 2568 casus,
1083 2538 1120 2560 ut
1135 2534 1269 2559 veteres
1285 2527 1521 2569 loquebantur.
1548 2527 1652 2558 Ovid.

955 2589 981 2611 ι.
1000 2580 1139 2610 Metam.
1183 2579 1339 2610 ‘Littora
1356 2587 1436 2609 voce
1453 2578 1566 2618 replet
1588 2577 1652 2608 sub

955 2635 1101 2671 utroque
1112 2629 1264 2670 jacentia
1280 2627 1434 2659 Phoebo!
1478 2627 1534 2658 Ita
1550 2636 1573 2658 1.
1599 2628 1652 2658 De

957 2681 1068 2712 Ponto
1091 2682 1122 2710 4.
1145 2681 1266 2720 ‘quem
1292 2678 1378 2709 Solis
1406 2677 1447 2708 ab
1469 2682 1545 2708 ortu
1566 2676 1653 2708 Solis

957 2729 1000 2760 ad
1016 2738 1154 2760 occasus
1168 2734 1312 2769 utraque
1326 2731 1417 2758 terra
1430 2726 1571 2758 tremit?
1587 2726 1654 2757 Pe-

957 2779 1108 2810 tronius:
1133 2783 1141 2796 ‘
1161 2778 1238 2810 Qua
1254 2786 1360 2815 mare,
1376 2786 1443 2818 qua
1457 2781 1571 2811 terrae,
1585 2785 1653 2816 qua

957 2829 1049 2862 sidus
1087 2828 1194 2860 currit
1230 2825 1437 2868 utrumque.'
1493 2825 1653 2857 Quamvis
