1889 3194
302 312 504 343 JOSEPHI
540 311 706 343 lSCANl
741 312 804 342 DE.
837 312 992 342 BELLO
1025 312 1251 343 TROJANO
1287 313 1378 343 LlB.
1411 313 1442 344 l.

1508 303 1593 345 365

144 408 378 464 Imp-DUM
401 424 636 478 lacrymas,
658 436 966 478 concessaque
990 423 1207 476 Pergama
1226 423 1344 473 fatis,

145 489 307 532 Praelia
327 490 433 531 bina
451 491 624 540 ducum,
645 492 712 531 bis
732 490 934 532 adactam
952 490 1155 532 cladibus
1174 491 1326 531 urbem

147 558 200 598 In
221 558 402 607 cineres,
425 559 671 611 querimur:
704 557 946 612 flemusque
968 557 1085 611 quod
1111 557 1321 598 Herculis
1340 556 1419 607 ira,

147 624 367 666 Hesiones
390 630 557 678 raptus,
580 625 765 667 Helenae
785 625 891 679 suga
910 625 1088 678 fregerit
1108 637 1264 674 arcem,

796 733 939 765 NOTAE

189 798 205 827 1
225 796 362 828 Iliadum
377 797 544 838 lacrymas]
569 797 692 829 Juven.
709 798 782 829 Sat.
807 807 843 829 x.

145 846 253 878 ‘inter
263 847 409 878 Iliadum
424 846 617 887 lacrymas-¹
633 847 735 878 Ovid.
749 848 841 879 Fast.

145 905 198 928 ιν.
209 897 218 914 ‘
229 895 306 928 Hoc
321 901 421 936 pater
435 896 583 927 Iliades.’
597 896 843 937 Euripides-trd-

144 951 195 976 λιν
208 944 326 976 Ἰλιάδα
339 944 427 976 dixit
443 946 477 976 in
495 944 653 985 Hecuba,
673 951 710 977 ut
735 946 843 977 Theo·

144 995 252 1027 critus
264 994 399 1026 Ἰλιάδας
410 994 515 1035 μάχας
528 996 560 1026 in
572 995 760 1027 Dioscuris.
772 995 843 1026 No-

144 1045 209 1077 luit
226 1050 340 1077 autem
364 1045 470 1077 libros
488 1055 564 1076 suos
580 1043 699 1075 Ἰλιάδα
723 1045 843 1077 inscri-

143 1094 237 1131 bere,
249 1105 370 1136 neque,
384 1100 421 1126 ut
432 1095 502 1131 alii,
516 1094 700 1135 Ἰλιόπερσιν
711 1094 843 1136 (quam—

143 1145 195 1176 vis
211 1145 228 1176 ὁ
257 1144 505 1186 mivvsosephus
528 1146 680 1186 Scaliger
694 1146 842 1186 Ἰλιοπερ·

144 1194 217 1225 σίαν
231 1195 280 1226 ita
295 1194 407 1236 malit)
423 1204 486 1226 nec
508 1193 626 1226 ἅλωσιν
643 1196 765 1236 Trojae,
781 1194 841 1226 sed

145 1247 253 1284 σαφῶς
275 1245 318 1276 de
343 1246 442 1277 Bello
468 1246 627 1286 Trojano,
643 1255 710 1287 quo
735 1244 841 1276 κακοΐ-

143 1299 224 1335 λιον,
238 1300 276 1327 ut
291 1296 460 1327 Homerus
473 1296 634 1335 nominat,
651 1295 763 1336 periit.

205 1346 412 1386 Concessaque
442 1345 599 1384 Pergama
618 1344 719 1385 salis]
757 1345 842 1376 Erat

144 1395 233 1426 enim
249 1396 282 1426 in
295 1394 388 1434 fatis,
402 1395 539 1436 Trojam
554 1395 750 1436 perituram.
773 1394 841 1426 Alii

143 1444 283 1476 fuerunt
298 1444 414 1484 Trojae
430 1443 505 1476 fata
525 1444 700 1485 specialia,
716 1444 839 1486 quibus

146 1495 249 1526 salvis
271 1494 352 1526 urbs
376 1495 488 1526 salva:
523 1494 729 1530 Palladium,
753 1495 840 1526 Lao-

143 1544 311 1575 medontis
341 1545 568 1585 sepulchrum,
602 1544 758 1575 Troilus:
797 1544 840 1576 de

145 1594 264 1635 quibus
273 1594 429 1626 Comicus
442 1597 474 1626 in
484 1594 724 1627 Bacchidibus.
749 1595 840 1626 Vide

143 1644 232 1675 infra
248 1653 284 1676 v.
299 1648 373 1676 536.
396 1645 515 1676 Servio
529 1645 630 1685 Troja
652 1649 705 1676 est
719 1645 814 1685 regio
830 1655 838 1676 ε

142 1694 241 1725 Ilium
257 1694 353 1725 urbs:
377 1695 546 1735 Pergama
561 1703 635 1725 arx.
673 1694 840 1735 Hesychi-

147 1755 202 1776 us:
221 1744 379 1786 Πέργαμα·
397 1743 564 1786 ἀκρόπολις
578 1743 684 1776 Ἰλίου.
725 1745 840 1776 Suidae

145 1796 346 1836 Pergamus,
361 1796 480 1827 Ionum
498 1797 623 1837 lingua,
644 1800 697 1828 est
712 1796 839 1838 quaevis

144 1845 321 1886 ἀκρόπολις.

186 1899 207 1927 2
223 1897 342 1928 Praeliu
357 1896 429 1927 bina
450 1896 576 1937 ducum]
604 1896 842 1929 Laomedontis

144 1956 220 1978 cum
237 1947 402 1987 Hercule,
417 1947 546 1979 Priami
567 1957 644 1979 cum
660 1948 840 1990 Agamem-

143 2005 231 2028 none
246 2002 283 2029 et
299 1997 448 2038 reliquis.

203 2048 266 2079 Bis
292 2049 435 2080 adactam
461 2049 599 2080 cladibus
627 2048 749 2089 urbem]
779 2048 840 2080 Bis

144 2108 224 2130 vero
238 2100 249 2129 ?
291 2099 503 2139 Theocritus,
529 2099 600 2130 sive
630 2098 657 2129 is
686 2099 840 2130 Simmias

146 2148 308 2188 Rhodius,
317 2148 479 2189 τρίπορθον
493 2158 501 2180 :
516 2149 549 2179 in
562 2149 655 2187 βωμῷ
667 2148 700 2179 ἐν
707 2146 841 2188 τευκρίδι

145 2197 217 2236 ἄγοι
229 2208 268 2236 γε
275 2197 436 2238 τρίπορθον
449 2208 457 2229 :
474 2198 541 2229 imo
550 2198 675 2239 saepius
686 2203 837 2230 vastata:

145 2249 256 2290 primo
273 2249 315 2280 ab
332 2249 498 2288 Hercule3
521 2249 670 2280 secundo
697 2249 738 2281 ab
764 2249 840 2280 AEa-

147 2299 252 2338 cidis;
278 2300 383 2331 tertio
400 2309 419 2330 a
435 2299 648 2335 Charidemo‚
665 2309 731 2340 qua
746 2298 788 2330 de
804 2309 840 2331 re

150 2350 336 2391 Polyaenus
350 2359 406 2381 ιιι.
420 2350 570 2390 Strateg.
588 2350 621 2380 in
633 2349 719 2387 fine3
742 2359 840 2391 quar-

147 2407 183 2431 to
200 2410 219 2431 a
234 2400 273 2431 C.
287 2400 450 2439 Fimbria,
475 2400 517 2431 de
544 2408 612 2440 qua
632 2398 757 2430 Strabo
783 2408 840 2430 ιιι.

144 2453 220 2482 409.
253 2449 429 2491 Appianus
446 2450 479 2480 in
493 2447 737 2480 Mithridatico,
770 2447 842 2479 Au-

148 2501 209 2531 rel.
224 2500 344 2531 Victor
368 2500 401 2530 in
424 2498 587 2530 Fimbria.
630 2497 842 2539 Augustinus

147 2559 204 2582 ιιι.
217 2550 259 2582 de
270 2549 371 2582 Civit.
384 2549 464 2589 Dei,
477 2552 507 2580 5.
517 2547 715 2579 Antecessit
725 2556 841 2578 omnes

147 2601 264 2642 quinta
302 2599 431 2639 ἅλωσις,
461 2603 500 2630 ut
529 2597 663 2639 quidam
706 2601 842 2638 putant,

148 2652 371 2691 Amazonum,
385 2661 460 2692 quae
476 2650 638 2681 minorem
656 2648 769 2680 Asiam
785 2658 842 2680 oc-

145 2706 317 2742 cuparunt
333 2712 341 2733 :
377 2701 442 2732 nisi
473 2700 507 2731 id
534 2700 577 2731 de
611 2699 840 2731 incursatione

147 2757 278 2783 tantum
294 2751 477 2791 intelligas.
514 2750 719 2782 Amazonum
737 2758 841 2788 expe·

148 2801 287 2832 ditionis
328 2802 482 2834 meminit
519 2801 620 2832 etiam
659 2800 842 2831 Homerus·

149 2851 287 2883 Orosius
314 2861 339 2884 1.
365 2855 415 2883 15.
441 2856 476 2883 et
508 2854 558 2883 16.
581 2854 714 2882 centum
745 2850 840 2882 annis

895 798 996 829 urbes
1013 798 1175 829 evertisse
1195 795 1327 836 scribit,
1344 794 1436 826 Asiae
1455 794 1592 834 imperi-

895 858 949 880 um
981 849 1143 887 tenuisse,
1173 848 1346 887 Europam
1377 845 1524 876 maxima
1549 854 1593 875 ex

896 903 994 939 parte
1009 899 1194 938 domuisse,
1211 897 1364 928 Atticam
1382 905 1462 927 vero
1479 895 1520 926 ab
1538 895 1593 926 iis-

896 948 973 979 dem
994 947 1202 988 infestatam,
1231 947 1450 987 Areopagum
1476 945 1593 976 condi·

898 1003 988 1029 tum:
1013 997 1089 1029 vide
1119 996 1206 1028 infra
1231 1005 1265 1027 v.
1286 998 1340 1027 50.
1371 1000 1407 1026 et
1438 994 1593 1035 pluribus

895 1056 954 1079 111.
970 1050 1044 1079 566.
1068 1048 1235 1079 Canterus
1253 1051 1289 1078 et
1305 1045 1469 1077 Brodaeus
1491 1054 1593 1086 prop-

897 1102 951 1129 ter
966 1097 1154 1128 Amazonas
1174 1102 1208 1129 et
1225 1096 1369 1127 Graecos
1389 1095 1551 1136 τρίπορθον
1574 1105 1594 1127 a

894 1148 1078 1179 Theocrito
1095 1147 1220 1179 dictam
1238 1151 1370 1187 putant.
1413 1146 1504 1177 Vide
1517 1147 1593 1178 Ste-

896 1197 1042 1238 phanum
1053 1195 1283 1236 ὶιιἈμαζόνιον.
1307 1197 1414 1228 Clem.
1424 1195 1594 1227 Alexand.

895 1256 920 1279 1.
943 1247 1065 1279 Strom.
1081 1257 1115 1288 p.
1130 1250 1204 1279 246.
1220 1246 1344 1278 Strabo
1365 1255 1450 1277 xm.
1466 1256 1509 1277 ex
1524 1246 1594 1277 He-

895 1296 1090 1336 gesianacte
1103 1296 1232 1332 scribit,
1249 1305 1268 1326 a
1281 1295 1392 1327 Gallis
1408 1296 1513 1326 etiam
1536 1305 1593 1327 oc-

895 1350 1054 1386 cupatam
1070 1344 1175 1376 fuisse
1190 1356 1197 1374 ε
1223 1354 1297 1385 quae
1315 1349 1411 1375 sexta
1426 1344 1543 1376 fuerit.

938 1394 1000 1425 Bis
1014 1395 1158 1426 adactam
1167 1393 1304 1425 cladibus
1317 1392 1438 1433 urbem]
1456 1393 1591 1433 Papini-

894 1454 950 1476 um
967 1444 1156 1476 identidem
1173 1453 1291 1485 presso
1312 1442 1400 1483 pede
1426 1443 1594 1484 sequitur,

894 1497 951 1537 qui
966 1505 991 1527 1.
1014 1496 1119 1528 Theb.
1134 1496 1143 1513 ‘
1157 1495 1208 1527 bis
1225 1495 1386 1526 adactum
1399 1493 1530 1535 legibus
1543 1494 1594 1525 Is-

893 1544 1006 1578 trum?

936 1598 957 1628 3
978 1595 1160 1636 Flemusque
1184 1596 1263 1636 qaod
1277 1593 1425 1626 Herculis
1439 1593 1502 1633 ira,
1526 1593 1594 1625 He-

892 1647 994 1678 siones
1009 1650 1126 1687 raptus,
1143 1646 1278 1678 Helena:
1285 1644 1370 1685 suga
1383 1644 1521 1683 fregerit
1543 1655 1594 1675 ur·

893 1696 972 1737 cem]
989 1697 1132 1728 Causam
1149 1696 1248 1727 aliam
1265 1693 1428 1735 Apollod.
1441 1702 1502 1726 ιιι.
1517 1697 1593 1726 179.

894 1747 1033 1788 allegat.
1068 1747 1168 1778 Ilium
1185 1749 1308 1777 contra
1323 1745 1594 1785 oraculijussum

895 1796 937 1827 ad
963 1797 1048 1828 Ates
1077 1797 1200 1828 collem
1227 1795 1328 1827 Ilium
1368 1795 1592 1827 exstruxisse.

896 1847 1044 1879 Gemina
1073 1856 1116 1878 ex
1144 1846 1278 1878 Isaacio
1317 1846 1440 1877 Tzetze
1479 1844 1594 1877 adfert

895 1899 1064 1930 Canterus
1080 1907 1104 1930 1.
1121 1900 1151 1929 1.
1171 1897 1365 1938 Stephanus
1391 1896 1593 1937 Byzantius,

889 1948 1000 1980 Ἴλιον·
1019 1948 1108 1981 πόλις
1121 1947 1271 1989 Τρωάδος,
1289 1946 1328 1984 ἣν
1340 1946 1369 1977 οἱ
1387 1947 1486 1986 Τρῶες
1500 1945 1596 1982 'Aa-ine

893 1999 960 2041 (ita
988 2000 1076 2031 enim
1100 2005 1195 2031 recte
1218 1996 1413 2029 emendavit
1439 1996 1595 2028 doctissi-

894 2060 968 2081 mus
1009 2049 1200 2090 Meursius)
1240 2047 1385 2088 ἐκάλουν,
1422 2046 1472 2078 καὶ
1500 2046 1596 2084 αὐτῆς

893 2099 988 2140 λόφοι
1003 2098 1069 2132 δύο.
1114 2098 1294 2131 Eustathio
1310 2108 1378 2130 non
1402 2097 1474 2128 sine
1491 2106 1595 2128 causa

894 2149 985 2181 istud
1003 2149 1046 2181 de
1063 2149 1145 2185 Ate,
1161 2152 1388 2180 commentum
1405 2156 1528 2188 sapere
1545 2147 1593 2178 vi-

896 2201 1007 2232 detur.
1033 2199 1214 2241 Euripides
1229 2200 1263 2230 in
1281 2199 1408 2231 Oreste
1426 2198 1484 2237 ait,
1501 2197 1594 2229 Deos

896 2251 928 2282 id
945 2251 1072 2282 bellum
1089 2250 1268 2287 excitasse,
1282 2254 1321 2280 ut
1337 2248 1506 2279 hominum
1532 2248 1594 2278 im-

896 2301 1092 2341 proborum,
1103 2300 1158 2341 qui
1170 2298 1323 2339 pondera
1336 2302 1436 2329 terrae
1448 2296 1594 2335 inutilia,

895 2351 1062 2381 sentinam
1099 2349 1340 2380 exhaurirent:
1372 2345 1531 2378 Θανάτους
1566 2347 1594 2377 τ’

895 2398 1007 2436 ἔθηκαν
1031 2399 1070 2430 ὡς
1099 2398 1289 2430 ἀπαντλοῖεν
1314 2396 1424 2437 χθονὸς
1438 2395 1594 2436 ’Ὑβρισμα

894 2451 1011 2486 θνητῶν
1032 2448 1166 2489 ἀφθόνου
1186 2447 1403 2488 πληρώματος.
1448 2446 1526 2486 Vel,
1556 2452 1594 2478 ut

893 2499 1059 2531 Stasimus
1076 2500 1109 2530 in
1126 2498 1259 2539 Cypriis
1275 2498 1438 2538 loquitur,
1464 2496 1594 2528 σύνθετο

894 2547 1039 2589 κουφίσαι
1069 2547 1232 2589 ἀνθρώπων
1274 2546 1463 2587 παμβώτερα
1490 2548 1595 2586 γαῖαν.

896 2598 1027 2630 Eadem
1048 2598 1245 2629 Eustathius
1260 2596 1303 2627 ad
1319 2596 1419 2628 Iliad.
1433 2600 1469 2627 A.
1487 2606 1521 2636 p.
1537 2599 1591 2629 15.

896 2648 986 2680 Hinc
1008 2648 1249 2687 Tertullianus,
1272 2647 1373 2687 luem,
1395 2645 1532 2685 famem,
1556 2651 1593 2678 et

896 2698 995 2734 bella,
1012 2703 1182 2730 tonsuram
1199 2697 1435 2728 insolescentis
1457 2697 1592 2737 generis

894 2749 1029 2780 humani
1047 2748 1199 2780 nominat
1212 2747 1270 2780 lib.
1283 2747 1326 2780 de
1343 2747 1464 2780 anima.
1501 2746 1592 2778 Vide

896 2800 1063 2832 Loensem
1078 2808 1127 2831 iv.
1144 2801 1175 2830 3.
