1889 3194
305 336 389 379 6:30

297 440 446 481 fuerant]
462 438 532 471 Aut
547 439 615 477 leg.
630 438 640 456 ‘
653 435 862 474 defuerant,’
876 438 936 465 aut
953 434 1002 464 in-

307 492 422 531 tellige
446 499 509 531 per
524 484 806 528 ‘superfuerant,'
832 492 1004 524 nunquam

308 551 413 583 supra
428 539 604 571 consilium
621 538 709 568 vires
724 535 873 567 fuerant.

351 592 369 631 ᾧ
399 592 438 621 18
464 589 642 620 Philocteta
675 595 735 617 non
765 584 932 615 columbam
960 580 1009 621 se]

311 641 397 673 Qnoe
423 639 467 670 de
495 638 690 669 Philoctete
721 634 773 664 hic
801 634 939 670 Noster,
966 640 1009 662 ea

311 690 486 721 Homerus
517 688 560 718 11.
598 690 638 717 Ψ.
669 685 711 715 de
738 683 896 713 Merione
933 690 1008 712 nar-

313 745 381 780 rat,
397 747 542 780 eumque
559 737 665 768 solum
683 743 759 765 cum
783 733 918 764 'l‘eucro
936 740 1010 762 cer-

310 798 413 822 tasse.

352 836 572 877 Destinatum]
596 835 680 874 Leg.
696 830 938 864 ‘destinatam’
963 839 1012 862 sc.

312 887 514 921 columbam.

356 940 432 979 §19
457 937 560 967 Cursu
582 936 673 973 longo
700 930 906 971 certantibus]
934 930 1012 962 Hoc

314 988 437 1020 Graece
453 987 501 1018 ita
513 986 684 1017 Homerus
698 994 706 1014 :
723 985 809 1014 Τοῖσι
824 983 848 1013 δ’
865 981 925 1013 ἀπὸ
941 985 1014 1012 νύσ-

316 1049 374 1076 σης
384 1037 500 1068 τέτατο
512 1035 634 1077 δρόμος,
642 1034 830 1065 Certabant
837 1031 1016 1072 currendo,

317 1089 359 1121 τὰ
372 1089 429 1126 τῆς
443 1087 622 1126 ταχυτῆτος
637 1084 734 1116 ἄεθλα
748 1083 897 1115 habitur.
943 1081 1016 1113 Ho-

315 1148 430 1172 merus
446 1137 600 1179 Ajacem,
624 1134 853 1169 Antilochum,
866 1137 902 1164 et
916 1132 1017 1172 Ulys-

319 1199 391 1221 sem
423 1192 575 1219 certasse
601 1185 660 1221 ait,
681 1184 769 1215 hunc
788 1191 824 1214 v.
839 1182 1016 1220 victorem,

319 1239 398 1270 inde
414 1236 633 1269 Antilochum
659 1233 812 1265 ultimum
834 1232 1016 1264 abstulisse

323 1287 512 1330 praemium.

365 1338 463 1369 Disco
487 1333 692 1375 Antilochus]
728 1333 878 1365 Homero
912 1331 1018 1372 Poly·

322 1391 443 1429 paetes.

366 1436 507 1468 Praemia
526 1434 663 1467 luctandi
678 1433 796 1465 intacta
811 1429 1021 1473 permansere]

323 1487 460 1519 Achille
485 1486 580 1517 litem
602 1484 784 1515 dirimente
811 1482 950 1513 Homer.
979 1479 1022 1510 11.

323 1541 362 1569 Ψ.
379 1536 502 1568 Ἀέθλια
515 1536 539 1566 δ’
553 1534 595 1566 'lo-³
610 1532 785 1565 ἀνελόντες.

368 1588 494 1619 Donum
508 1588 548 1617 ad
570 1583 756 1616 necessarios
779 1591 882 1613 eorum
903 1580 1022 1622 perser-

327 1637 415 1678 rent]
430 1637 513 1677 Leg.
527 1638 537 1654 ⁴
551 1633 711 1666 domum!

370 1689 388 1728 ᾧ
404 1690 447 1719 20
462 1686 607 1726 Lugubri
622 1688 704 1716 veste
719 1682 892 1714 miserabile
910 1679 1023 1720 tectus]

328 1743 338 1757 ⁶
352 1737 549 1770 Miserabile
560 1735 568 1748 '
583 1744 644 1777 pro
656 1734 666 1750 ‘
679 1732 862 1764 miserabili
873 1731 881 1744 ’
896 1740 938 1761 ex
950 1739 1024 1760 sen-

331 1788 439 1820 tentia
465 1786 588 1818 Barth.
622 1783 806 1816 Adversar.
842 1790 933 1812 xxv.
973 1782 1027 1811 25.

331 1838 392 1870 sed
409 1845 602 1878 perperam.
625 1831 862 1865 ‘Miserabile'
884 1830 938 1861 hic
964 1839 1027 1870 pro

334 1892 343 1906 ‘
359 1884 597 1918 miserabiliter
609 1882 618 1896 '
634 1883 782 1923 positum
798 1884 864 1920 est,
881 1879 931 1910 uti
947 1878 1029 1910 alibi

333 1935 423 1976 apud
463 1933 608 1975 optimos
648 1931 778 1962 Latinae
811 1929 935 1970 liuguae
971 1937 1029 1959 au-

334 1985 463 2016 thoros.

377 2035 445 2075 §21
463 2032 565 2068 Quam
576 2030 609 2061 in
623 2029 749 2061 Priamo
757 2026 932 2068 miseratio]
948 2028 1031 2069 Leg,

336 2089 346 2103 ‘
360 2093 458 2125 quam
472 2079 651 2113 Priamus!

378 2135 451 2165 Rex
464 2142 568 2172 genua
584 2131 717 2171 Achilli]
741 2131 826 2170 Leg.
842 2129 852 2147 ‘
867 2127 1034 2160 Achillis:

380 2185 433 2216 An
456 2184 554 2214 solum
575 2182 609 2212 in
628 2181 787 2212 Priamum
811 2177 1035 2210 circumscribi-

337 2233 405 2274 tur]
421 2234 532 2274 Supra
547 2234 600 2262 17.
623 2232 633 2248 ⁶
645 2230 740 2262 dolor
754 2239 840 2261 nece
861 2227 1035 2260 metuendi

338 2284 444 2315 hostis
466 2278 781 2314 circumscribitur?

384 2334 401 2373 ξ
416 2336 456 2364 25
477 2331 553 2362 Cibo
568 2328 760 2369 invitantur]
784 2337 825 2359 11.
841 2330 895 2359 52.
917 2327 927 2345 ‘
940 2326 1037 2358 Inter

341 2383 460 2424 epulas
476 2391 552 2413 cum
565 2380 635 2411 laeti
652 2379 740 2410 inter
756 2387 791 2408 se
807 2375 1016 2409 invitarent!

386 2434 458 2473 §26
481 2431 586 2462 Deum
607 2428 717 2469 quippe
737 2430 892 2459 auctorem
905 2426 1040 2465 singulis

343 2481 525 2514 mortalibus
539 2479 674 2518 malique
688 2476 768 2516 esse]
795 2476 871 2507 Vox
897 2475 1041 2506 Ethnico

345 2532 462 2573 digna.
507 2530 583 2561 Nec
606 2528 662 2558 hie
684 2536 767 2567 opus
794 2531 847 2556 est
878 2525 1040 2556 adnotare

346 2591 422 2622 quae
439 2580 480 2611 de
497 2578 568 2610 fato
585 2577 712 2616 Latini,
726 2574 837 2615 etrepl
851 2575 908 2612 τῆς
921 2586 1040 2615 πεπρω-

346 2629 439 2670 μένης
459 2629 529 2660 sive
555 2626 733 2666 εἱμαρμένης
760 2626 874 2658 Graeci
896 2625 1042 2667 scripse-

348 2684 439 2711 runt.

395 2730 526 2760 Tantum
541 2737 573 2758 se
587 2727 620 2758 iu
636 2725 977 2767 Hecuboefiliurumque
993 2734 1042 2757 re-

350 2778 541 2820 cordatione]
555 2778 654 2810 Tolle
671 2777 872 2819 particulam
887 2776 897 2794 ‘
910 2774 970 2808 in.'

475 344 620 377 NOTAE
651 341 919 374 VAmoRUM
953 340 1003 371 ΙΝ
1040 337 1229 370 ΒῙΟΤΥΜ
1263 332 1576 367 CRETENSEM.

1312 428 1406 460 LIB.
1430 427 1494 459 IV.

1098 491 1116 531 ξ
1133 493 1149 520 1
1171 488 1252 525 Quis
1266 488 1367 518 animo
1382 487 1429 518 ila
1444 487 1577 517 hoeserat
1600 483 1684 515 nulla
1697 491 1749 523 spe

1054 538 1257 580 impetrandi]
1281 538 1367 578 Leg.
1394 538 1404 554 ‘
1418 537 1502 569 Quis
1520 535 1632 566 animo
1647 533 1752 565 inbae·

1057 595 1147 622 serat
1162 590 1254 620 nulla
1264 598 1340 629 spes
1354 584 1585 628 impetrandi?

1102 640 1257 670 Coeterum
1270 638 1337 669 viso
1356 636 1503 668 Hectoris
1517 633 1648 674 funere]
1675 633 1752 664 Hoc

1058 695 1125 729 est,
1150 686 1361 723 ‘cadavere,’
1384 692 1422 718 ut
1446 686 1596 726 explicat
1618 683 1753 715 Barthi-

1059 750 1097 770 us
1124 749 1165 770 ex
1197 739 1271 769 loco
1300 738 1440 768 Senecae
1465 736 1498 766 in
1524 733 1681 775 Satyrico
1712 732 1755 763 de

1061 793 1170 820 morte
1186 786 1318 819 Claudii
1339 786 1502 826 Imperat.
1525 783 1592 816 Sed
1605 788 1642 814 et
1654 782 1754 823 paulo

1062 848 1165 879 supra
1181 837 1271 879 quod
1288 837 1414 868 Noster
1429 834 1527 870 dixit,
1550 834 1561 851 ‘
1573 833 1665 864 nulla
1678 839 1756 873 spes

1061 887 1268 930 impetrandi
1291 884 1491 921 cadaveris,’
1507 884 1578 925 jam
1604 882 1675 914 viso
1703 880 1756 912 fu-

1062 949 1145 971 nere
1161 939 1420 978 interpretatur.
1463 934 1519 965 Sic
1535 931 1625 974 apud
1641 932 1758 962 Dauos

1063 987 1215 1020 funebris
1243 993 1369 1027 pompa
1397 988 1432 1014 et
1462 982 1612 1014 cadaver
1639 979 1759 1012 eadem

1063 1047 1161 1077 voce,
1177 1040 1229 1068 ent
1263 1035 1336 1076 liig,
1366 1033 1614 1074 exprimuntur.
1659 1028 1761 1070 Apud

1065 1088 1210 1127 Livium,
1225 1087 1321 1117 locus
1338 1089 1391 1116 est
1408 1093 1450 1115 11.
1466 1085 1563 1125 p.63.
1584 1082 1595 1099 ‘
1608 1080 1762 1112 Victoria

1064 1138 1204 1179 egregie
1227 1141 1326 1177 parta
1355 1134 1462 1166 tristis
1491 1138 1606 1164 tamen
1631 1130 1762 1162 duobus

1065 1194 1135 1221 tam
1153 1188 1254 1219 claris
1278 1183 1482 1223 funeribus?
1503 1187 1539 1214 et
1555 1191 1596 1216 u.
1620 1182 1761 1220 Noster,

1065 1244 1074 1258 ‘
1091 1237 1191 1270 funus
1207 1237 1280 1277 ejus
1296 1232 1506 1266 crematum.'

1110 1287 1234 1327 Inclyta
1258 1294 1315 1325 per
1326 1286 1437 1323 gentes
1451 1280 1559 1322 sama]
1577 1281 1660 1321 Leg.
1686 1278 1763 1310 ‘In-

1072 1335 1212 1379 clytus.'

1110 1387 1199 1418 Hinc
1223 1383 1463 1417 reclamantibus
1493 1378 1654 1420 Trojanis]
1684 1379 1766 1419 Leg-

1067 1438 1077 1457 ‘
1090 1435 1215 1469 Illinc.’

1113 1488 1131 1528 ς
1147 1489 1165 1517 3
1183 1483 1380 1526 Clausisque]
1397 1484 1480 1523 Leg.
1498 1483 1507 1500 ‘
1522 1479 1677 1514 clausis?

1112 1536 1216 1575 Atque
1241 1532 1401 1572 amentiae]
1430 1531 1532 1563 Adde
1562 1526 1769 1566 ‘luituram‚’

1071 1585 1218 1624 scilicet,
1228 1583 1424 1624 praecipitat
1433 1580 1683 1612 Penthesileam
1696 1587 1773 1619 pos·

1073 1641 1191 1667 tremae
1219 1631 1469 1674 desperationis
1493 1636 1594 1672 atque
1619 1627 1770 1661 amentia

1076 1693 1209 1726 poenam
1226 1683 1399 1714 luituram.

1117 1735 1135 1775 ς
1147 1737 1167 1765 4
1180 1733 1325 1764 Memnon
1344 1730 1470 1762 Tithoni
1473 1729 1581 1772 filius]
1595 1728 1628 1761 Is
1641 1727 1772 1760 scilicet

1076 1784 1118 1816 de
1155 1784 1253 1823 cujus
1297 1782 1424 1814 tumulo
1462 1779 1586 1812 strabo
1620 1777 1772 1819 loquitur

1077 1842 1166 1865 xnr.
1181 1834 1257 1864 587.

1119 1882 1302 1923 Ingentibus
1317 1881 1465 1912 Indorum
1484 1881 1576 1920 atque
1591 1876 1775 1918 AEehiopum

1077 1931 1227 1971 millibus]
1262 1930 1437 1971 AEthiopas
1464 1928 1578 1960 divisit
1607 1927 1776 1959 Homerus

1079 1983 1114 2014 in
1130 1981 1202 2013 τοὺς
1216 1982 1273 2011 τοῦ
1294 1977 1460 2018 δυσομένου
1479 1977 1582 2017 ἡλίου,
1606 1980 1641 2008 et
1657 1976 1690 2007 in
1703 1974 1777 2007 τοὺς

1079 2033 1136 2065 τοῦ
1161 2029 1401 2068 ἀνατέλλοντος,
1423 2028 1491 2061 Od.
1518 2031 1557 2059 A.
1596 2026 1674 2058 Hoc
1699 2026 1777 2057 loco

1082 2081 1279 2114 Orientales
1307 2078 1462 2118 intelligo
1490 2076 1678 2117 AEthiopas‚
1703 2075 1777 2106 sive

1082 2132 1255 2164 Asiaticos
1292 2129 1389 2161 Indis
1418 2126 1662 2164 confinitimos;
1698 2124 1778 2166 quin

1083 2183 1148 2224 ipsi
1165 2182 1340 2222 AEthiopes
1356 2178 1433 2211 Indi
1457 2177 1572 2209 vocati
1589 2179 1680 2207 sunt.
1713 2175 1780 2206 Lu-

1085 2233 1200 2274 dolph.
1217 2232 1251 2262 in
1267 2239 1396 2271 nupera
1420 2228 1513 2260 Hist.
1531 2225 1723 2266 AEthiopica
1736 2233 1780 2256 11.

1085 2287 1118 2316 3.
1142 2286 1152 2301 ‘
1166 2282 1305 2323 Duplex
1328 2279 1395 2311 fuit
1412 2282 1566 2310 veterum
1586 2274 1780 2314 AEthiopia:

1087 2333 1237 2366 Asiatica
1253 2335 1289 2362 et
1313 2328 1489 2363 Africana,
1509 2327 1581 2357 sive
1598 2323 1784 2357 Orientalis

1087 2389 1123 2415 et
1138 2377 1397 2414 Occidentalis?
1434 2376 1609 2415 AEthiopes
1624 2372 1784 2405 Authoris

1086 2432 1194 2465 nostri
1210 2439 1316 2472 prope
1333 2428 1441 2459 sinum
1457 2425 1640 2457 Arabicum
1656 2422 1785 2454 incolu-

1090 2481 1257 2521 erunt,ab
1278 2476 1487 2512 Habassenis
1513 2472 1697 2512 hodiernis,
1725 2472 1784 2513 qui

1089 2532 1253 2564 interiora
1295 2527 1423 2560 Africa».
1461 2524 1626 2562 incolunt,
1662 2521 1786 2553 distin-

1090 2581 1229 2624 guendi.
1283 2579 1329 2609 Et
1344 2575 1518 2614 AEthiopas
1533 2572 1636 2603 etiarn
1651 2570 1684 2601 in
1703 2569 1786 2602 Asia

1088 2632 1193 2664 fuisse
1214 2628 1311 2661 testis
1325 2630 1378 2658 est
1402 2621 1618 2656 Eustathius:
1642 2619 1672 2651 οἱ
1697 2618 1786 2659 δίχα,

1091 2681 1216 2723 inquit,
1240 2676 1398 2720 διῄρηνται
1426 2673 1561 2713 φυσικῶς
1588 2671 1633 2709 τῷ
1655 2668 1788 2710 Ἀραβίῳ

1089 2733 1160 2771 ἤτοι
1172 2728 1330 2771 Ἐρυθραίῳ
1351 2725 1470 2764 κόλπῳ,
1490 2723 1519 2754 οἱ
1538 2721 1596 2764 μὲν
1618 2721 1704 2754 ἔνθεν
1724 2722 1790 2755 κεί-

1092 2794 1176 2823 μενοι
1187 2781 1243 2812 τοῦ
1258 2778 1387 2816 κόλπου,
1401 2775 1431 2807 οἴ
1444 2773 1477 2806 δὲ
1489 2774 1612 2805 ἐκεῖθεν.
1635 2771 1736 2804 Unde
1751 2776 1789 2804 et

1093 2833 1219 2865 Phalas
1235 2839 1311 2862 cum
1332 2825 1492 2859 Asiaticis
1507 2823 1719 2864 AEthiopibus
1741 2822 1791 2854 sa-

1096 2882 1160 2915 cile
1176 2879 1259 2914 mari
1287 2876 1439 2911 Rhodum
1455 2874 1572 2914 venit;
1594 2874 1628 2905 in
1644 2882 1709 2916 quo
1731 2882 1790 2905 ex-
