1889 3194
632 361 694 391 DE
731 361 886 391 BELLO
918 360 1142 391 TROJANO
1177 361 1272 391 LlB.
1307 362 1349 391 V.

1622 352 1708 394 523

262 466 440 510 Occidit
458 467 543 508 heu
569 479 672 520 spes
692 479 782 508 una
801 466 1040 520 Phrygum,
1063 465 1312 507 Mavortius
1337 465 1505 508 Hector

263 533 457 583 Occidit,
478 538 658 574 aeternos
678 533 750 574 cui
770 533 808 573 si
826 536 983 573 natura
1002 532 1199 574 dedisset

264 599 418 650 Artus,
437 600 534 653 ipse
552 612 655 641 suos
671 600 942 653 jaculandos
963 599 1137 653 Jupiter
1158 600 1284 652 ignes

264 666 371 708 Otia
392 669 609 708 tracturus
630 666 744 707 ultro
759 667 1027 708 mandasset.

1622 601 1707 642 525

1078 664 1139 707 At
1158 667 1282 708 illum

260 733 466 787 Imperiis
484 746 661 774 sensere
677 733 770 774 suis
793 733 1006 774 obsistere
1022 732 1194 782 Parcae,

260 800 462 850 Sensere,
485 804 530 841 et
547 799 699 841 viridis
719 800 962 841 crescentia
982 800 1054 840 fila
1067 799 1265 853 juventae

260 868 431 909 Collata
449 879 634 920 rapuere
656 879 802 916 manu,
819 870 961 907 tutore
981 871 1181 919 peremto

259 933 460 976 Facturae
483 933 722 988 Phrygiam
742 933 867 974 licito
885 933 1049 987 majore
1069 933 1253 975 ruinam.

1623 934 1707 976 530

910 1082 1054 1115 NOTAE

303 1160 366 1189 529
389 1158 502 1189 Tutore
525 1161 660 1197 peremto
684 1157 831 1188 Facturae
849 1156 955 1198 Phry-

256 1207 345 1245 giam
367 1208 454 1238 licito
476 1206 592 1246 majore
606 1207 744 1247 ruinam]
770 1207 899 1237 Fuerat
921 1216 955 1237 e-

258 1257 341 1297 nim,
363 1261 400 1288 ut
417 1266 494 1288 cnm
518 1257 662 1297 Virgilio
691 1257 823 1297 loquar,
849 1256 957 1287 nodus

259 1310 295 1338 et
311 1316 402 1338 mora
417 1307 517 1338 belli:
542 1307 622 1338 inde
638 1307 738 1337 Caius
767 1306 838 1338 Silo
867 1306 958 1347 apud

259 1357 426 1388 Senecam
465 1366 491 1388 1.
530 1356 748 1388 Controvers.
772 1359 805 1387 2.
850 1360 860 1374 ⁸
887 1356 956 1395 Ite,

259 1406 364 1447 agite,
386 1416 406 1437 o
429 1406 557 1445 Danai,
579 1416 738 1446 magnum
757 1407 883 1437 Paeana
901 1416 956 1437 ca-

257 1462 397 1488 nentes:
421 1456 476 1487 Ite
505 1456 767 1497 triumphanteS‚
781 1456 862 1487 belli
887 1466 957 1487 mo-

258 1518 297 1539 ra
316 1507 468 1539 concidit
485 1506 641 1538 I·Iector.'
685 1507 783 1538 Dixit
801 1516 880 1538 vero
898 1507 958 1538 illa

257 1557 301 1589 ad
325 1557 547 1588 imitationem
571 1556 729 1589 Horatii:
752 1557 762 1574 ‘
779 1562 814 1587 et
839 1557 951 1587 adem-

258 1613 311 1638 tus
322 1607 454 1638 Hector
467 1606 622 1637 Tradidit
636 1606 733 1637 fessis
747 1606 875 1637 leviora
888 1607 952 1637 tol-

258 1658 282 1688 li
310 1657 480 1697 Pergama
505 1655 648 1688 Graiis)
689 1656 810 1687 Manil.
837 1655 953 1687 ‘facili

257 1708 453 1747 victamque
489 1706 550 1737 snb
602 1706 758 1737 Hectore
791 1704 955 1745 Trojam.'

258 1757 315 1789 Ita
330 1756 504 1789 Demades
518 1755 685 1788 Oratione
699 1765 759 1788 sua
775 1765 808 1797 p.
824 1758 895 1789 180.
910 1756 958 1796 τῷ

1005 1157 1234 1195 Ἐπαμινωνδου
1249 1157 1369 1197 σώματι
1383 1158 1534 1200 συνέθαψε
1547 1158 1605 1197 τὴν
1619 1158 1707 1191 δύνα-

1005 1219 1058 1246 μιν
1080 1209 1144 1239 τῶν
1167 1208 1314 1245 Θηβαίων
1337 1209 1354 1239 ὃ
1369 1208 1482 1249 καιρός.
1526 1210 1709 1242 Prudentii

1008 1267 1076 1288 non
1091 1262 1145 1289 est
1166 1257 1321 1290 absimile
1347 1259 1380 1290 in
1405 1258 1516 1300 ἆμαρτ.
1559 1260 1709 1292 ‘Osten-

1010 1311 1129 1348 tatque
1153 1316 1230 1338 suos
1259 1307 1354 1340 licito
1379 1308 1568 1349 jactantius
1590 1309 1709 1350 ignes.’

1012 1356 1171 1397 Hyginus
1191 1356 1321 1393 scribit,
1337 1367 1414 1388 cum
1431 1358 1618 1390 Hectorem
1632 1369 1708 1400 rap-

1009 1410 1114 1444 taret,
1139 1407 1346 1438 exclamasse
1369 1407 1549 1449 Achillem,
1571 1409 1709 1450 Expug-

1009 1456 1088 1487 navi
1104 1456 1255 1495 Trojam.
1300 1456 1339 1487 C.
1363 1457 1536 1497 Fimbriae,
1549 1468 1624 1490 cum
1647 1469 1708 1489 un-

1009 1504 1121 1536 decim
1161 1504 1280 1535 diebus
1317 1511 1549 1546 expugnasset
1597 1507 1708 1543 Ilium,

1005 1557 1096 1599 quod
1112 1556 1227 1590 Graeci
1242 1556 1362 1588 decem
1379 1557 1489 1598 annis,
1506 1557 1608 1599 idque
1628 1559 1707 1599 jac-

1006 1612 1113 1647 taret,
1145 1606 1281 1648 qnidam
1306 1606 1390 1638 scite
1423 1608 1626 1648 respondit:
1669 1608 1704 1638 οὗ

1005 1657 1068 1698 ’γὰρ
1102 1656 1140 1694 ἣν
1158 1655 1282 1696 ’Ἐκτωρ
1297 1657 1484 1697 ὑπερμαχῶν
1497 1659 1554 1696 τῆς
1576 1656 1707 1690 πόλεως.

1011 1706 1134 1739 Strabo
1149 1715 1234 1739 xm.
1249 1708 1326 1739 409.
