1889 3194
486 308 655 340 ULRlCl
691 309 938 340 OBRECHTI
976 310 1117 342 No'rAE
1153 310 1204 342 IN
1242 312 1340 344 mn.
1373 313 1416 344 V.

278 403 351 443 §21
376 402 498 434 Adsum
518 413 555 435 en
581 403 678 444 ultro]
702 404 756 436 Ita
772 403 932 444 rescripsi

235 451 331 485 Med.
348 453 402 485 ed.
425 454 568 495 vestigia
588 459 737 486 secutus.
774 455 933 496 Apparet

234 508 362 541 autem,
387 502 515 534 Nostro
538 503 573 534 in
599 505 704 535 oculis
728 503 831 536 fuisse
858 514 934 536 ora·

233 553 359 584 tionem
374 554 489 584 Cottae
503 554 591 594 apud
603 555 796 585 Sallustium
812 565 819 585 ε
844 556 854 572 ‘
870 556 931 586 At-

233 613 299 644 que
315 613 378 644 ego
393 605 487 644 cujus
504 604 597 635 aetati
610 614 698 635 mors
715 605 853 645 propior
867 609 932 644 est,

232 662 299 684 non
321 654 498 693 deprecor.
537 652 666 684 Adsum
694 664 735 685 en
763 655 803 686 C.
827 655 932 686 Cotta

231 702 374 735 consuL’
406 703 462 734 Sic
479 703 696 735 Mithridates
714 704 805 745 apud
819 705 930 737 Tacit.

231 752 323 785 Anu.
334 761 403 784 xu.
419 756 470 784 18.
486 757 494 770 ¹
513 754 747 794 Mithridates,
760 761 852 787 terra
864 765 930 787 ma-

229 803 327 844 rique
348 803 509 834 Romanis
535 813 596 843 per
619 808 671 836 tot
687 814 791 836 annos
807 806 929 847 quaesi-

230 856 298 891 tus,
314 858 437 892 sponte
452 852 592 884 adsum.’

273 903 349 943 §24
376 902 419 933 Ut
435 903 643 944 deluturetur]
666 903 764 935 Med.
790 903 845 936 ed.
868 904 927 936 de·

229 951 330 983 betur
344 952 418 984 haec
435 953 640 985 emendatio.
656 954 747 991 vulg.
761 955 928 986 delectare-

226 1004 291 1033 tur.
336 1002 571 1034 Praecesserat
588 1003 630 1034 de
648 1003 799 1043 Priamo,
823 1006 833 1022 ‘
850 1015 927 1045 pro-

228 1052 319 1084 tinus
340 1053 372 1084 iu
394 1063 431 1084 os
456 1053 535 1089 ruit,
551 1054 726 1094 pulverem
741 1060 843 1097 atque
861 1056 927 1088 alia

226 1101 316 1133 liumi
344 1109 568 1143 purgamenta
589 1105 694 1145 capiti
718 1106 927 1147 aspergens)

226 1151 312 1184 Mox
337 1162 416 1184 vero
437 1154 602 1194 sequitur,
625 1155 634 1171 ‘
651 1155 764 1195 Igitur
789 1156 845 1187 ubi
868 1166 926 1188 ex-

226 1211 345 1234 cussus
367 1204 470 1235 comis
497 1205 607 1245 pulvis
630 1209 790 1247 totusque
814 1207 926 1239 lautus

223 1252 302 1286 est!

269 1305 344 1345 §26
368 1304 409 1335 In
436 1305 527 1336 Idam
553 1306 737 1348 tradidisse]
759 1308 924 1350 Sequitur

225 1354 259 1385 in
285 1355 376 1395 vulg.
408 1355 467 1386 ‘in
499 1356 533 1387 id
563 1356 723 1389 dextram
754 1359 922 1390 dedissez’

224 1404 314 1444 quod
345 1405 444 1436 abest
472 1405 515 1437 ab
546 1406 627 1446 Arg.
656 1407 739 1438 Cod.
765 1413 802 1440 et
828 1408 922 1441 Med.

223 1460 329 1497 atque
358 1465 402 1487 ex
433 1457 555 1488 vitiosa
584 1458 764 1489 verborum
793 1469 921 1500 praece-

223 1505 376 1537 dentium
407 1507 576 1548 scriptura
606 1508 782 1549 irrepsisse
809 1509 919 1550 palam

224 1561 286 1588 est.

481 1643 573 1674 LIB.
601 1643 663 1675 lv.

264 1709 282 1748 ᾧ
294 1711 313 1740 2
329 1708 378 1740 Ac
387 1712 541 1740 restantes
551 1710 714 1741 detrudere
724 1709 919 1752 umbonibus]

220 1757 305 1798 Arg.
329 1759 581 1790 ‘1·esistentes.'
624 1760 804 1791 Sallustius
828 1761 918 1791 Hist.

220 1815 245 1838 Ι.
263 1811 272 1824 ‘
282 1807 425 1839 validam
439 1808 557 1839 urbem
571 1809 693 1840 multos
705 1808 778 1840 dies
788 1814 918 1841 restan-

218 1861 288 1888 tem
301 1857 483 1898 pugnando
495 1857 599 1889 vicit.'
615 1859 742 1890 Liv.v1.
752 1861 805 1891 30.
818 1859 917 1890 ‘dum

217 1907 334 1947 iniquo
356 1909 430 1939 loco
453 1909 526 1940 sola
549 1909 677 1941 virtute
697 1909 839 1941 militum
864 1919 917 1941 re·-

217 1962 350 1989 stantes
363 1958 543 1990 caednntur
558 1958 791 2000 caeduntquel
805 1962 916 1992 V1.32.

217 2010 227 2023 ⁸
245 2006 454 2048 Aliquandiu
481 2018 579 2050 aequa
605 2009 732 2040 virtute
762 2009 915 2042 fortuna-

215 2065 283 2097 que
301 2057 430 2089 Latinae
447 2058 599 2098 legiones
615 2058 816 2091 restabant!

259 2106 277 2146 ξ
300 2109 320 2137 8
343 2106 479 2138 Summae
507 2117 613 2138 rerum
638 2109 827 2150 desperatio]
861 2110 915 2141 Ex

215 2155 290 2187 Liv.
318 2165 427 2188 xxlv.
448 2160 480 2188 9.
503 2157 513 2173 ‘
530 2159 678 2198 Tempus
704 2168 744 2189 ac
767 2159 914 2190 necessi-

215 2209 268 2236 tas
287 2205 378 2245 belli,
393 2215 432 2238 ac
449 2207 631 2238 discrimen
648 2217 787 2240 summae
801 2218 915 2240 rerum

213 2254 410 2288 faciebant!
466 2256 508 2287 In
532 2257 628 2289 Med.
650 2262 715 2292 est,
738 2258 748 2275 ‘
773 2267 914 2291 summae

217 2304 292 2336 rei!

256 2355 275 2395 ς
290 2357 311 2385 9
336 2354 405 2389 Quo
427 2355 492 2386 viso
511 2355 647 2396 Ulysses,
661 2365 722 2387 non
737 2359 850 2387 temere
865 2360 913 2388 est

214 2403 334 2444 inquit]
356 2404 413 2435 Ita
429 2404 523 2436 Med.
539 2414 606 2435 non
627 2408 637 2423 ⁴
648 2415 732 2446 quos
748 2405 859 2445 visos,'
874 2410 912 2437 ut

212 2459 265 2485 est
291 2454 322 2484 in
351 2455 437 2486 aliis.
480 2455 576 2495 Virg.
602 2454 678 2486 AEn.
701 2464 755 2487 lx.
778 2457 788 2473 ‘
806 2456 911 2487 Haud

211 2509 343 2537 temere
367 2511 421 2537 est
443 2505 564 2546 visum,
586 2506 775 2537 conclamat
794 2506 836 2537 ab
852 2515 910 2547 ag·

210 2554 301 2586 mine
316 2555 506 2586 Volscens.'

252 2606 270 2646 ᾧ
288 2608 328 2637 14
348 2605 524 2637 Addiderat
538 2606 633 2637 elium
647 2606 743 2637 vitem
757 2607 909 2647 quandam

208 2665 284 2687 auro
303 2654 462 2696 effectam]
486 2655 593 2687 Refer
609 2657 673 2688 huc
689 2666 765 2697 quae
781 2656 824 2687 de
841 2656 909 2688 vite

209 2714 325 2745 aurea,
357 2716 457 2747 quam
495 2707 663 2747 Pompeio
686 2706 908 2738 Aristobulus

207 2754 299 2786 dono
328 2756 430 2791 misit,
462 2761 712 2787 commentatur
738 2756 907 2788 Seldenus

207 2804 251 2836 de
275 2805 351 2837 Jur.
375 2806 459 2837 Nat.
481 2810 515 2837 et
535 2806 642 2839 Gent.
668 2815 708 2839 n.
730 2809 762 2838 8.
785 2806 843 2837 ubi
859 2807 905 2837 A·

206 2853 348 2895 tlienaei‚
364 2854 548 2896 Herodoti,
565 2856 671 2888 Plinii
690 2856 906 2894 testimoniis,

1597 304 1683 346 615

984 404 1166 436 Persarum
1182 405 1287 436 etiam
1308 406 1510 447 caeterisque
1528 405 1683 439 Orientis

983 453 1133 494 Regibus
1159 454 1324 495 ejusmodi
1353 455 1487 487 cimelia
1514 454 1616 487 fuisse
1645 457 1682 488 in

983 512 1044 535 usu
1059 504 1171 536 docet.

1024 555 1185 587 Moesiacis
1206 556 1294 586 modo
1312 556 1488 596 Ceteiisque
1508 555 1682 588 instructus

980 605 1168 646 legionibus]
1180 606 1279 645 Vulg.
1292 606 1302 622 ‘
1315 607 1528 647 ceterisque:
1544 611 1581 637 at
1598 606 1682 647 Arg.

983 654 1184 697 ‘Citisque‚¹
1195 655 1286 687 unde
1302 660 1339 687 et
1353 655 1532 687 dubitandi
1549 655 1592 687 de
1609 656 1678 687 vnl-

984 708 1077 744 gata,
1105 709 1140 735 et
1167 705 1209 736 ad
1239 714 1354 737 veram
1383 705 1568 737 lectionem
1598 715 1677 746 per-

981 755 1139 786 veniendi
1175 755 1310 787 occasio
1354 755 1451 787 nobis
1495 760 1578 787 nata
1613 761 1683 790 est.

981 803 1084 836 Hom.
1100 805 1168 837 Od.
1181 809 1216 837 A.
1231 808 1306 837 519.
1321 804 1364 837 de
1375 806 1570 847 Eurypylo:
1594 810 1680 836 Πολ·

979 853 1031 885 λαὶ
1055 854 1081 885 δ’
1101 855 1177 895 ἀμφ’
1202 854 1298 887 αὐτὸν
1317 855 1433 895 ἑταῖροι
1455 855 1580 893 Κήτειοι
1595 855 1679 887 κτεί-

978 915 1081 935 vomo.

1023 956 1041 996 ᾧ
1059 958 1099 987 19
1123 957 1260 996 Egresso
1278 957 1426 998 utrinque
1446 957 1546 989 milite
1561 959 1601 990 ad
1616 958 1677 989 bel-

978 1005 1120 1047 landum]
1145 1007 1223 1047 Ope
1238 1007 1334 1039 Med.
1354 1007 1565 1039 restituimus
1587 1008 1677 1039 hunc

977 1056 1102 1093 locum,
1117 1066 1192 1088 cum
1209 1058 1310 1098 vulgo
1325 1057 1499 1093 ederetur,
1514 1057 1525 1074 ‘
1539 1067 1678 1098 egresso

978 1105 1140 1147 utrinque
1153 1107 1273 1147 milite,
1285 1107 1328 1138 ab
1340 1107 1535 1139 Alexandro
1550 1108 1679 1140 cadunt

978 1155 1020 1187 ad
1037 1156 1116 1187 solis
1132 1161 1262 1197 partem
1280 1156 1485 1188 maximam?

1019 1207 1038 1246 ξ
1054 1208 1095 1237 22
1121 1207 1257 1238 Cunctos
1280 1206 1444 1247 sanguinis
1475 1206 1525 1237 sui
1550 1206 1677 1245 injuriis

974 1256 1124 1288 insectari
1136 1257 1277 1297 solitum]
1292 1257 1347 1288 Ita
1359 1256 1455 1288 Med.
1470 1266 1532 1297 pro
1546 1266 1614 1298 quo
1631 1257 1677 1288 al.

975 1306 986 1323 ⁶
1002 1310 1145 1337 cunctos
1165 1306 1329 1347 sanguine
1352 1311 1388 1337 et
1409 1306 1540 1347 injuriis
1564 1306 1676 1338 insec-

974 1356 1041 1387 tari
1065 1355 1230 1388 solitum!
1275 1357 1408 1388 Noster
1428 1356 1527 1396 paulo
1543 1360 1622 1396 post
1638 1356 1675 1387 in

972 1406 1036 1437 hac
1052 1406 1171 1437 eadem
1188 1406 1354 1447 oratione,
1373 1408 1383 1424 ‘
1399 1407 1560 1438 Ceterum
1577 1406 1675 1438 Pria-

973 1464 1076 1495 mum,
1103 1460 1228 1487 cuncta
1245 1456 1327 1497 jura
1347 1454 1520 1487 affinitatis
1539 1456 1673 1496 procul-

973 1510 1121 1545 cantem,
1149 1505 1254 1546 magis
1290 1506 1324 1537 in
1362 1515 1440 1537 suos
1474 1505 1672 1547 superbiam

972 1560 1076 1597 atque
1093 1555 1208 1587 odium
1225 1554 1446 1587 exercuisse!

1017 1607 1155 1638 Parcum
1171 1607 1204 1637 in
1218 1616 1273 1637 suo
1287 1610 1379 1647 atque
1393 1608 1585 1647 appetentem
1599 1606 1674 1638 alie·

971 1655 1021 1696 ni]
1047 1656 1134 1688 Haec
1157 1665 1288 1698 quoque
1310 1656 1406 1687 Med.
1430 1655 1485 1687 ed.
1501 1656 1673 1687 correctio

971 1705 1131 1737 debetur.
1180 1705 1279 1746 Vulg.
1303 1704 1314 1722 ‘
1330 1714 1473 1746 pravum
1499 1705 1671 1737 insuetum

971 1760 1075 1795 atque
1091 1760 1312 1797 appetentem
1328 1755 1431 1787 alieni
1444 1755 1465 1785 :'
1477 1755 1614 1796 παρῳδία
1628 1756 1671 1787 ad

968 1807 1210 1838 Sallustianum
1233 1806 1317 1838 illud
1338 1807 1371 1838 iu
1391 1807 1468 1838 Cat.
1484 1816 1519 1838 v.
1542 1807 1552 1823 ⁴
1570 1806 1673 1838 alieni

967 1861 1148 1898 appetens,
1164 1856 1214 1887 sui
1230 1855 1412 1897 profusus.'
1456 1855 1672 1887 Parsimonia

969 1907 1001 1938 in
1039 1916 1099 1938 suo
1136 1916 1213 1937 mox
1262 1907 1386 1938 iterum
1436 1906 1669 1948 exprobratur

968 1957 1106 1989 Priamo
1122 1965 1157 1987 v.
1172 1958 1204 1987 2.
1226 1956 1236 1973 ‘
1252 1956 1349 1987 Solus
1369 1965 1448 1986 suas
1472 1964 1555 1996 opes
1577 1955 1670 1986 intus

967 2006 1139 2039 custodiat
1155 2006 1332 2044 Priamus3
1352 2006 1443 2037 solus
1455 2005 1592 2037 divitias
1608 2014 1667 2046 po-

966 2057 1073 2088 tiores
1088 2055 1218 2087 civibus
1236 2053 1375 2087 teneat.’

1236 2139 1327 2171 LIB.
1350 2138 1395 2170 V.

1009 2206 1062 2246 §3
1089 2204 1259 2236 Tendentes
1282 2204 1323 2234 ad
1348 2204 1456 2234 coelum
1478 2213 1586 2236 munus
1607 2215 1664 2236 an-

964 2264 1056 2286 nuere
1064 2264 1076 2291 ‚·
1092 2257 1138 2285 tot
1153 2252 1291 2284 adversis
1306 2252 1412 2292 rebus]
1436 2252 1513 2284 Hoc
1529 2263 1664 2295 quoqne

965 2305 1040 2336 loco
1066 2304 1135 2335 dux
1161 2303 1203 2334 ad
1228 2311 1342 2334 veram
1363 2302 1546 2334 lectionem
1566 2304 1664 2337 Med.

964 2354 1018 2387 ed.
1045 2364 1121 2385 cum
1143 2354 1176 2385 in
1203 2353 1337 2384 caeteris
1360 2353 1418 2389 sit,
1440 2353 1450 2370 ‘
1466 2353 1662 2386 'rendentes

964 2405 1006 2437 ad
1030 2404 1153 2436 coelum
1169 2412 1285 2434 manus
1306 2403 1456 2434 abnuere
1473 2408 1525 2435 tot
1540 2405 1662 2436 adver-

962 2456 1009 2487 sis
1034 2454 1137 2486 rebus
1161 2452 1363 2485 Priamum:
1406 2453 1518 2495 Supra
1543 2464 1584 2487 n.
1609 2458 1662 2488 20.

961 2507 971 2524 ⁴
986 2506 1037 2537 Ea
1047 2504 1207 2536 Seniores
1224 2503 1466 2535 lamentatione
1483 2504 1661 2538 immodica

961 2565 1039 2587 cum
1062 2553 1220 2595 lacrymis
1243 2554 1466 2594 accipientes,
1485 2554 1527 2585 ad
1547 2556 1661 2587 omnia

961 2614 1036 2647 quae
1052 2603 1096 2635 ab
1112 2613 1154 2635 eo
1170 2603 1385 2642 dicebantur,
1399 2608 1557 2645 tanquam
1573 2605 1660 2646 inju-

961 2656 1020 2686 riae
1037 2655 1111 2695 ejus
1126 2652 1328 2694 participes,
1345 2652 1519 2685 annuere.'

1005 2705 1079 2736 Non
1094 2703 1265 2741 solumjom
1279 2711 1323 2741 se,
1337 2702 1396 2742 ait,
1409 2702 1558 2744 hostibus,
1572 2703 1660 2745 odio]

959 2756 1060 2796 Vulg.
1093 2759 1102 2772 ‘
1117 2753 1195 2786 odio
1226 2750 1315 2783 diis.'
1371 2752 1453 2793 Leg.
1485 2762 1528 2783 ex
1558 2754 1657 2786 Med.

958 2803 1138 2836 ‘hostibus
1167 2800 1343 2841 odiosum,'
1380 2802 1536 2834 Caecilius
1565 2804 1656 2845 apud

960 2855 1131 2889 Nonium:
1156 2858 1166 2873 ¹
1184 2853 1225 2886 ln
1240 2856 1417 2885 senectute
1438 2853 1503 2886 hoc
1527 2852 1657 2896 deputo
