1889 3194
559 321 622 350 DE
657 319 813 350 Brinno
845 318 1070 350 TROJANO
1105 320 1200 350 ms.
1235 322 1302 350 vi.
1557 313 1640 354 527

198 412 335 455 Haud
355 413 494 454 minor
513 414 738 467 insurgens
757 415 886 456 heros
904 414 1018 456 Jove
1036 418 1158 469 patre
1179 416 1399 468 superbus

194 481 225 522 J
229 493 414 521 unonem
435 479 688 533 Argolicam
706 494 1026 536 congressaque
1047 482 1170 535 signa
1190 482 1387 523 Deorum

197 547 374 600 Spernit
394 551 524 589 atrox
541 561 551 589 z
574 561 848 602 quacumque
870 561 1006 601 vagos
1024 553 1224 602 raptatur
1243 548 1287 590 in
1303 549 1471 602 hostes,

197 614 344 655 Millia
362 614 502 655 multa
529 628 657 656 manu
677 616 919 669 proturbat,
939 615 1078 657 millia
1099 616 1239 658 multa

195 680 296 722 Axe
317 681 583 734 superjecto,
600 681 764 723 fulmen
782 682 938 724 saevire
958 686 1188 736 paternum

196 747 377 798 Credas,
397 751 440 789 et
458 748 645 789 tonitrus
664 761 788 790 curru
811 749 1015 791 stridente
1035 750 1236 790 minores.

253 814 433 855 Occidit
452 815 606 856 infelix
627 815 816 866 Gobius,
836 829 915 857 nec
935 816 1077 858 laetior
1096 816 1175 857 illo

194 881 511 935 Triptolemus,
527 887 769 936 suetusque
790 882 906 924 seras
920 884 1138 924 incessere
1157 883 1257 924 telis

196 948 439 990 Moenalius
459 948 660 998 Cormas,
681 953 863 1002 quartus
884 955 951 991 tot
971 950 1126 991 funera
1148 951 1309 991 Perses

196 1014 330 1057 Ultus
350 1015 470 1057 obit:
500 1016 638 1057 laevos
657 1017 796 1057 misso
818 1017 1089 1071 Sarpedonis
1112 1030 1257 1058 armos

194 1082 444 1124 Transierat
455 1083 607 1137 jaculo
626 1096 636 1125 :
669 1083 746 1124 sed
765 1084 841 1124 vix
861 1087 1007 1125 tamen
1028 1085 1101 1125 ille
1123 1087 1305 1125 coactus

193 1149 394 1190 Tandem
414 1150 540 1190 vertit
558 1151 656 1200 iter,
676 1151 885 1204 vultuque
906 1151 952 1191 in
972 1154 1094 1203 terga
1115 1151 1299 1204 rejecto,

194 1215 267 1256 Ad
288 1220 468 1258 cunctos
488 1216 628 1258 haeret
647 1229 836 1269 gressuS,
857 1230 1110 1270 semperque
1130 1217 1271 1258 redire

194 1280 347 1333 Ardet,
367 1296 456 1324 non
475 1296 611 1337 posse
626 1283 871 1336 indignans,
891 1283 1131 1337 pulsatque
1152 1287 1365 1326 vetantes.

195 1347 256 1390 At
268 1349 362 1402 jam
383 1350 546 1401 caligat
565 1350 704 1399 acies,
727 1362 967 1403 sparsoque
989 1363 1141 1392 cruore

195 1415 423 1456 Deficiunt
445 1417 644 1469 quamvis
665 1417 837 1457 victuro
858 1417 1036 1458 vulnere
1057 1418 1188 1458 vires.

253 1482 424 1523 Interea
440 1482 616 1523 Moesas
637 1487 844 1536 properat
863 1483 1032 1524 laturus
1053 1484 1213 1525 aristas

195 1548 503 1602 Demophoon,
524 1548 758 1598 Garamam,
779 1553 823 1589 et
842 1552 898 1597 te,
919 1548 1132 1600 Thesida‚
1151 1550 1372 1591 volentem

192 1615 345 1656 Tertia
365 1628 469 1656 cura
486 1620 634 1656 vocat.
694 1614 876 1655 Danaas
895 1615 1178 1657 hebetaverat
1197 1617 1285 1657 iras

194 1682 425 1736 Belligerae
446 1682 605 1723 messis
622 1681 802 1735 vinique
824 1682 1007 1723 audacis
1030 1687 1223 1736 egestas,

194 1749 253 1789 Et
272 1750 387 1790 vires
408 1749 593 1803 depasta
612 1749 772 1790 fames:
804 1762 898 1803 pax
918 1762 1040 1791 arma
1061 1754 1259 1804 soporat,

195 1815 335 1870 Inque
353 1828 513 1858 annum
529 1816 678 1870 jurata
697 1815 834 1857 fides:
866 1817 1042 1870 utrique
1064 1817 1233 1859 cohorti
1587 1816 1639 1857 10

1586 487 1642 527 50

1582 819 1638 859 ἓξ

1582 1152 1639 1193 60

793 1911 1031 1926 eeeeeeeeeeee

238 1981 279 2010 fio
304 1978 434 2020 Reflexo
450 1977 609 2009 Dresem.
638 1977 726 2009 Vide
743 1981 815 2010 not.

842 2063 875 2095 N
881 2063 983 2095 OTAE

941 2128 951 2144 ⁴
966 2127 1098 2158 cervice
1114 2125 1264 2158 reflexa.'
1286 2124 1407 2164 Vir-gil.
1418 2123 1493 2155 AEn.
1510 2133 1546 2155 x.
1560 2129 1569 2142 ’
1583 2134 1639 2164 ga-

943 2177 1029 2207 leam
1050 2177 1136 2208 laeva
1152 2180 1261 2214 tenet,
1274 2180 1378 2216 atque
1404 2173 1532 2206 reflexa
1557 2175 1640 2205 Cer-

238 2129 279 2157 52
297 2125 404 2156 Miltia
418 2125 531 2165 multa]
556 2124 644 2156 Vide
660 2134 694 2156 v.
709 2127 782 2156 381.

238 2179 279 2207 55
297 2176 364 2207 Nec
380 2175 481 2206 laetior
495 2176 549 2205 illo
573 2174 789 2215 Triptolemus]
817 2174 887 2205 Da-

195 2235 248 2257 res
268 2225 499 2266 Tlepolemum
521 2229 622 2256 vocat
648 2224 831 2263 Rhodium,
853 2229 889 2255 et

196 2275 368 2307 Diodorus
396 2274 529 2305 Siculus
558 2282 608 2304 lv.
634 2276 708 2304 241.
731 2273 787 2314 qui
817 2275 890 2304 vult

196 2325 355 2357 Herculis
394 2324 499 2355 filium
534 2322 649 2359 fuisse,
680 2322 722 2353 ad
752 2323 890 2363 Trojam

194 2374 400 2416 profectum,
415 2373 564 2415 inibique
581 2373 740 2410 occisum,
754 2382 787 2413 p.
800 2376 875 2406 330.

238 2427 279 2455 60
307 2424 460 2464 Vultuque
477 2424 512 2453 in
535 2427 624 2462 terga
650 2421 780 2463 rejecto]
811 2423 889 2454 Non

195 2473 297 2505 credo
312 2472 397 2504 adeo
419 2477 579 2513 proterve
596 2471 760 2512 temporis
778 2472 889 2512 legem

193 2524 353 2563 migrasse
370 2523 547 2561 Nostrum,
560 2521 711 2563 quamvis
727 2521 890 2561 Papinius

194 2574 333 2613 dixerit,
349 2573 359 2589 ‘
371 2573 624 2613 proclamatque
642 2570 730 2602 adici
749 2571 890 2603 cervici-

193 2624 257 2655 bus
267 2623 389 2662 Atlas‚'
402 2624 411 2639 ‘
422 2622 599 2663 rejicitque
613 2630 716 2652 canes
727 2621 760 2652 in
771 2621 889 2653 vulnus

192 2674 349 2706 hiantes.’
364 2674 454 2714 Lego
468 2673 571 2713 igitur
585 2673 593 2690 ‘
606 2672 639 2703 in
652 2677 748 2713 terga
758 2673 890 2713 relato‚’

194 2726 248 2757 vel
264 2727 274 2744 ⁴
287 2724 438 2765 reflexo‚’
451 2724 538 2765 quod
553 2728 588 2754 et
604 2723 732 2754 Nostro
748 2732 888 2763 usurpa-

195 2779 322 2814 tum,et
336 2775 419 2806 aliis.
447 2775 557 2815 Supra
570 2777 622 2805 13.
634 2773 785 2805 ‘Avertit
801 2774 888 2805 collo

194 2826 365 2858 venientia
397 2830 494 2866 terga
524 2824 674 2857 reflexo.'
712 2823 832 2856 Manil.
864 2833 889 2855 1.

944 2227 1016 2257 vice
1032 2227 1159 2258 orantis
1175 2226 1296 2266 capulo
1314 2230 1413 2256 tenus
1434 2223 1566 2256 abdidit
1581 2233 1638 2255 en·

944 2279 1039 2308 sem.’

985 2328 1028 2356 66
1051 2325 1263 2365 Demophoon,
1277 2325 1443 2360 Garamas,
1458 2327 1487 2355 et
1500 2327 1542 2361 te,
1558 2323 1637 2355 The-

941 2374 1182 2412 sida‚volentem
1200 2374 1307 2406 Tertia
1321 2383 1396 2405 cura
1411 2373 1516 2413 vocat]
1528 2374 1638 2404 Dares

944 2424 985 2454 ad
1010 2422 1232 2462 σιτοπομπείαν
1253 2422 1426 2464 profectos
1450 2423 1522 2452 vult
1548 2421 1637 2462 Aga-

942 2483 1165 2512 memnonem,
1190 2473 1462 2513 Demophoonta,
1487 2476 1523 2502 et
1549 2471 1638 2502 Aca-

943 2528 1103 2555 mantem.
1146 2522 1400 2564 Tryphiodorus
1424 2521 1526 2552 etiam
1551 2520 1640 2553 Aca-

941 2580 1089 2605 mantem
1105 2572 1273 2604 Thesiden
1289 2572 1452 2603 nominat.

983 2626 1024 2655 67
1049 2624 1180 2654 Danaas
1194 2622 1386 2654 hebetaverat
1401 2619 1480 2660 iras]
1507 2620 1638 2652 Plinius

941 2674 1174 2714 Panegyrico:
1206 2677 1215 2691 ‘
1229 2671 1359 2713 gladios
1382 2671 1511 2702 incuria
1533 2671 1638 2702 hebe-

942 2724 1007 2755 tari
1035 2723 1239 2764 retundique
1264 2720 1483 2763 gaudebant!
1538 2721 1638 2751 Clau-

943 2773 1063 2804 dianus
1088 2782 1128 2804 n.
1153 2772 1185 2802 in
1207 2773 1351 2813 Eutrop.
1374 2771 1489 2812 ‘ipsos
1506 2769 1638 2812 ignavia

943 2821 1039 2855 fluxit
1057 2823 1090 2854 in
1107 2822 1227 2854 euses.'
