1889 3194
250 284 334 326 396

764 293 965 323 JoSEPssl
1001 292 1164 323 ISGANI

252 385 486 439 Puppibus
502 390 742 438 exponunt,
765 389 1049 438 penetratque
1071 386 1125 426 ad
1150 385 1292 427 sidera
1314 387 1511 440 plausuS.

305 453 394 493 His
416 453 565 493 aberat
585 452 802 501 Priamus,
822 452 954 492 aliam
975 456 1171 492 servatus
1190 452 1233 491 in
1253 452 1364 494 iram

251 519 458 560 Fatorum
478 531 700 571 casusque
723 518 860 559 alios:
892 517 963 558 cui
986 517 1132 557 Marte
1153 519 1348 560 secundo

1602 521 1687 562 450

248 584 372 626 Eoos
392 586 607 639 populata
627 585 825 638 Phryges
846 584 1032 624 victoria
1051 584 1156 625 laeta

249 651 456 702 Faverat‚
477 657 522 692 et
541 651 692 692 reduci
713 651 900 692 comites
922 651 1125 703 plausere
1146 651 1364 705 triumphi.

248 718 372 759 Dura
391 718 616 758 hominum
635 717 860 767 Lachesis,
884 729 981 757 sors
1002 716 1185 771 perfida,
1206 717 1365 759 luditur
1386 731 1548 773 anceps

247 784 484 837 Imperium
502 797 512 825 :
536 784 739 825 Priamus
761 783 928 824 natales
948 784 1130 837 ampliat
1150 797 1301 837 agros;

246 850 383 903 Troja
403 851 514 891 ruit:
546 854 804 903 sceptroque
824 862 963 890 novus
985 849 1084 890 dum
1103 851 1312 904 quaeritur
1331 851 1465 901 orbis,

1600 852 1685 892 4430

246 916 421 969 Sceptri
442 921 570 956 nutat
589 916 727 956 honos
745 928 754 953 ε
784 915 955 958 faustos
976 917 1023 957 in
1043 930 1179 970 regna
1198 922 1366 958 meatus

246 982 358 1023 Fata
380 982 543 1022 dabunt
563 981 737 1023 reduci:
769 982 848 1023 sed
869 982 980 1033 dira,
1007 984 1084 1024 sed
1104 996 1264 1036 aspera
1285 984 1413 1025 donis

244 1048 411 1089 Invidit
431 1048 604 1089 fortuna
624 1048 731 1098 suis,
751 1062 852 1102 quae
875 1063 976 1091 cum
997 1051 1131 1092 ardua
1150 1050 1296 1101 donet,

243 1114 455 1156 Gustatos
477 1115 674 1166 graviore
692 1115 821 1156 favos
838 1117 1064 1159 ulciscitur
1084 1118 1165 1158 ira.

242 1179 431 1234 Jamque
451 1181 576 1221 urbis
595 1181 767 1234 trepido
789 1188 1082 1236 conspectum
1102 1188 1282 1237 pectore
1303 1183 1458 1224 ductor

1599 1180 1685 1221 465

244 1245 482 1295 Hauserat,
504 1247 694 1287 occurrit
713 1247 870 1296 luctus,
891 1249 1119 1303 visumque
1139 1250 1306 1291 salutat

242 1311 280 1351 E
301 1313 434 1352 muris
454 1325 658 1353 manuum
679 1314 861 1366 plausus
882 1315 1192 1370 lacrymabilis,
1214 1317 1362 1358 horror

240 1377 516 1431 Aggreditur,
537 1380 765 1433 turbatque
786 1381 955 1431 ducem,
975 1386 1194 1436 totamque
1212 1386 1401 1437 pererrat

243 1444 402 1485 Infelix
423 1445 630 1497 planctus
652 1447 791 1486 aciem
810 1460 819 1488 ε
854 1452 971 1489 stant
990 1449 1184 1503 undique
1206 1451 1341 1498 cives,

242 1510 541 1564 Solanturque
561 1524 686 1551 suam
709 1512 887 1554 Priamo
910 1514 1106 1567 spirante
1128 1516 1308 1556 ruinam.

1597 1513 1682 1553 470

242 1576 325 1618 Ille
347 1583 506 1627 autem,
529 1577 626 1618 licet
646 1578 815 1619 interno
836 1580 1060 1633 complura
1081 1580 1226 1621 doloro

836 1707 871 1719 θ’
875 1707 1010 1719 oco-een
1015 1708 1073 1719 000

282 1774 343 1803 471
368 1771 530 1811 Compluta
544 1771 697 1802 Dresern.
738 1771 823 1802 Vide
838 1776 910 1804 not.

887 1869 917 1900 N
925 1869 1030 1901 OTAE

281 1933 344 1961 452
357 1930 548 1969 Laurumque
558 1930 681 1969 insIgne
691 1930 840 1971 triumphi
848 1932 934 1973 Pup-

236 1982 325 2021 pibus
334 1979 503 2019 exponunt]
519 1979 608 2010 Vide
617 1980 774 2011 Carolum
787 1981 934 2012 Pascha-

239 2032 318 2061 lium
342 2030 384 2060 de
402 2029 542 2060 Coronis
560 2038 621 2061 vn.
635 2032 668 2060 7.

291 2085 353 2114 454
388 2082 453 2113 His
481 2081 587 2113 aberat
616 2081 780 2122 Priamus]
820 2083 934 2123 Negat

240 2132 464 2172 Apollodorus
487 2141 527 2162 ιι.
554 2136 590 2163 et
611 2131 769 2172 Hyginus
795 2131 864 2165 fab.
881 2136 932 2165 89.

238 2182 436 2223 adduntque
468 2181 646 2212 Podarcen
679 2186 755 2213 ante
789 2182 930 2216 dictum.

238 2233 334 2263 Idem
362 2232 421 2269 ait,
448 2231 632 2262 Hesionem
649 2230 827 2271 καλύπτραν
842 2232 930 2264 Her-

237 2281 303 2312 culi
331 2290 390 2321 pro
407 2279 514 2311 fratre
530 2279 645 2319 λύτρον
661 2280 793 2311 dedisse
808 2291 816 2312 ε
841 2281 932 2313 unde

237 2331 392 2361 Priamus
418 2329 478 2360 ἀπὸ
501 2330 559 2360 τοῦ
582 2329 737 2369 πρίασθαι.
783 2330 872 2362 Vide
895 2335 932 2363 et

238 2380 496 2420 Lycoplrronem
513 2379 547 2409 in
560 2379 760 2410 Cassandra.

277 2432 341 2460 459
366 2430 497 2460 Natales
509 2429 638 2468 ampliat
648 2428 755 2469 agros]
778 2428 929 2461 Verbum

238 2479 400 2518 probum:
415 2480 555 2509 Festus:
571 2479 732 2510 ‘Maenius
745 2479 871 2519 primus
880 2480 929 2510 ul-

237 2533 290 2558 tra
305 2529 473 2558 columnas
489 2527 645 2558 extendit
670 2528 774 2568 tigna,
797 2533 836 2559 ut
859 2538 927 2560 am-

236 2577 422 2614 pliarentur
437 2576 632 2617 superiora.’
661 2577 783 2608 Horat.
799 2586 840 2608 11.
855 2578 926 2610 Sat.

236 2628 267 2655 4.
283 2625 292 2641 ‘
306 2625 441 2664 ampliet
458 2631 494 2656 ut
508 2625 600 2656 rem-³
638 2626 792 2657 Lucanus
808 2626 850 2657 de
865 2628 927 2658 Ta-

237 2674 311 2703 nai:
335 2674 459 2704 ‘Nunc
489 2675 589 2713 hunc,
614 2684 702 2705 nunc
729 2675 836 2714 illum,
863 2686 928 2717 qua

237 2721 398 2760 flectitur,
428 2723 566 2762 auipliat
590 2723 729 2754 orbem)
773 2724 867 2755 Suet.
893 2725 926 2755 in

234 2770 326 2809 Aug.
365 2771 551 2811 ‘ampliato
582 2771 747 2811 Apollinis
779 2774 927 2812 templo.'

239 2819 387 2850 Martini.
402 2829 479 2851 vlu.
498 2823 550 2851 66.
573 2824 580 2838 ⁴
597 2822 747 2853 Quorum
766 2822 926 2861 pacificus

988 1938 1040 1964 ter
1057 1932 1346 1973 ampliavitJanus
1359 1931 1515 1962 nomina.’
1551 1930 1679 1962 Auctor

987 1982 1143 2014 Glossar.
1163 1983 1173 1999 ‘
1189 1981 1367 2022 Ampliari,
1380 1980 1594 2020 δειναυξῆσαι.’

1039 2035 1102 2064 462
1134 2032 1256 2073 Aspera
1283 2032 1371 2063 donis
1401 2031 1521 2062 Incidit
1547 2030 1681 2068 fortuna

985 2081 1062 2120 suis,
1086 2090 1154 2121 quoe
1179 2091 1247 2112 cum
1272 2082 1370 2111 ardua
1396 2082 1501 2115 donet,
1529 2081 1679 2111 Gustatos

983 2131 1127 2170 graviore
1141 2131 1235 2170 favos
1258 2131 1419 2162 ulciscitur
1442 2129 1506 2169 ira]
1531 2130 1585 2160 De
1605 2138 1680 2159 sen-

985 2180 1096 2212 tentia
1121 2181 1180 2212 illa
1205 2181 1283 2211 vide
1312 2181 1408 2221 plura
1433 2179 1494 2210 sub
1518 2178 1618 2210 finem
1645 2188 1681 2211 v.

983 2230 1101 2270 Eurip.
1117 2230 1149 2261 in
1166 2229 1299 2262 Hecub.
1323 2227 1470 2268 ’γεύεσθαι
1488 2229 1602 2266 κακῶν,
1624 2237 1680 2259 eo-

984 2280 1060 2310 dem
1076 2280 1174 2311 modo
1188 2280 1220 2311 in
1237 2289 1274 2311 re
1289 2279 1408 2311 eadem
1424 2279 1568 2310 locutus.
1589 2278 1679 2309 Vide

985 2330 1095 2370 Epist.
1110 2331 1186 2361 Sen.
1203 2333 1235 2362 8.
1259 2330 1315 2371 qui
1338 2329 1418 2360 alibi
1435 2333 1528 2360 recte
1544 2339 1551 2357 z
1572 2328 1581 2346 ‘
1597 2328 1677 2359 Non

984 2384 1038 2410 est
1063 2383 1168 2419 tuum,
1194 2378 1333 2410 fortuna
1355 2377 1444 2419 quod
1460 2377 1544 2409 fecit
1558 2377 1677 2409 tuum.’

982 2428 1078 2459 Bene
1093 2428 1197 2468 igitur
1212 2429 1290 2468 illis,
1303 2428 1360 2469 qui
1375 2436 1450 2458 cum
1464 2425 1601 2458 fortuna
1617 2436 1677 2466 pa-

983 2486 1055 2508 rum
1078 2477 1293 2515 contrahunt,
1318 2481 1354 2508 et
1379 2476 1510 2507 Dioclis
1527 2475 1676 2516 Carystii

980 2528 1154 2559 consilium
1184 2531 1390 2568 sequuntur:
1424 2525 1480 2563 μία
1507 2524 1574 2556 ἐστὶ
1604 2525 1678 2565 πρὸς

979 2575 1083 2615 τύχην
1106 2575 1276 2617 ἀσφάλεια,
1299 2575 1336 2606 τὸ
1361 2575 1403 2613 μὴ
1418 2574 1605 2606 τοσαυτάκις
1622 2576 1673 2606 αὒ-

977 2625 1037 2663 ‘rhu
1048 2627 1200 2666 πειρᾶσαι.

1022 2678 1083 2707 471
1111 2677 1234 2707 Inter-no
1247 2675 1402 2714 complura
1416 2675 1534 2716 dolore]
1560 2677 1673 2716 Magis

981 2725 1021 2755 ad
1036 2726 1185 2765 palatum
1198 2724 1357 2755 Auctoris
1371 2723 1487 2762 fuerit,
1502 2726 1511 2742 ‘
1524 2727 1673 2766 complu-

982 2775 1040 2812 ta,'
1075 2784 1140 2815 quo
1168 2783 1222 2804 ιιι.
1253 2774 1373 2809 ωηατ,
1407 2774 1672 2816 ‘complutaque

981 2823 1107 2854 murice
1139 2821 1237 2854 vela.’
1271 2828 1305 2853 et
1337 2831 1375 2852 11.
1412 2823 1671 2866 ‘complutaqne
