1889 3194
411 511 750 566 CASPARIS
804 509 1109 559 BARTHII
1165 507 1397 557 NOTAE.

655 692 721 725 Ex
745 690 967 724 ADVERSS.
989 688 1085 722 XIV.
1109 690 1164 720 13.

183 940 391 989 Summus
410 953 595 993 Romanus,
611 953 666 995 qui
684 953 813 993 Dictyn
834 951 878 982 de

183 1004 282 1036 Bello
295 1003 443 1044 Trojano
458 1003 548 1044 loqui
564 1003 684 1034 Latine
700 1001 796 1039 fecit,
811 1001 876 1032 Ro-

183 1063 300 1085 manus
317 1063 395 1084 sane
407 1053 555 1092 scriptor
571 1058 638 1091 est,
648 1062 710 1083 nec
723 1050 877 1091 refragen-

181 1103 303 1143 doctis,
316 1103 373 1144 qui
388 1104 432 1136 Q.
446 1101 593 1134 Arcadio
606 1100 738 1133 Rnffino
748 1111 876 1132 nuncu·

180 1163 281 1194 passe
311 1153 509 1193 conjectant
532 1162 606 1183 aevo
629 1151 875 1185 Theodosiano,

182 1207 241 1234 aut
251 1207 376 1243 praeter
388 1207 541 1243 propter.
565 1202 622 1243 (L.
636 1210 724 1234 Lvn.
735 1200 804 1242 20.)
821 1201 877 1231 De

180 1260 222 1282 eo
239 1251 407 1291 scriptore
432 1250 481 1282 ita
499 1250 657 1291 judicare
675 1258 875 1291 possumus:

178 1301 314 1333 videtur
328 1302 378 1332 vir
393 1301 558 1342 quispiam
577 1302 698 1342 priscae.
714 1300 874 1340 eloquen-

179 1353 237 1383 tiae
249 1362 258 1390 ;
271 1351 589 1391 inclinantibusjam
599 1350 700 1382 rebus
713 1349 873 1381 Romanis

178 1411 254 1433 cum
278 1406 434 1432 cerneret
457 1401 564 1432 multa
593 1399 735 1431 diversis
766 1398 872 1430 modis

178 1451 221 1482 de
237 1451 324 1482 bello
338 1451 395 1481 illo
407 1449 631 1481 famosissimo
649 1448 790 1487 differri,
805 1453 873 1480 sta-

176 1502 284 1532 tuisse
298 1500 328 1531 ei
337 1499 522 1531 confusioni
533 1500 731 1531 medicinam
744 1498 873 1538 facere,

176 1557 211 1583 et
224 1561 355 1583 omnem
370 1550 520 1582 historiae
536 1550 670 1585 seriem,
682 1550 788 1580 instar
798 1559 872 1580 cer-

175 1608 221 1633 tae
260 1601 477 1639 narrationis,
517 1600 642 1631 libellis
677 1599 870 1639 complecti.

174 1653 264 1683 Usus
281 1656 393 1682 antem
409 1650 545 1681 videtur
561 1649 661 1680 titulo
681 1649 870 1689 Dictys,ne

174 1701 396 1733 flaccesceret
426 1700 601 1731 autoritas.
647 1700 733 1730 Eum
756 1703 869 1730 autem

173 1751 295 1782 librum
314 1755 434 1790 postea
448 1750 480 1780 in
497 1759 591 1780 suam
608 1748 756 1789 linguam
774 1748 869 1779 Gra·-

175 1802 243 1833 culi
261 1801 417 1832 videntur
441 1798 685 1838 transduxisse,
700 1798 869 1838 inscripti-

173 1861 237 1883 one
253 1851 404 1892 ejusdem
430 1850 521 1880 tituli
543 1855 578 1880 et
598 1848 713 1880 fabula
741 1848 869 1887 addita,

173 1903 275 1933 talem
303 1901 424 1932 librum
447 1909 523 1931 eum
551 1904 747 1930 terraemotu
776 1902 868 1938 pate-

172 1950 265 1984 facto
281 1950 437 1990 sepulcro
461 1950 649 1986 inventum,
672 1953 707 1978 et
729 1946 869 1977 Claudio

172 2000 300 2032 Caesari
315 1999 487 2037 traditum,
501 1997 679 2038 ejnsjussu
691 1995 792 2026 fuisse
804 2002 869 2027 tra-

171 2050 324 2082 ductum.
360 2051 442 2080 Eam
458 2049 605 2080 fabulam
623 2052 779 2079 recenset
795 2047 870 2078 Sui·

171 2100 232 2131 das
249 2110 290 2131 ex
308 2100 372 2130 alio
388 2100 545 2140 quopiam
564 2104 714 2129 anctore.
743 2097 868 2128 Δίκτυς·

172 2150 223 2182 ἐπὶ
253 2149 407 2181 Κλαυδίου
431 2149 489 2186 τῆς
515 2148 638 2188 Κρήτης
661 2147 718 2178 ὑπὸ
740 2147 868 2185 σεισμοῦ

173 2199 424 2240 κατενεχθείσης,
440 2197 490 2230 καὶ
510 2200 639 2229 πολλῶν
649 2196 757 2237 τάφων
774 2197 864 2235 ἀνεῳ-

172 2249 324 2290 χθέντων,
336 2249 441 2289 εὑρέθη
456 2249 489 2279 ἐν
498 2248 542 2280 ἑνὶ
553 2247 672 2279 τούτων
680 2247 718 2278 τὸ
731 2246 866 2286 σύνταγ-

169 2312 214 2338 μα
237 2301 294 2337 τῆς
323 2299 458 2340 ἱστορίας
483 2298 626 2337 Δίκτυος,
651 2297 707 2328 τὸν
735 2296 867 2337 Τρωϊκὸν

171 2349 316 2390 περιέχον
331 2348 482 2389 πόλεμον,
503 2348 575 2388 ὅπερ
590 2348 697 2383 λαβὼν
712 2346 865 2378 Κλαύδιος

169 2399 295 2439 ἐξέδωκε
332 2398 515 2440 γράφεσθαι.
574 2397 676 2437 Apud
722 2397 862 2428 Graecos

167 2449 304 2492 quidem
314 2449 441 2490 Dictyn
454 2447 606 2479 extitisse
616 2450 772 2478 auctores
782 2451 861 2477 sunt

168 2498 267 2530 ambo
282 2498 431 2536 Tzetzae‚
447 2497 594 2529 Joannes
612 2500 647 2527 et
670 2495 809 2536 Isacius‚
822 2501 861 2528 ut

165 2551 265 2579 notat
289 2547 390 2578 etiam
415 2546 628 2577 doctissimus
647 2545 696 2575 vir
709 2545 859 2577 Jacobus

166 2597 330 2628 Nicolaus
352 2596 492 2627 Loensis
515 2604 566 2626 lv.
590 2595 780 2625 Miscellan.
803 2597 858 2625 20.

166 2646 303 2678 Daretis
325 2645 458 2688 quidem
483 2644 624 2685 Phrygii
652 2643 792 2674 Iliadem
816 2643 858 2673 ad

164 2706 225 2727 sua
240 2700 394 2737 tempora
419 2698 586 2726 servatam
611 2692 716 2725 fuisse
738 2693 858 2724 scribit

164 2746 314 2778 AElianus
333 2755 383 2777 xi.
396 2745 497 2776 variae
515 2744 690 2775 Historiae.
713 2743 781 2774 Sed
798 2743 857 2774 illa

162 2796 244 2827 nihil
263 2795 305 2826 ad
321 2796 533 2836 Septimium,
559 2794 615 2836 qui
639 2793 785 2834 scriptor
806 2799 857 2825 est

162 2846 314 2882 Latinus,
326 2847 408 2878 licet
423 2845 515 2877 miris
529 2845 634 2876 modis
646 2845 687 2876 ab
704 2844 854 2885 exscrip-

246 2899 362 2940 Delpli.
374 2903 404 2931 et
424 2899 500 2930 γαν.
520 2899 604 2930 Clas.

757 2898 847 2930 Dice.
863 2899 950 2930 Cret.
962 2899 1014 2938 &0-

931 948 1061 981 toribus
1083 948 1184 980 variis
1209 946 1334 980 seculis
1357 949 1508 978 mutatus
1525 949 1563 978 et.
1577 945 1625 977 in-

930 999 1128 1039 terpolatus.

1204 1089 1297 1120 LIB.
1320 1087 1349 1120 1.

972 1157 989 1197 ξ
1007 1158 1023 1186 l
1038 1156 1156 1187 Atreus
1168 1164 1296 1195 namque
1308 1164 1348 1185 ex
1359 1152 1466 1184 Minoi?
1473 1156 1626 1193 postrema

928 1216 985 1237 sua
997 1204 1159 1245 ordinans]
1171 1205 1182 1221 ‘
1192 1204 1370 1236 Postrema
1381 1203 1390 1216 '
1405 1204 1555 1235 nltimam
1570 1212 1628 1234 vo·

929 1257 1095 1288 luntatem
1108 1255 1342 1296 moriturijam
1356 1255 1498 1286 hominis
1513 1253 1625 1294 desig-

930 1311 1024 1338 nant.
1049 1306 1109 1336 Est
1125 1314 1268 1346 namque
1294 1304 1370 1336 talis
1391 1303 1522 1335 sanctio
1548 1314 1624 1344 pos-

929 1354 1250 1395 tremumjudieium
1274 1354 1430 1392 hominis,
1446 1358 1485 1384 ut
1506 1354 1623 1394 appel-

927 1407 1019 1437 latur
1048 1416 1068 1437 a
1099 1405 1315 1437 Diocletiano
1351 1409 1388 1436 et
1416 1404 1625 1435 Maximiano

925 1455 1037 1496 Impp.
1064 1456 1148 1495 Leg.
1161 1458 1192 1486 2.
1210 1455 1294 1486 Cod.
1305 1454 1431 1486 Justin.
1446 1454 1503 1495 qui
1520 1457 1625 1485 testa·

924 1511 1041 1537 menta
1054 1504 1166 1536 facere
1185 1508 1334 1544 possunt.

984 1556 1063 1591 Quae
1092 1565 1126 1585 eo
1157 1558 1290 1594 tempore
1323 1551 1453 1583 Nestori
1485 1552 1621 1591 denupta

925 1605 1008 1645 erat]
1035 1606 1044 1622 ‘
1060 1603 1240 1644 Denupta¹
1269 1603 1420 1644 pulcrius
1442 1601 1485 1632 ab
1502 1601 1621 1633 eodem

924 1655 1044 1687 mulier
1081 1654 1218 1689 dicitur,
1260 1662 1359 1694 quarn
1401 1660 1477 1683 cum
1518 1651 1619 1691 vulgo

923 1703 1074 1745 ‘nupta'

966 1757 984 1796 ξ
997 1757 1017 1785 4
1034 1754 1154 1793 Regem
1163 1754 1211 1784 ira
1223 1757 1314 1793 atque
1326 1751 1543 1791 indignatione
1556 1756 1622 1783 stu-

922 1805 1078 1845 pefactum
1099 1804 1225 1834 consitio
1250 1802 1418 1842 excidisse]
1444 1801 1619 1841 Obstupe-

923 1855 995 1885 fieri
1027 1854 1176 1884 homines
1199 1852 1319 1883 subitis
1349 1851 1484 1883 casibus
1516 1856 1619 1892 atque

922 1903 1100 1934 eventibus
1134 1902 1299 1940 videmus,
1342 1901 1459 1942 quales
1500 1901 1618 1941 pulcre

923 1958 1037 1984 mente
1054 1958 1089 1983 et
1102 1961 1244 1991 corpore
1266 1953 1275 1968 ‘
1289 1951 1498 1992 consilioque
1526 1951 1616 1982 ceci-

923 2003 1012 2033 disse
1024 2002 1032 2015 '
1048 2007 1082 2033 et
1093 2001 1262 2033 excidisse
1275 2002 1321 2032 ait
1333 2001 1420 2032 idem
1435 2001 1616 2040 elegantis-

923 2052 1026 2082 simus
1047 2056 1178 2089 auctor,
1194 2051 1218 2082 l.
1235 2060 1260 2081 1.
1282 2052 1291 2067 ‘
1306 2050 1372 2081 Ast
1387 2050 1446 2081 ubi
1469 2051 1617 2081 animad-

922 2101 1028 2132 vertit
1060 2099 1272 2139 Palamedes,
1303 2098 1443 2139 regem,'
1470 2101 1535 2130 &c-
1565 2108 1614 2130 iv.

922 2152 931 2168 ‘
949 2150 1014 2181 Sed
1033 2149 1143 2180 fertur
1159 2149 1324 2180 OEnonem
1340 2149 1410 2179 viso
1427 2149 1613 2179 Alexandri

920 2200 1088 2232 cadavere
1101 2199 1185 2230 adeo
1201 2204 1415 2236 commotam,
1432 2200 1479 2231 uti
1493 2200 1615 2230 amissa

918 2254 1032 2280 mente
1047 2248 1304 2288 obstupefieret,
1318 2258 1358 2279 ac
1380 2249 1538 2288 paulatim
1553 2258 1614 2288 per

918 2307 1095 2330 moerorem
1119 2297 1301 2329 deficiente
1323 2298 1432 2329 animo
1455 2297 1612 2329 concide-

918 2347 994 2379 ret.'
1017 2357 1050 2379 v.
1074 2351 1083 2365 ‘
1099 2347 1264 2383 Helenus,
1276 2346 1473 2378 recordatus
1490 2356 1611 2387 paren-

917 2403 984 2430 tem
995 2398 1164 2429 Priamum
1180 2397 1399 2437 residuosque
1410 2395 1611 2434 fratres‚fle-

915 2452 986 2479 tum
1002 2448 1074 2479 edit
1098 2447 1338 2487 miserabilem,
1359 2451 1612 2478 consternatus-

915 2508 981 2540 que
1001 2507 1062 2538 per
1076 2497 1240 2535 dolorem,
1269 2502 1371 2538 atque
1393 2497 1610 2538 obstupefac-

915 2551 981 2585 tus,
1004 2546 1095 2578 rnit.'
1141 2547 1220 2577 Non
1252 2551 1387 2586 poterat
1410 2548 1530 2578 melius
1556 2549 1607 2578 vel

914 2605 1059 2627 summus
1073 2596 1233 2636 scriptor,
1247 2601 1281 2627 et
1292 2596 1477 2628 collatione
1491 2597 1607 2628 talium

912 2644 1012 2677 facile
1049 2650 1193 2686 apparet
1230 2645 1386 2676 Latinum
1430 2651 1606 2677 auctorem

912 2704 998 2731 csse,
1017 2705 1115 2736 quem
1133 2705 1208 2726 cum
1225 2705 1354 2726 summa
1371 2696 1473 2726 animi
1490 2697 1607 2737 volup-

911 2750 982 2777 tate
998 2746 1148 2785 legimns.
1173 2745 1317 2778 Advers.
1330 2754 1420 2777 Lvu.
1436 2749 1488 2777 20.

953 2795 971 2835 ξ
987 2798 1005 2825 5
1024 2795 1101 2825 Tum
1116 2804 1245 2835 namque
1257 2796 1470 2835 properatione
1485 2796 1607 2835 navigii

909 2845 1077 2876 inconsulte
1102 2845 1150 2875 usi
1165 2844 1265 2875 ventis
1287 2846 1327 2876 ad
1352 2845 1488 2886 Cyprum
1510 2857 1604 2886 uppu-

1445 2901 1465 2929 2
1490 2899 1520 2930 Ρ
