<?xml version="1.0" encoding="UTF-8"?>
<!DOCTYPE html PUBLIC "-//W3C//DTD XHTML 1.0 Transitional//EN"
    "http://www.w3.org/TR/xhtml1/DTD/xhtml1-transitional.dtd">
<html xmlns="http://www.w3.org/1999/xhtml" xml:lang="en" lang="en">
 <head>
  <title>
</title>
<meta http-equiv="Content-Type" content="text/html;charset=utf-8" />
  <meta name='ocr-system' content='tesseract 3.04.00' />
  <meta name='ocr-capabilities' content='ocr_page ocr_carea ocr_par ocr_line ocrx_word'/>
</head>
<body>
  <div class='ocr_page' id='page_1' title='image "./dictyscretensise02dictuoft_0259.png"; bbox 0 0 1889 3194; ppageno 0'>
   <div class='ocr_carea' id='block_1_1' title="bbox 398 568 1351 623">
    <p class='ocr_par' dir='ltr' id='par_1_1' title="bbox 398 568 1351 623">
     <span class='ocr_line' id='line_1_1' title="bbox 398 568 1351 623; baseline -0.006 -1"><span class='ocrx_word' id='word_1_1' title='bbox 398 573 639 623; x_wconf 86' lang='lat' dir='ltr'><strong>ULRICI</strong></span> <span class='ocrx_word' id='word_1_2' title='bbox 693 570 1065 622; x_wconf 83' lang='lat' dir='ltr'>OBRECHTI</span> <span class='ocrx_word' id='word_1_3' title='bbox 1120 568 1351 618; x_wconf 86' lang='lat' dir='ltr'><strong>NOTAE.</strong></span> 
     </span>
    </p>
   </div>
   <div class='ocr_carea' id='block_1_2' title="bbox 152 911 856 2858">
    <p class='ocr_par' dir='ltr' id='par_1_2' title="bbox 153 911 852 1515">
     <span class='ocr_line' id='line_1_2' title="bbox 155 911 846 967; baseline 0 -10"><span class='ocrx_word' id='word_1_4' title='bbox 155 911 205 957; x_wconf 68' lang='lat' dir='ltr'>In</span> <span class='ocrx_word' id='word_1_5' title='bbox 227 925 392 957; x_wconf 80' lang='lat' dir='ltr'>Pnomo.</span> <span class='ocrx_word' id='word_1_6' title='bbox 426 925 544 966; x_wconf 80' lang='lat' dir='ltr'><em>Dictys</em></span> <span class='ocrx_word' id='word_1_7' title='bbox 565 926 738 967; x_wconf 76' lang='lat' dir='ltr'><strong><em>Cretensis]</em></strong></span> <span class='ocrx_word' id='word_1_8' title='bbox 764 927 846 957; x_wconf 79' lang='lat' dir='ltr'>Pro-</span> 
     </span>
     <span class='ocr_line' id='line_1_3' title="bbox 154 975 846 1015; baseline 0 -9"><span class='ocrx_word' id='word_1_9' title='bbox 154 976 251 1015; x_wconf 82' lang='lat' dir='ltr'>logus</span> <span class='ocrx_word' id='word_1_10' title='bbox 270 975 349 1015; x_wconf 83' lang='lat' dir='ltr'>iste,</span> <span class='ocrx_word' id='word_1_11' title='bbox 373 980 410 1007; x_wconf 91' lang='lat' dir='ltr'>nt</span> <span class='ocrx_word' id='word_1_12' title='bbox 432 976 466 1006; x_wconf 91' lang='lat' dir='ltr'>in</span> <span class='ocrx_word' id='word_1_13' title='bbox 483 976 607 1008; x_wconf 81' lang='lat' dir='ltr'>Codice</span> <span class='ocrx_word' id='word_1_14' title='bbox 624 976 846 1007; x_wconf 71' lang='lat' dir='ltr'>Bibliotheca:</span> 
     </span>
     <span class='ocr_line' id='line_1_4' title="bbox 153 1023 849 1064; baseline 0.003 -10"><span class='ocrx_word' id='word_1_15' title='bbox 153 1023 415 1064; x_wconf 82' lang='lat' dir='ltr'>Argentinensis</span> <span class='ocrx_word' id='word_1_16' title='bbox 439 1025 647 1062; x_wconf 77' lang='lat' dir='ltr'><strong>inscribitur,</strong></span> <span class='ocrx_word' id='word_1_17' title='bbox 671 1026 795 1057; x_wconf 83' lang='lat' dir='ltr'>Graece</span> <span class='ocrx_word' id='word_1_18' title='bbox 813 1031 849 1056; x_wconf 89' lang='lat' dir='ltr'>et</span> 
     </span>
     <span class='ocr_line' id='line_1_5' title="bbox 154 1073 848 1116; baseline 0.003 -11"><span class='ocrx_word' id='word_1_19' title='bbox 154 1073 196 1105; x_wconf 87' lang='lat' dir='ltr'>ad</span> <span class='ocrx_word' id='word_1_20' title='bbox 214 1074 343 1115; x_wconf 84' lang='lat' dir='ltr'>Dictyn</span> <span class='ocrx_word' id='word_1_21' title='bbox 360 1075 515 1106; x_wconf 87' lang='lat' dir='ltr'>Graecum</span> <span class='ocrx_word' id='word_1_22' title='bbox 533 1077 741 1116; x_wconf 82' lang='lat' dir='ltr'>compositus</span> <span class='ocrx_word' id='word_1_23' title='bbox 758 1077 848 1107; x_wconf 88' lang='lat' dir='ltr'>vide-</span> 
     </span>
     <span class='ocr_line' id='line_1_6' title="bbox 155 1123 849 1157; baseline 0.003 -3"><span class='ocrx_word' id='word_1_24' title='bbox 155 1128 231 1155; x_wconf 86' lang='lat' dir='ltr'>tur:</span> <span class='ocrx_word' id='word_1_25' title='bbox 256 1123 334 1155; x_wconf 91' lang='lat' dir='ltr'>inde</span> <span class='ocrx_word' id='word_1_26' title='bbox 352 1134 415 1156; x_wconf 90' lang='lat' dir='ltr'>nec</span> <span class='ocrx_word' id='word_1_27' title='bbox 433 1125 593 1156; x_wconf 70' lang='lat' dir='ltr'>versionis</span> <span class='ocrx_word' id='word_1_28' title='bbox 611 1126 653 1156; x_wconf 84' lang='lat' dir='ltr'>dc</span> <span class='ocrx_word' id='word_1_29' title='bbox 675 1125 800 1157; x_wconf 59' lang='lat' dir='ltr'>Gracco</span> <span class='ocrx_word' id='word_1_30' title='bbox 815 1126 849 1156; x_wconf 87' lang='lat' dir='ltr'>in</span> 
     </span>
     <span class='ocr_line' id='line_1_7' title="bbox 154 1172 851 1216; baseline 0.004 -13"><span class='ocrx_word' id='word_1_31' title='bbox 154 1172 311 1204; x_wconf 81' lang='lat' dir='ltr'>Latinum</span> <span class='ocrx_word' id='word_1_32' title='bbox 328 1172 431 1206; x_wconf 85' lang='lat' dir='ltr'>factae</span> <span class='ocrx_word' id='word_1_33' title='bbox 443 1175 606 1216; x_wconf 83' lang='lat' dir='ltr'>meminit,</span> <span class='ocrx_word' id='word_1_34' title='bbox 623 1179 659 1206; x_wconf 93' lang='lat' dir='ltr'>et</span> <span class='ocrx_word' id='word_1_35' title='bbox 677 1176 798 1214; x_wconf 87' lang='lat' dir='ltr'>textui,</span> <span class='ocrx_word' id='word_1_36' title='bbox 813 1181 851 1207; x_wconf 90' lang='lat' dir='ltr'>ut</span> 
     </span>
     <span class='ocr_line' id='line_1_8' title="bbox 153 1224 851 1265; baseline 0.003 -11"><span class='ocrx_word' id='word_1_37' title='bbox 153 1224 319 1265; x_wconf 85' lang='lat' dir='ltr'>appellat,</span> <span class='ocrx_word' id='word_1_38' title='bbox 333 1225 447 1256; x_wconf 83' lang='lat' dir='ltr'>statim</span> <span class='ocrx_word' id='word_1_39' title='bbox 461 1226 690 1257; x_wconf 83' lang='lat' dir='ltr'>connectitur.</span> <span class='ocrx_word' id='word_1_40' title='bbox 735 1226 851 1257; x_wconf 80' lang='lat' dir='ltr'>Plera-</span> 
     </span>
     <span class='ocr_line' id='line_1_9' title="bbox 155 1276 851 1316; baseline 0.006 -13"><span class='ocrx_word' id='word_1_41' title='bbox 155 1282 221 1313; x_wconf 89' lang='lat' dir='ltr'>que</span> <span class='ocrx_word' id='word_1_42' title='bbox 237 1278 365 1314; x_wconf 84' lang='lat' dir='ltr'>antem,</span> <span class='ocrx_word' id='word_1_43' title='bbox 381 1284 455 1316; x_wconf 78' lang='lat' dir='ltr'>quae</span> <span class='ocrx_word' id='word_1_44' title='bbox 472 1276 638 1315; x_wconf 85' lang='lat' dir='ltr'>continet,</span> <span class='ocrx_word' id='word_1_45' title='bbox 651 1276 741 1316; x_wconf 80' lang='lat' dir='ltr'>apud</span> <span class='ocrx_word' id='word_1_46' title='bbox 756 1276 851 1308; x_wconf 84' lang='lat' dir='ltr'>Grae-</span> 
     </span>
     <span class='ocr_line' id='line_1_10' title="bbox 153 1324 851 1366; baseline 0.006 -13"><span class='ocrx_word' id='word_1_47' title='bbox 153 1332 211 1353; x_wconf 84' lang='lat' dir='ltr'>cos</span> <span class='ocrx_word' id='word_1_48' title='bbox 235 1324 432 1364; x_wconf 81' lang='lat' dir='ltr'>pervulgata</span> <span class='ocrx_word' id='word_1_49' title='bbox 457 1324 573 1362; x_wconf 78' lang='lat' dir='ltr'>fuisse,</span> <span class='ocrx_word' id='word_1_50' title='bbox 596 1326 727 1366; x_wconf 85' lang='lat' dir='ltr'><strong>plenius</strong></span> <span class='ocrx_word' id='word_1_51' title='bbox 750 1336 851 1366; x_wconf 81' lang='lat' dir='ltr'>appa-</span> 
     </span>
     <span class='ocr_line' id='line_1_11' title="bbox 154 1372 851 1414; baseline 0.004 -11"><span class='ocrx_word' id='word_1_52' title='bbox 154 1372 254 1411; x_wconf 86' lang='lat' dir='ltr'>rebit,</span> <span class='ocrx_word' id='word_1_53' title='bbox 271 1382 346 1404; x_wconf 92' lang='lat' dir='ltr'>cnm</span> <span class='ocrx_word' id='word_1_54' title='bbox 360 1374 494 1414; x_wconf 81' lang='lat' dir='ltr'>integra</span> <span class='ocrx_word' id='word_1_55' title='bbox 509 1375 651 1407; x_wconf 85' lang='lat' dir='ltr'>Joannis</span> <span class='ocrx_word' id='word_1_56' title='bbox 668 1375 851 1407; x_wconf 85' lang='lat' dir='ltr'>Antioche-</span> 
     </span>
     <span class='ocr_line' id='line_1_12' title="bbox 153 1422 852 1466; baseline 0.006 -13"><span class='ocrx_word' id='word_1_57' title='bbox 153 1422 188 1453; x_wconf 86' lang='lat' dir='ltr'>ni</span> <span class='ocrx_word' id='word_1_58' title='bbox 206 1423 369 1463; x_wconf 78' lang='lat' dir='ltr'>Historia,</span> <span class='ocrx_word' id='word_1_59' title='bbox 381 1435 458 1465; x_wconf 86' lang='lat' dir='ltr'>quae</span> <span class='ocrx_word' id='word_1_60' title='bbox 476 1425 508 1456; x_wconf 91' lang='lat' dir='ltr'>in</span> <span class='ocrx_word' id='word_1_61' title='bbox 520 1425 652 1466; x_wconf 76' lang='lat' dir='ltr'>Angliae</span> <span class='ocrx_word' id='word_1_62' title='bbox 666 1427 852 1458; x_wconf 86' lang='lat' dir='ltr'>Bibliothe-</span> 
     </span>
     <span class='ocr_line' id='line_1_13' title="bbox 153 1473 760 1515; baseline 0.002 -11"><span class='ocrx_word' id='word_1_63' title='bbox 153 1473 202 1504; x_wconf 82' lang='lat' dir='ltr'>cis</span> <span class='ocrx_word' id='word_1_64' title='bbox 218 1474 316 1512; x_wconf 84' lang='lat' dir='ltr'>latet,</span> <span class='ocrx_word' id='word_1_65' title='bbox 333 1474 461 1514; x_wconf 85' lang='lat' dir='ltr'>publici</span> <span class='ocrx_word' id='word_1_66' title='bbox 473 1475 561 1515; x_wconf 87' lang='lat' dir='ltr'>juris</span> <span class='ocrx_word' id='word_1_67' title='bbox 577 1474 664 1507; x_wconf 83' lang='lat' dir='ltr'>facta</span> <span class='ocrx_word' id='word_1_68' title='bbox 681 1477 760 1507; x_wconf 87' lang='lat' dir='ltr'>erit.</span> 
     </span>
    </p>

    <p class='ocr_par' dir='ltr' id='par_1_3' title="bbox 152 1524 855 2508">
     <span class='ocr_line' id='line_1_14' title="bbox 199 1524 852 1567; baseline 0.003 -12"><span class='ocrx_word' id='word_1_69' title='bbox 199 1524 304 1555; x_wconf 81' lang='lat' dir='ltr'>Tertio</span> <span class='ocrx_word' id='word_1_70' title='bbox 325 1525 441 1555; x_wconf 79' lang='lat' dir='ltr'>decimo</span> <span class='ocrx_word' id='word_1_71' title='bbox 463 1535 542 1556; x_wconf 79' lang='lat' dir='ltr'>anno</span> <span class='ocrx_word' id='word_1_72' title='bbox 558 1525 712 1565; x_wconf 73' lang='lat' dir='ltr'>Neronis]</span> <span class='ocrx_word' id='word_1_73' title='bbox 738 1526 852 1567; x_wconf 86' lang='lat' dir='ltr'>Aliqui</span> 
     </span>
     <span class='ocr_line' id='line_1_15' title="bbox 153 1572 853 1616; baseline 0.004 -13"><span class='ocrx_word' id='word_1_74' title='bbox 153 1572 196 1604; x_wconf 86' lang='lat' dir='ltr'>ad</span> <span class='ocrx_word' id='word_1_75' title='bbox 212 1572 392 1605; x_wconf 87' lang='lat' dir='ltr'>Claudium</span> <span class='ocrx_word' id='word_1_76' title='bbox 416 1574 542 1614; x_wconf 86' lang='lat' dir='ltr'>Imper.</span> <span class='ocrx_word' id='word_1_77' title='bbox 562 1574 726 1610; x_wconf 85' lang='lat' dir='ltr'>referunt,</span> <span class='ocrx_word' id='word_1_78' title='bbox 748 1576 853 1616; x_wconf 85' lang='lat' dir='ltr'>adop-</span> 
     </span>
     <span class='ocr_line' id='line_1_16' title="bbox 153 1622 851 1665; baseline 0.004 -12"><span class='ocrx_word' id='word_1_79' title='bbox 153 1622 225 1654; x_wconf 85' lang='lat' dir='ltr'>tivo</span> <span class='ocrx_word' id='word_1_80' title='bbox 237 1623 379 1654; x_wconf 81' lang='lat' dir='ltr'>Neronis</span> <span class='ocrx_word' id='word_1_81' title='bbox 390 1624 524 1655; x_wconf 90' lang='lat' dir='ltr'>nomine</span> <span class='ocrx_word' id='word_1_82' title='bbox 536 1624 686 1665; x_wconf 85' lang='lat' dir='ltr'>decepti.</span> <span class='ocrx_word' id='word_1_83' title='bbox 710 1626 851 1657; x_wconf 84' lang='lat' dir='ltr'>Suidas:</span> 
     </span>
     <span class='ocr_line' id='line_1_17' title="bbox 152 1671 853 1714; baseline 0.004 -11"><span class='ocrx_word' id='word_1_84' title='bbox 152 1671 219 1704; x_wconf 77' lang='grc' dir='ltr'>Ἐπὶ</span> <span class='ocrx_word' id='word_1_85' title='bbox 242 1672 398 1704; x_wconf 81' lang='grc' dir='ltr'><strong>Κλαυδίου</strong></span> <span class='ocrx_word' id='word_1_86' title='bbox 419 1674 477 1710; x_wconf 82' lang='grc' dir='ltr'>τῆς</span> <span class='ocrx_word' id='word_1_87' title='bbox 499 1673 621 1714; x_wconf 76' lang='grc' dir='ltr'>Κρήτης</span> <span class='ocrx_word' id='word_1_88' title='bbox 644 1673 700 1705; x_wconf 81' lang='grc' dir='ltr'>ὑπὸ</span> <span class='ocrx_word' id='word_1_89' title='bbox 723 1676 853 1714; x_wconf 80' lang='grc' dir='ltr'>σεισμοῦ</span> 
     </span>
     <span class='ocr_line' id='line_1_18' title="bbox 152 1723 851 1766; baseline 0.004 -12"><span class='ocrx_word' id='word_1_90' title='bbox 152 1723 402 1764; x_wconf 76' lang='grc' dir='ltr'>κατενεχθείσης,</span> <span class='ocrx_word' id='word_1_91' title='bbox 413 1723 464 1755; x_wconf 77' lang='grc' dir='ltr'>καὶ</span> <span class='ocrx_word' id='word_1_92' title='bbox 475 1727 605 1756; x_wconf 81' lang='grc' dir='ltr'>πολλῶν</span> <span class='ocrx_word' id='word_1_93' title='bbox 614 1724 723 1765; x_wconf 82' lang='grc' dir='ltr'>τάφων</span> <span class='ocrx_word' id='word_1_94' title='bbox 733 1726 851 1766; x_wconf 82' lang='grc' dir='ltr'>ἀνεῳχ-</span> 
     </span>
     <span class='ocr_line' id='line_1_19' title="bbox 153 1773 852 1815; baseline 0.003 -10"><span class='ocrx_word' id='word_1_95' title='bbox 153 1773 276 1810; x_wconf 80' lang='grc' dir='ltr'>θέντων,</span> <span class='ocrx_word' id='word_1_96' title='bbox 290 1773 396 1814; x_wconf 81' lang='grc' dir='ltr'>εὑρέθη</span> <span class='ocrx_word' id='word_1_97' title='bbox 412 1775 446 1805; x_wconf 82' lang='grc' dir='ltr'>ἐν</span> <span class='ocrx_word' id='word_1_98' title='bbox 460 1773 504 1805; x_wconf 81' lang='grc' dir='ltr'>ἑνὶ</span> <span class='ocrx_word' id='word_1_99' title='bbox 515 1773 634 1806; x_wconf 79' lang='grc' dir='ltr'>τούτων</span> <span class='ocrx_word' id='word_1_100' title='bbox 642 1775 680 1806; x_wconf 78' lang='grc' dir='ltr'>τὸ</span> <span class='ocrx_word' id='word_1_101' title='bbox 689 1775 852 1815; x_wconf 75' lang='grc' dir='ltr'>σύνταγμα</span> 
     </span>
     <span class='ocr_line' id='line_1_20' title="bbox 153 1823 852 1867; baseline 0.006 -14"><span class='ocrx_word' id='word_1_102' title='bbox 153 1824 210 1860; x_wconf 79' lang='grc' dir='ltr'>τῆς</span> <span class='ocrx_word' id='word_1_103' title='bbox 226 1823 362 1864; x_wconf 74' lang='grc' dir='ltr'><strong><em>ἱστορίας</em></strong></span> <span class='ocrx_word' id='word_1_104' title='bbox 372 1823 516 1866; x_wconf 83' lang='grc' dir='ltr'><strong><em>Δίκτυος,</em></strong></span> <span class='ocrx_word' id='word_1_105' title='bbox 532 1824 589 1855; x_wconf 84' lang='grc' dir='ltr'>τὸν</span> <span class='ocrx_word' id='word_1_106' title='bbox 606 1825 740 1865; x_wconf 78' lang='grc' dir='ltr'>Τρωϊκὸν</span> <span class='ocrx_word' id='word_1_107' title='bbox 753 1825 852 1867; x_wconf 90' lang='grc' dir='ltr'>περιέ-</span> 
     </span>
     <span class='ocr_line' id='line_1_21' title="bbox 153 1872 852 1914; baseline 0.003 -10"><span class='ocrx_word' id='word_1_108' title='bbox 153 1883 214 1912; x_wconf 86' lang='grc' dir='ltr'>χον</span> <span class='ocrx_word' id='word_1_109' title='bbox 232 1872 381 1912; x_wconf 83' lang='grc' dir='ltr'>πόλεμυν,</span> <span class='ocrx_word' id='word_1_110' title='bbox 398 1873 472 1914; x_wconf 82' lang='grc' dir='ltr'>ὅπερ</span> <span class='ocrx_word' id='word_1_111' title='bbox 494 1874 602 1909; x_wconf 86' lang='grc' dir='ltr'>λαβὼν</span> <span class='ocrx_word' id='word_1_112' title='bbox 618 1873 769 1906; x_wconf 84' lang='grc' dir='ltr'>Κλαύδιος</span> <span class='ocrx_word' id='word_1_113' title='bbox 790 1875 852 1914; x_wconf 83' lang='grc' dir='ltr'>ἐξε-</span> 
     </span>
     <span class='ocr_line' id='line_1_22' title="bbox 152 1921 852 1963; baseline 0.004 -10"><span class='ocrx_word' id='word_1_114' title='bbox 152 1924 229 1954; x_wconf 84' lang='grc' dir='ltr'>δωκε</span> <span class='ocrx_word' id='word_1_115' title='bbox 241 1921 423 1963; x_wconf 73' lang='grc' dir='ltr'><strong><em>γράφεσθαι.</em></strong></span> <span class='ocrx_word' id='word_1_116' title='bbox 468 1924 593 1955; x_wconf 85' lang='lat' dir='ltr'>Factus</span> <span class='ocrx_word' id='word_1_117' title='bbox 610 1928 662 1955; x_wconf 75' lang='lat' dir='ltr'>est</span> <span class='ocrx_word' id='word_1_118' title='bbox 674 1929 786 1956; x_wconf 87' lang='lat' dir='ltr'>antem</span> <span class='ocrx_word' id='word_1_119' title='bbox 799 1926 852 1956; x_wconf 88' lang='lat' dir='ltr'>hie</span> 
     </span>
     <span class='ocr_line' id='line_1_23' title="bbox 152 1973 854 2015; baseline 0.003 -11"><span class='ocrx_word' id='word_1_120' title='bbox 152 1977 255 2004; x_wconf 84' lang='lat' dir='ltr'>terrae</span> <span class='ocrx_word' id='word_1_121' title='bbox 272 1978 383 2005; x_wconf 84' lang='lat' dir='ltr'>motus</span> <span class='ocrx_word' id='word_1_122' title='bbox 399 1982 486 2004; x_wconf 85' lang='lat' dir='ltr'>anno</span> <span class='ocrx_word' id='word_1_123' title='bbox 504 1973 650 2005; x_wconf 86' lang='lat' dir='ltr'>Neronis</span> <span class='ocrx_word' id='word_1_124' title='bbox 667 1975 854 2015; x_wconf 89' lang='lat' dir='ltr'>penultimo</span> 
     </span>
     <span class='ocr_line' id='line_1_24' title="bbox 153 2022 853 2064; baseline 0.003 -11"><span class='ocrx_word' id='word_1_125' title='bbox 153 2022 314 2062; x_wconf 80' lang='lat' dir='ltr'>ineunte3</span> <span class='ocrx_word' id='word_1_126' title='bbox 348 2026 426 2063; x_wconf 79' lang='lat' dir='ltr'>post</span> <span class='ocrx_word' id='word_1_127' title='bbox 455 2022 510 2055; x_wconf 90' lang='lat' dir='ltr'>Id.</span> <span class='ocrx_word' id='word_1_128' title='bbox 537 2023 679 2055; x_wconf 87' lang='lat' dir='ltr'>Octobr.</span> <span class='ocrx_word' id='word_1_129' title='bbox 709 2025 853 2064; x_wconf 87' lang='lat' dir='ltr'>scilicet,</span> 
     </span>
     <span class='ocr_line' id='line_1_25' title="bbox 155 2072 852 2111; baseline 0.003 -8"><span class='ocrx_word' id='word_1_130' title='bbox 155 2072 193 2103; x_wconf 89' lang='lat' dir='ltr'>C.</span> <span class='ocrx_word' id='word_1_131' title='bbox 209 2072 373 2103; x_wconf 87' lang='lat' dir='ltr'>Suetonio</span> <span class='ocrx_word' id='word_1_132' title='bbox 390 2072 546 2111; x_wconf 88' lang='lat' dir='ltr'>Paulino,</span> <span class='ocrx_word' id='word_1_133' title='bbox 565 2073 602 2103; x_wconf 88' lang='lat' dir='ltr'>L.</span> <span class='ocrx_word' id='word_1_134' title='bbox 620 2073 741 2104; x_wconf 86' lang='lat' dir='ltr'>Pontio</span> <span class='ocrx_word' id='word_1_135' title='bbox 756 2074 852 2105; x_wconf 90' lang='lat' dir='ltr'>Tele-</span> 
     </span>
     <span class='ocr_line' id='line_1_26' title="bbox 154 2121 854 2161; baseline 0.001 -9"><span class='ocrx_word' id='word_1_136' title='bbox 154 2122 229 2152; x_wconf 82' lang='lat' dir='ltr'>sino</span> <span class='ocrx_word' id='word_1_137' title='bbox 256 2121 352 2152; x_wconf 77' lang='lat' dir='ltr'>Coss.</span> <span class='ocrx_word' id='word_1_138' title='bbox 380 2130 468 2155; x_wconf 85' lang='lat' dir='ltr'>cum,</span> <span class='ocrx_word' id='word_1_139' title='bbox 494 2130 536 2152; x_wconf 90' lang='lat' dir='ltr'>ex</span> <span class='ocrx_word' id='word_1_140' title='bbox 564 2121 657 2152; x_wconf 90' lang='lat' dir='ltr'>dicto</span> <span class='ocrx_word' id='word_1_141' title='bbox 683 2122 854 2161; x_wconf 87' lang='lat' dir='ltr'>Apollonii</span> 
     </span>
     <span class='ocr_line' id='line_1_27' title="bbox 155 2170 854 2211; baseline 0.004 -11"><span class='ocrx_word' id='word_1_142' title='bbox 155 2170 297 2210; x_wconf 91' lang='lat' dir='ltr'>Tyanei,</span> <span class='ocrx_word' id='word_1_143' title='bbox 310 2170 366 2211; x_wconf 94' lang='lat' dir='ltr'>qui</span> <span class='ocrx_word' id='word_1_144' title='bbox 380 2179 421 2200; x_wconf 93' lang='lat' dir='ltr'>eo</span> <span class='ocrx_word' id='word_1_145' title='bbox 438 2174 592 2210; x_wconf 89' lang='lat' dir='ltr'>tempore</span> <span class='ocrx_word' id='word_1_146' title='bbox 610 2171 644 2201; x_wconf 88' lang='lat' dir='ltr'>in</span> <span class='ocrx_word' id='word_1_147' title='bbox 666 2171 770 2203; x_wconf 88' lang='lat' dir='ltr'>Creta</span> <span class='ocrx_word' id='word_1_148' title='bbox 786 2182 854 2203; x_wconf 92' lang='lat' dir='ltr'>mo-</span> 
     </span>
     <span class='ocr_line' id='line_1_28' title="bbox 154 2218 855 2261; baseline 0.006 -11"><span class='ocrx_word' id='word_1_149' title='bbox 154 2221 303 2259; x_wconf 86' lang='lat' dir='ltr'>rabatur,</span> <span class='ocrx_word' id='word_1_150' title='bbox 313 2219 333 2258; x_wconf 82' lang='grc' dir='ltr'>ῆ</span> <span class='ocrx_word' id='word_1_151' title='bbox 348 2218 490 2251; x_wconf 83' lang='grc' dir='ltr'>θάλαττα</span> <span class='ocrx_word' id='word_1_152' title='bbox 500 2221 561 2258; x_wconf 67' lang='grc' dir='ltr'>’γῆν</span> <span class='ocrx_word' id='word_1_153' title='bbox 576 2219 673 2261; x_wconf 81' lang='grc' dir='ltr'>ἔτεκε,</span> <span class='ocrx_word' id='word_1_154' title='bbox 684 2226 763 2253; x_wconf 86' lang='lat' dir='ltr'>nata</span> <span class='ocrx_word' id='word_1_155' title='bbox 778 2223 855 2254; x_wconf 87' lang='lat' dir='ltr'>sub-</span> 
     </span>
     <span class='ocr_line' id='line_1_29' title="bbox 154 2270 853 2305; baseline 0.007 -5"><span class='ocrx_word' id='word_1_156' title='bbox 154 2270 203 2301; x_wconf 90' lang='lat' dir='ltr'>ito</span> <span class='ocrx_word' id='word_1_157' title='bbox 230 2271 321 2301; x_wconf 91' lang='lat' dir='ltr'>inter</span> <span class='ocrx_word' id='word_1_158' title='bbox 347 2270 489 2301; x_wconf 70' lang='lat' dir='ltr'>The-ram</span> <span class='ocrx_word' id='word_1_159' title='bbox 514 2276 550 2302; x_wconf 91' lang='lat' dir='ltr'>et</span> <span class='ocrx_word' id='word_1_160' title='bbox 572 2270 708 2302; x_wconf 82' lang='lat' dir='ltr'>Cretam</span> <span class='ocrx_word' id='word_1_161' title='bbox 732 2272 853 2305; x_wconf 86' lang='lat' dir='ltr'>insula.</span> 
     </span>
     <span class='ocr_line' id='line_1_30' title="bbox 154 2318 851 2359; baseline 0.006 -10"><span class='ocrx_word' id='word_1_162' title='bbox 154 2319 384 2350; x_wconf 82' lang='lat' dir='ltr'>Philostratus</span> <span class='ocrx_word' id='word_1_163' title='bbox 411 2318 454 2350; x_wconf 87' lang='lat' dir='ltr'>de</span> <span class='ocrx_word' id='word_1_164' title='bbox 471 2319 530 2351; x_wconf 90' lang='lat' dir='ltr'>vit.</span> <span class='ocrx_word' id='word_1_165' title='bbox 558 2319 727 2359; x_wconf 89' lang='lat' dir='ltr'>Apollonii</span> <span class='ocrx_word' id='word_1_166' title='bbox 754 2330 802 2352; x_wconf 76' lang='lat' dir='ltr'>xv.</span> <span class='ocrx_word' id='word_1_167' title='bbox 819 2324 851 2353; x_wconf 85' lang='lat'>2.</span> 
     </span>
     <span class='ocr_line' id='line_1_31' title="bbox 156 2368 850 2411; baseline 0.004 -11"><span class='ocrx_word' id='word_1_168' title='bbox 156 2369 285 2406; x_wconf 78' lang='grc' dir='ltr'>Σεισμὸς</span> <span class='ocrx_word' id='word_1_169' title='bbox 315 2368 427 2408; x_wconf 80' lang='grc' dir='ltr'><strong><em>ἀθρόως</em></strong></span> <span class='ocrx_word' id='word_1_170' title='bbox 454 2370 498 2410; x_wconf 80' lang='grc' dir='ltr'>τῇ</span> <span class='ocrx_word' id='word_1_171' title='bbox 526 2369 630 2411; x_wconf 82' lang='grc' dir='ltr'>Κρήτῃ</span> <span class='ocrx_word' id='word_1_172' title='bbox 659 2370 850 2411; x_wconf 85' lang='grc' dir='ltr'>προσέβαλε.</span> 
     </span>
     <span class='ocr_line' id='line_1_32' title="bbox 156 2417 854 2459; baseline 0.01 -12"><span class='ocrx_word' id='word_1_173' title='bbox 156 2418 272 2457; x_wconf 77' lang='grc' dir='ltr'>βροντὴ</span> <span class='ocrx_word' id='word_1_174' title='bbox 291 2417 324 2448; x_wconf 86' lang='grc' dir='ltr'>δὲ</span> <span class='ocrx_word' id='word_1_175' title='bbox 345 2418 400 2449; x_wconf 79' lang='grc' dir='ltr'>οὐκ</span> <span class='ocrx_word' id='word_1_176' title='bbox 420 2419 454 2449; x_wconf 83' lang='grc' dir='ltr'>ἐκ</span> <span class='ocrx_word' id='word_1_177' title='bbox 479 2422 628 2458; x_wconf 80' lang='grc' dir='ltr'>νεφελῶν,</span> <span class='ocrx_word' id='word_1_178' title='bbox 652 2421 726 2452; x_wconf 80' lang='grc' dir='ltr'>ἀλλ’</span> <span class='ocrx_word' id='word_1_179' title='bbox 742 2423 777 2453; x_wconf 84' lang='grc' dir='ltr'>ἐκ</span> <span class='ocrx_word' id='word_1_180' title='bbox 798 2424 854 2459; x_wconf 79' lang='grc' dir='ltr'>τῆς</span> 
     </span>
     <span class='ocr_line' id='line_1_33' title="bbox 156 2468 543 2508; baseline 0.003 -8"><span class='ocrx_word' id='word_1_181' title='bbox 156 2470 215 2508; x_wconf 73' lang='grc' dir='ltr'>’γῆς</span> <span class='ocrx_word' id='word_1_182' title='bbox 230 2468 404 2508; x_wconf 79' lang='grc' dir='ltr'>ὑπήχησεν,</span> <span class='ocrx_word' id='word_1_183' title='bbox 419 2481 448 2500; x_wconf 86' lang='grc' dir='ltr'>κ.</span> <span class='ocrx_word' id='word_1_184' title='bbox 465 2481 494 2500; x_wconf 86' lang='grc' dir='ltr'>τ.</span> <span class='ocrx_word' id='word_1_185' title='bbox 510 2475 543 2502; x_wconf 89' lang='grc' dir='ltr'>λ.</span> 
     </span>
    </p>

    <p class='ocr_par' dir='ltr' id='par_1_4' title="bbox 155 2518 856 2858">
     <span class='ocr_line' id='line_1_34' title="bbox 200 2518 855 2557; baseline 0.006 -8"><span class='ocrx_word' id='word_1_186' title='bbox 200 2518 324 2549; x_wconf 79' lang='lat' dir='ltr'>Rutilio</span> <span class='ocrx_word' id='word_1_187' title='bbox 346 2519 427 2557; x_wconf 82' lang='lat' dir='ltr'>Rufo</span> <span class='ocrx_word' id='word_1_188' title='bbox 450 2519 535 2550; x_wconf 82' lang='lat' dir='ltr'>illius</span> <span class='ocrx_word' id='word_1_189' title='bbox 559 2520 669 2552; x_wconf 76' lang='lat' dir='ltr'>insulae</span> <span class='ocrx_word' id='word_1_190' title='bbox 687 2525 761 2553; x_wconf 81' lang='lat' dir='ltr'>tunc</span> <span class='ocrx_word' id='word_1_191' title='bbox 783 2532 855 2553; x_wconf 83' lang='lat' dir='ltr'>con·</span> 
     </span>
     <span class='ocr_line' id='line_1_35' title="bbox 155 2568 855 2611; baseline 0.006 -13"><span class='ocrx_word' id='word_1_192' title='bbox 155 2568 269 2608; x_wconf 82' lang='lat' dir='ltr'>sulari]</span> <span class='ocrx_word' id='word_1_193' title='bbox 295 2568 517 2609; x_wconf 83' lang='lat' dir='ltr'>Quocumque</span> <span class='ocrx_word' id='word_1_194' title='bbox 540 2571 685 2611; x_wconf 84' lang='lat' dir='ltr'>nomine,</span> <span class='ocrx_word' id='word_1_195' title='bbox 702 2571 772 2602; x_wconf 86' lang='lat' dir='ltr'>sive</span> <span class='ocrx_word' id='word_1_196' title='bbox 788 2572 855 2602; x_wconf 87' lang='lat' dir='ltr'>Ru-</span> 
     </span>
     <span class='ocr_line' id='line_1_36' title="bbox 157 2616 856 2661; baseline 0.006 -13"><span class='ocrx_word' id='word_1_197' title='bbox 157 2618 220 2648; x_wconf 81' lang='lat' dir='ltr'>tilii</span> <span class='ocrx_word' id='word_1_198' title='bbox 238 2618 309 2649; x_wconf 82' lang='lat' dir='ltr'>sive</span> <span class='ocrx_word' id='word_1_199' title='bbox 322 2618 417 2654; x_wconf 87' lang='lat' dir='ltr'>Julii,</span> <span class='ocrx_word' id='word_1_200' title='bbox 431 2616 536 2649; x_wconf 80' lang='lat' dir='ltr'>Rufus</span> <span class='ocrx_word' id='word_1_201' title='bbox 552 2619 606 2651; x_wconf 89' lang='lat' dir='ltr'>hic</span> <span class='ocrx_word' id='word_1_202' title='bbox 620 2621 788 2652; x_wconf 82' lang='lat' dir='ltr'>notandus</span> <span class='ocrx_word' id='word_1_203' title='bbox 801 2622 856 2661; x_wconf 81' lang='lat' dir='ltr'>sit,</span> 
     </span>
     <span class='ocr_line' id='line_1_37' title="bbox 158 2667 856 2710; baseline 0.006 -12"><span class='ocrx_word' id='word_1_204' title='bbox 158 2667 303 2699; x_wconf 88' lang='lat' dir='ltr'>eundem</span> <span class='ocrx_word' id='word_1_205' title='bbox 316 2677 391 2699; x_wconf 88' lang='lat' dir='ltr'>esse</span> <span class='ocrx_word' id='word_1_206' title='bbox 409 2678 545 2704; x_wconf 88' lang='lat' dir='ltr'>censeo,</span> <span class='ocrx_word' id='word_1_207' title='bbox 557 2670 702 2710; x_wconf 86' lang='lat' dir='ltr'>quicum</span> <span class='ocrx_word' id='word_1_208' title='bbox 716 2671 755 2702; x_wconf 91' lang='lat' dir='ltr'>C.</span> <span class='ocrx_word' id='word_1_209' title='bbox 770 2671 856 2702; x_wconf 88' lang='lat' dir='ltr'>Fou-</span> 
     </span>
     <span class='ocr_line' id='line_1_38' title="bbox 159 2717 856 2758; baseline 0.006 -10"><span class='ocrx_word' id='word_1_210' title='bbox 159 2718 228 2748; x_wconf 89' lang='lat' dir='ltr'>teio</span> <span class='ocrx_word' id='word_1_211' title='bbox 257 2717 427 2758; x_wconf 88' lang='lat' dir='ltr'>Capitone</span> <span class='ocrx_word' id='word_1_212' title='bbox 453 2717 570 2749; x_wconf 84' lang='lat' dir='ltr'>itidem</span> <span class='ocrx_word' id='word_1_213' title='bbox 598 2720 701 2750; x_wconf 85' lang='lat' dir='ltr'>tertio</span> <span class='ocrx_word' id='word_1_214' title='bbox 725 2719 856 2752; x_wconf 87' lang='lat' dir='ltr'>decimo</span> 
     </span>
     <span class='ocr_line' id='line_1_39' title="bbox 159 2766 854 2801; baseline 0.006 -4"><span class='ocrx_word' id='word_1_215' title='bbox 159 2767 307 2797; x_wconf 83' lang='lat' dir='ltr'>Neronis</span> <span class='ocrx_word' id='word_1_216' title='bbox 323 2776 410 2798; x_wconf 86' lang='lat' dir='ltr'>anno</span> <span class='ocrx_word' id='word_1_217' title='bbox 426 2767 550 2798; x_wconf 80' lang='lat' dir='ltr'>Consul</span> <span class='ocrx_word' id='word_1_218' title='bbox 564 2766 641 2799; x_wconf 83' lang='lat' dir='ltr'>fuit.</span> <span class='ocrx_word' id='word_1_219' title='bbox 688 2769 780 2800; x_wconf 90' lang='lat' dir='ltr'>Fasti</span> <span class='ocrx_word' id='word_1_220' title='bbox 797 2780 854 2801; x_wconf 89' lang='lat' dir='ltr'>an-</span> 
     </span>
     <span class='ocr_line' id='line_1_40' title="bbox 159 2815 856 2858; baseline 0.007 -12"><span class='ocrx_word' id='word_1_221' title='bbox 159 2816 244 2857; x_wconf 82' lang='lat' dir='ltr'>tiqui</span> <span class='ocrx_word' id='word_1_222' title='bbox 270 2815 385 2848; x_wconf 85' lang='lat' dir='ltr'>Graeci</span> <span class='ocrx_word' id='word_1_223' title='bbox 411 2815 594 2858; x_wconf 82' lang='lat' dir='ltr'>Latinique</span> <span class='ocrx_word' id='word_1_224' title='bbox 623 2816 748 2850; x_wconf 81' lang='lat' dir='ltr'>Rufum</span> <span class='ocrx_word' id='word_1_225' title='bbox 773 2818 856 2851; x_wconf 90' lang='lat' dir='ltr'>dnu-</span> 
     </span>
    </p>
   </div>
   <div class='ocr_carea' id='block_1_3' title="bbox 900 923 1609 2855">
    <p class='ocr_par' dir='ltr' id='par_1_5' title="bbox 900 923 1602 1555">
     <span class='ocr_line' id='line_1_41' title="bbox 900 923 1595 966; baseline -0.004 -10"><span class='ocrx_word' id='word_1_226' title='bbox 900 930 1005 961; x_wconf 80' lang='lat' dir='ltr'>taxat,</span> <span class='ocrx_word' id='word_1_227' title='bbox 1017 927 1143 966; x_wconf 85' lang='lat' dir='ltr'>primus</span> <span class='ocrx_word' id='word_1_228' title='bbox 1158 929 1270 957; x_wconf 81' lang='lat' dir='ltr'>autem</span> <span class='ocrx_word' id='word_1_229' title='bbox 1284 924 1371 966; x_wconf 86' lang='lat' dir='ltr'>qnod</span> <span class='ocrx_word' id='word_1_230' title='bbox 1386 923 1489 955; x_wconf 91' lang='lat' dir='ltr'>sciam</span> <span class='ocrx_word' id='word_1_231' title='bbox 1501 923 1595 954; x_wconf 88' lang='lat' dir='ltr'>Onu-</span> 
     </span>
     <span class='ocr_line' id='line_1_42' title="bbox 900 973 1593 1017; baseline -0.006 -10"><span class='ocrx_word' id='word_1_232' title='bbox 900 977 1015 1017; x_wconf 83' lang='lat' dir='ltr'>phrius</span> <span class='ocrx_word' id='word_1_233' title='bbox 1042 976 1226 1006; x_wconf 81' lang='lat' dir='ltr'>Panvinins</span> <span class='ocrx_word' id='word_1_234' title='bbox 1248 976 1285 1007; x_wconf 89' lang='lat' dir='ltr'>C.</span> <span class='ocrx_word' id='word_1_235' title='bbox 1301 976 1430 1008; x_wconf 81' lang='lat' dir='ltr'>Julinm</span> <span class='ocrx_word' id='word_1_236' title='bbox 1454 973 1593 1008; x_wconf 79' lang='lat' dir='ltr'>Rufum,</span> 
     </span>
     <span class='ocr_line' id='line_1_43' title="bbox 901 1024 1597 1065; baseline -0.006 -9"><span class='ocrx_word' id='word_1_237' title='bbox 901 1025 1099 1056; x_wconf 83' lang='lat' dir='ltr'>nominavit.</span> <span class='ocrx_word' id='word_1_238' title='bbox 1144 1024 1211 1056; x_wconf 85' lang='lat' dir='ltr'>Sed</span> <span class='ocrx_word' id='word_1_239' title='bbox 1236 1029 1377 1065; x_wconf 85' lang='lat' dir='ltr'>uterque</span> <span class='ocrx_word' id='word_1_240' title='bbox 1405 1028 1501 1064; x_wconf 86' lang='lat' dir='ltr'>parte</span> <span class='ocrx_word' id='word_1_241' title='bbox 1525 1027 1597 1053; x_wconf 79' lang='lat' dir='ltr'>tan-</span> 
     </span>
     <span class='ocr_line' id='line_1_44' title="bbox 905 1073 1598 1114; baseline -0.004 -8"><span class='ocrx_word' id='word_1_242' title='bbox 905 1080 973 1106; x_wconf 87' lang='lat' dir='ltr'>tum</span> <span class='ocrx_word' id='word_1_243' title='bbox 998 1076 1075 1106; x_wconf 90' lang='lat' dir='ltr'>anni</span> <span class='ocrx_word' id='word_1_244' title='bbox 1104 1076 1312 1106; x_wconf 75' lang='lat' dir='ltr'>consulatum</span> <span class='ocrx_word' id='word_1_245' title='bbox 1339 1074 1455 1114; x_wconf 75' lang='lat' dir='ltr'>gessit,</span> <span class='ocrx_word' id='word_1_246' title='bbox 1480 1083 1499 1104; x_wconf 88' lang='lat' dir='ltr'>a</span> <span class='ocrx_word' id='word_1_247' title='bbox 1527 1073 1598 1104; x_wconf 87' lang='lat' dir='ltr'>Ne·</span> 
     </span>
     <span class='ocr_line' id='line_1_45' title="bbox 905 1122 1598 1165; baseline -0.004 -10"><span class='ocrx_word' id='word_1_248' title='bbox 905 1134 998 1163; x_wconf 86' lang='lat' dir='ltr'>rone,</span> <span class='ocrx_word' id='word_1_249' title='bbox 1023 1124 1080 1165; x_wconf 85' lang='lat' dir='ltr'>qui</span> <span class='ocrx_word' id='word_1_250' title='bbox 1106 1124 1138 1154; x_wconf 87' lang='lat' dir='ltr'>in</span> <span class='ocrx_word' id='word_1_251' title='bbox 1163 1125 1339 1165; x_wconf 82' lang='lat' dir='ltr'>utriusque</span> <span class='ocrx_word' id='word_1_252' title='bbox 1369 1124 1478 1154; x_wconf 89' lang='lat' dir='ltr'>locum</span> <span class='ocrx_word' id='word_1_253' title='bbox 1507 1122 1598 1153; x_wconf 80' lang='lat' dir='ltr'>solus</span> 
     </span>
     <span class='ocr_line' id='line_1_46' title="bbox 905 1171 1600 1214; baseline -0.004 -9"><span class='ocrx_word' id='word_1_254' title='bbox 905 1174 993 1212; x_wconf 89' lang='lat' dir='ltr'>iniit,</span> <span class='ocrx_word' id='word_1_255' title='bbox 1022 1180 1100 1205; x_wconf 82' lang='lat' dir='ltr'>ante</span> <span class='ocrx_word' id='word_1_256' title='bbox 1131 1178 1262 1214; x_wconf 82' lang='lat' dir='ltr'>tempus</span> <span class='ocrx_word' id='word_1_257' title='bbox 1296 1174 1421 1205; x_wconf 81' lang='lat' dir='ltr'>honore</span> <span class='ocrx_word' id='word_1_258' title='bbox 1452 1171 1600 1212; x_wconf 84' lang='lat' dir='ltr'>privati:</span> 
     </span>
     <span class='ocr_line' id='line_1_47' title="bbox 905 1221 1600 1264; baseline -0.004 -9"><span class='ocrx_word' id='word_1_259' title='bbox 905 1232 1006 1264; x_wconf 87' lang='lat' dir='ltr'>atque</span> <span class='ocrx_word' id='word_1_260' title='bbox 1033 1224 1150 1254; x_wconf 87' lang='lat' dir='ltr'>eodem</span> <span class='ocrx_word' id='word_1_261' title='bbox 1185 1224 1294 1254; x_wconf 85' lang='lat' dir='ltr'>adhuc</span> <span class='ocrx_word' id='word_1_262' title='bbox 1324 1233 1412 1254; x_wconf 89' lang='lat' dir='ltr'>anno</span> <span class='ocrx_word' id='word_1_263' title='bbox 1442 1221 1600 1262; x_wconf 84' lang='lat' dir='ltr'>Capitoni</span> 
     </span>
     <span class='ocr_line' id='line_1_48' title="bbox 905 1273 1601 1314; baseline -0.006 -8"><span class='ocrx_word' id='word_1_264' title='bbox 905 1275 1088 1306; x_wconf 80' lang='lat' dir='ltr'>Germania</span> <span class='ocrx_word' id='word_1_265' title='bbox 1114 1273 1262 1314; x_wconf 82' lang='lat' dir='ltr'>inferior,</span> <span class='ocrx_word' id='word_1_266' title='bbox 1286 1274 1386 1313; x_wconf 83' lang='lat' dir='ltr'>Rufo,</span> <span class='ocrx_word' id='word_1_267' title='bbox 1408 1277 1444 1304; x_wconf 88' lang='lat' dir='ltr'>nt</span> <span class='ocrx_word' id='word_1_268' title='bbox 1469 1274 1601 1313; x_wconf 85' lang='lat' dir='ltr'>opinor,</span> 
     </span>
     <span class='ocr_line' id='line_1_49' title="bbox 905 1322 1602 1365; baseline -0.004 -10"><span class='ocrx_word' id='word_1_269' title='bbox 905 1324 1095 1365; x_wconf 80' lang='lat' dir='ltr'>Cyrenaica</span> <span class='ocrx_word' id='word_1_270' title='bbox 1111 1330 1145 1355; x_wconf 91' lang='lat' dir='ltr'>et</span> <span class='ocrx_word' id='word_1_271' title='bbox 1162 1325 1264 1355; x_wconf 82' lang='lat' dir='ltr'>Creta</span> <span class='ocrx_word' id='word_1_272' title='bbox 1281 1323 1453 1364; x_wconf 84' lang='lat' dir='ltr'>provincia</span> <span class='ocrx_word' id='word_1_273' title='bbox 1466 1322 1602 1362; x_wconf 84' lang='lat' dir='ltr'>obtigit.</span> 
     </span>
     <span class='ocr_line' id='line_1_50' title="bbox 906 1372 1600 1414; baseline -0.004 -9"><span class='ocrx_word' id='word_1_274' title='bbox 906 1375 997 1405; x_wconf 84' lang='lat' dir='ltr'>Vere</span> <span class='ocrx_word' id='word_1_275' title='bbox 1013 1375 1040 1405; x_wconf 84' lang='lat' dir='ltr'>is</span> <span class='ocrx_word' id='word_1_276' title='bbox 1053 1375 1179 1414; x_wconf 84' lang='lat' dir='ltr'>itaque,</span> <span class='ocrx_word' id='word_1_277' title='bbox 1192 1380 1224 1404; x_wconf 86' lang='lat' dir='ltr'>et</span> <span class='ocrx_word' id='word_1_278' title='bbox 1238 1373 1404 1413; x_wconf 77' lang='lat' dir='ltr'>Augustei</span> <span class='ocrx_word' id='word_1_279' title='bbox 1417 1373 1479 1404; x_wconf 82' lang='lat' dir='ltr'>aevi</span> <span class='ocrx_word' id='word_1_280' title='bbox 1497 1372 1600 1413; x_wconf 86' lang='lat' dir='ltr'>stylo,</span> 
     </span>
     <span class='ocr_line' id='line_1_51' title="bbox 905 1420 1597 1462; baseline -0.006 -7"><span class='ocrx_word' id='word_1_281' title='bbox 905 1424 1113 1462; x_wconf 80' lang='lat' dir='ltr'>Consularis,</span> <span class='ocrx_word' id='word_1_282' title='bbox 1138 1433 1186 1454; x_wconf 87' lang='lat' dir='ltr'>sc.</span> <span class='ocrx_word' id='word_1_283' title='bbox 1234 1424 1399 1462; x_wconf 78' lang='lat' dir='ltr'>Legatns:</span> <span class='ocrx_word' id='word_1_284' title='bbox 1424 1420 1597 1453; x_wconf 82' lang='grc' dir='ltr'>ἀνθύπατος</span> 
     </span>
     <span class='ocr_line' id='line_1_52' title="bbox 906 1471 1601 1514; baseline -0.003 -10"><span class='ocrx_word' id='word_1_285' title='bbox 906 1474 941 1505; x_wconf 78' lang='grc' dir='ltr'>ἐκ</span> <span class='ocrx_word' id='word_1_286' title='bbox 961 1476 1024 1505; x_wconf 83' lang='grc' dir='ltr'>τῶν</span> <span class='ocrx_word' id='word_1_287' title='bbox 1047 1472 1271 1513; x_wconf 75' lang='grc' dir='ltr'>ὑπατευκότων,</span> <span class='ocrx_word' id='word_1_288' title='bbox 1286 1473 1327 1503; x_wconf 86' lang='lat' dir='ltr'>de</span> <span class='ocrx_word' id='word_1_289' title='bbox 1352 1473 1469 1514; x_wconf 80' lang='lat' dir='ltr'>quibus</span> <span class='ocrx_word' id='word_1_290' title='bbox 1487 1471 1601 1503; x_wconf 85' lang='lat' dir='ltr'>viden·</span> 
     </span>
     <span class='ocr_line' id='line_1_53' title="bbox 906 1524 1142 1555; baseline -0.004 0"><span class='ocrx_word' id='word_1_291' title='bbox 906 1524 967 1555; x_wconf 85' lang='lat' dir='ltr'>dus</span> <span class='ocrx_word' id='word_1_292' title='bbox 982 1524 1046 1554; x_wconf 90' lang='lat' dir='ltr'>Dio</span> <span class='ocrx_word' id='word_1_293' title='bbox 1064 1532 1142 1555; x_wconf 76' lang='lat' dir='ltr'>Lm.</span> 
     </span>
    </p>

    <p class='ocr_par' dir='ltr' id='par_1_6' title="bbox 904 1571 1609 2154">
     <span class='ocr_line' id='line_1_54' title="bbox 948 1571 1603 1612; baseline -0.002 -7"><span class='ocrx_word' id='word_1_294' title='bbox 948 1574 1002 1605; x_wconf 69' lang='lat' dir='ltr'>Aa</span> <span class='ocrx_word' id='word_1_295' title='bbox 1013 1574 1168 1605; x_wconf 78' lang='lat' dir='ltr'>Neronem</span> <span class='ocrx_word' id='word_1_296' title='bbox 1179 1572 1370 1612; x_wconf 79' lang='lat' dir='ltr'>transmisit]</span> <span class='ocrx_word' id='word_1_297' title='bbox 1395 1572 1444 1602; x_wconf 84' lang='lat' dir='ltr'>Ex</span> <span class='ocrx_word' id='word_1_298' title='bbox 1453 1571 1603 1604; x_wconf 82' lang='lat' dir='ltr'>Achaica</span> 
     </span>
     <span class='ocr_line' id='line_1_55' title="bbox 907 1622 1603 1664; baseline -0.004 -9"><span class='ocrx_word' id='word_1_299' title='bbox 907 1624 1183 1664; x_wconf 86' lang='lat' dir='ltr'>peregrinatione</span> <span class='ocrx_word' id='word_1_300' title='bbox 1221 1622 1392 1658; x_wconf 87' lang='lat' dir='ltr'>reducem,</span> <span class='ocrx_word' id='word_1_301' title='bbox 1422 1632 1496 1663; x_wconf 87' lang='lat' dir='ltr'>quae</span> <span class='ocrx_word' id='word_1_302' title='bbox 1534 1622 1603 1653; x_wconf 88' lang='lat' dir='ltr'>Eu-</span> 
     </span>
     <span class='ocr_line' id='line_1_56' title="bbox 905 1672 1602 1715; baseline -0.003 -10"><span class='ocrx_word' id='word_1_303' title='bbox 905 1674 1080 1715; x_wconf 84' lang='lat' dir='ltr'>praxidem</span> <span class='ocrx_word' id='word_1_304' title='bbox 1098 1673 1169 1704; x_wconf 86' lang='lat' dir='ltr'>sive</span> <span class='ocrx_word' id='word_1_305' title='bbox 1187 1673 1286 1703; x_wconf 83' lang='lat' dir='ltr'>alium</span> <span class='ocrx_word' id='word_1_306' title='bbox 1311 1673 1504 1712; x_wconf 82' lang='lat' dir='ltr'>qnempiam</span> <span class='ocrx_word' id='word_1_307' title='bbox 1521 1672 1602 1703; x_wconf 82' lang='lat' dir='ltr'>Cre-</span> 
     </span>
     <span class='ocr_line' id='line_1_57' title="bbox 905 1721 1601 1763; baseline -0.006 -7"><span class='ocrx_word' id='word_1_308' title='bbox 905 1725 1047 1756; x_wconf 86' lang='lat' dir='ltr'>tensium</span> <span class='ocrx_word' id='word_1_309' title='bbox 1064 1723 1111 1755; x_wconf 76' lang='grc' dir='ltr'>ἆεὶ</span> <span class='ocrx_word' id='word_1_310' title='bbox 1127 1721 1269 1763; x_wconf 79' lang='grc' dir='ltr'>ψεύστων</span> <span class='ocrx_word' id='word_1_311' title='bbox 1282 1723 1442 1754; x_wconf 84' lang='lat' dir='ltr'>invitasse</span> <span class='ocrx_word' id='word_1_312' title='bbox 1455 1722 1601 1757; x_wconf 86' lang='lat' dir='ltr'>videtur,</span> 
     </span>
     <span class='ocr_line' id='line_1_58' title="bbox 904 1771 1603 1814; baseline -0.004 -9"><span class='ocrx_word' id='word_1_313' title='bbox 904 1778 943 1805; x_wconf 86' lang='lat' dir='ltr'>ut</span> <span class='ocrx_word' id='word_1_314' title='bbox 963 1783 981 1805; x_wconf 92' lang='lat' dir='ltr'>e</span> <span class='ocrx_word' id='word_1_315' title='bbox 997 1773 1097 1814; x_wconf 88' lang='lat' dir='ltr'>copia</span> <span class='ocrx_word' id='word_1_316' title='bbox 1120 1773 1334 1813; x_wconf 82' lang='lat' dir='ltr'>scriptorum,</span> <span class='ocrx_word' id='word_1_317' title='bbox 1358 1772 1414 1812; x_wconf 91' lang='lat' dir='ltr'>qni</span> <span class='ocrx_word' id='word_1_318' title='bbox 1436 1771 1479 1802; x_wconf 92' lang='lat' dir='ltr'>de</span> <span class='ocrx_word' id='word_1_319' title='bbox 1505 1771 1603 1802; x_wconf 87' lang='lat' dir='ltr'>Bello</span> 
     </span>
     <span class='ocr_line' id='line_1_59' title="bbox 906 1821 1602 1864; baseline -0.007 -9"><span class='ocrx_word' id='word_1_320' title='bbox 906 1823 1053 1864; x_wconf 88' lang='lat' dir='ltr'>Trojano</span> <span class='ocrx_word' id='word_1_321' title='bbox 1069 1824 1140 1863; x_wconf 88' lang='lat' dir='ltr'>jam</span> <span class='ocrx_word' id='word_1_322' title='bbox 1168 1827 1238 1853; x_wconf 90' lang='lat' dir='ltr'>tum</span> <span class='ocrx_word' id='word_1_323' title='bbox 1264 1821 1439 1860; x_wconf 86' lang='lat' dir='ltr'>extabant,</span> <span class='ocrx_word' id='word_1_324' title='bbox 1457 1821 1602 1861; x_wconf 85' lang='lat' dir='ltr'>aliquem</span> 
     </span>
     <span class='ocr_line' id='line_1_60' title="bbox 908 1870 1604 1915; baseline -0.007 -10"><span class='ocrx_word' id='word_1_325' title='bbox 908 1884 969 1915; x_wconf 85' lang='lat' dir='ltr'>pro</span> <span class='ocrx_word' id='word_1_326' title='bbox 993 1874 1096 1914; x_wconf 87' lang='lat' dir='ltr'>Dicty</span> <span class='ocrx_word' id='word_1_327' title='bbox 1112 1871 1325 1906; x_wconf 68' lang='lat' dir='ltr'>obtunderet,</span> <span class='ocrx_word' id='word_1_328' title='bbox 1350 1875 1451 1912; x_wconf 87' lang='lat' dir='ltr'>atque</span> <span class='ocrx_word' id='word_1_329' title='bbox 1473 1870 1604 1901; x_wconf 86' lang='lat' dir='ltr'>Princi-</span> 
     </span>
     <span class='ocr_line' id='line_1_61' title="bbox 909 1920 1609 1964; baseline -0.006 -10"><span class='ocrx_word' id='word_1_330' title='bbox 909 1933 985 1964; x_wconf 89' lang='lat' dir='ltr'>pem</span> <span class='ocrx_word' id='word_1_331' title='bbox 1009 1932 1050 1954; x_wconf 93' lang='lat' dir='ltr'>eo</span> <span class='ocrx_word' id='word_1_332' title='bbox 1066 1926 1261 1962; x_wconf 88' lang='lat' dir='ltr'>argumento</span> <span class='ocrx_word' id='word_1_333' title='bbox 1283 1920 1451 1952; x_wconf 88' lang='lat' dir='ltr'>demereri</span> <span class='ocrx_word' id='word_1_334' title='bbox 1468 1925 1609 1952; x_wconf 88' lang='lat' dir='ltr'>conten-</span> 
     </span>
     <span class='ocr_line' id='line_1_62' title="bbox 908 1971 1605 2013; baseline -0.006 -9"><span class='ocrx_word' id='word_1_335' title='bbox 908 1973 1017 2011; x_wconf 87' lang='lat' dir='ltr'>deret,</span> <span class='ocrx_word' id='word_1_336' title='bbox 1040 1972 1129 2013; x_wconf 88' lang='lat' dir='ltr'>qnod</span> <span class='ocrx_word' id='word_1_337' title='bbox 1155 1981 1221 2002; x_wconf 91' lang='lat' dir='ltr'>non</span> <span class='ocrx_word' id='word_1_338' title='bbox 1247 1971 1451 2002; x_wconf 84' lang='lat' dir='ltr'>aestimatum</span> <span class='ocrx_word' id='word_1_339' title='bbox 1482 1971 1605 2001; x_wconf 83' lang='lat' dir='ltr'>saltem</span> 
     </span>
     <span class='ocr_line' id='line_1_63' title="bbox 907 2021 1603 2060; baseline -0.007 -6"><span class='ocrx_word' id='word_1_340' title='bbox 907 2024 967 2058; x_wconf 87' lang='lat' dir='ltr'>illi,</span> <span class='ocrx_word' id='word_1_341' title='bbox 983 2022 1042 2054; x_wconf 87' lang='lat' dir='ltr'>sed</span> <span class='ocrx_word' id='word_1_342' title='bbox 1059 2021 1231 2053; x_wconf 88' lang='lat' dir='ltr'>excultum</span> <span class='ocrx_word' id='word_1_343' title='bbox 1251 2029 1454 2060; x_wconf 80' lang='lat' dir='ltr'>magnopere</span> <span class='ocrx_word' id='word_1_344' title='bbox 1471 2023 1603 2050; x_wconf 83' lang='lat' dir='ltr'>consta-</span> 
     </span>
     <span class='ocr_line' id='line_1_64' title="bbox 908 2068 1603 2112; baseline -0.009 -8"><span class='ocrx_word' id='word_1_345' title='bbox 908 2074 966 2104; x_wconf 82' lang='lat' dir='ltr'>bat</span> <span class='ocrx_word' id='word_1_346' title='bbox 981 2083 990 2111; x_wconf 91' lang='lat'>;</span> <span class='ocrx_word' id='word_1_347' title='bbox 1013 2072 1149 2112; x_wconf 83' lang='lat' dir='ltr'>scriptis</span> <span class='ocrx_word' id='word_1_348' title='bbox 1162 2071 1289 2111; x_wconf 87' lang='lat' dir='ltr'>quippe</span> <span class='ocrx_word' id='word_1_349' title='bbox 1306 2070 1315 2086; x_wconf 82' lang='lat'><strong><em>⁴</em></strong></span> <span class='ocrx_word' id='word_1_350' title='bbox 1327 2068 1482 2109; x_wconf 78' lang='lat' dir='ltr'>Troicis‚&#39;</span> <span class='ocrx_word' id='word_1_351' title='bbox 1497 2078 1535 2100; x_wconf 84' lang='lat' dir='ltr'>ac</span> <span class='ocrx_word' id='word_1_352' title='bbox 1546 2068 1603 2099; x_wconf 91' lang='lat' dir='ltr'>de-</span> 
     </span>
     <span class='ocr_line' id='line_1_65' title="bbox 908 2117 1433 2154; baseline -0.011 0"><span class='ocrx_word' id='word_1_353' title='bbox 908 2127 1048 2154; x_wconf 84' lang='lat' dir='ltr'>cantata</span> <span class='ocrx_word' id='word_1_354' title='bbox 1062 2121 1205 2152; x_wconf 83' lang='lat' dir='ltr'>subinde</span> <span class='ocrx_word' id='word_1_355' title='bbox 1222 2120 1277 2150; x_wconf 83' lang='lat' dir='ltr'>Ilii</span> <span class='ocrx_word' id='word_1_356' title='bbox 1293 2117 1433 2150; x_wconf 80' lang='grc' dir='ltr'>Ἀλώσει.</span> 
     </span>
    </p>

    <p class='ocr_par' dir='ltr' id='par_1_7' title="bbox 906 2167 1609 2611">
     <span class='ocr_line' id='line_1_66' title="bbox 951 2167 1606 2202; baseline -0.009 -1"><span class='ocrx_word' id='word_1_357' title='bbox 951 2170 1135 2202; x_wconf 77' lang='lat' dir='ltr'>Muneribus</span> <span class='ocrx_word' id='word_1_358' title='bbox 1155 2172 1185 2200; x_wconf 81' lang='lat' dir='ltr'>et</span> <span class='ocrx_word' id='word_1_359' title='bbox 1203 2168 1344 2199; x_wconf 78' lang='lat' dir='ltr'>Romana</span> <span class='ocrx_word' id='word_1_360' title='bbox 1363 2167 1490 2198; x_wconf 76' lang='lat' dir='ltr'>civitate</span> <span class='ocrx_word' id='word_1_361' title='bbox 1512 2167 1606 2196; x_wconf 73' lang='lat' dir='ltr'>‹lonn-</span> 
     </span>
     <span class='ocr_line' id='line_1_67' title="bbox 908 2217 1607 2262; baseline -0.01 -9"><span class='ocrx_word' id='word_1_362' title='bbox 908 2222 991 2262; x_wconf 81' lang='lat' dir='ltr'>tum]</span> <span class='ocrx_word' id='word_1_363' title='bbox 1025 2221 1112 2251; x_wconf 87' lang='lat' dir='ltr'>Msc.</span> <span class='ocrx_word' id='word_1_364' title='bbox 1136 2219 1218 2259; x_wconf 85' lang='lat' dir='ltr'>Arg.</span> <span class='ocrx_word' id='word_1_365' title='bbox 1243 2218 1418 2249; x_wconf 77' lang='lat' dir='ltr'>muneribus</span> <span class='ocrx_word' id='word_1_366' title='bbox 1433 2227 1449 2248; x_wconf 82' lang='lat' dir='ltr'>e</span> <span class='ocrx_word' id='word_1_367' title='bbox 1465 2217 1607 2247; x_wconf 83' lang='lat' dir='ltr'>Romana</span> 
     </span>
     <span class='ocr_line' id='line_1_68' title="bbox 906 2267 1604 2306; baseline -0.01 -2"><span class='ocrx_word' id='word_1_368' title='bbox 906 2272 1052 2304; x_wconf 77' lang='lat' dir='ltr'>civitate:</span> <span class='ocrx_word' id='word_1_369' title='bbox 1080 2270 1178 2301; x_wconf 83' lang='lat' dir='ltr'>male.</span> <span class='ocrx_word' id='word_1_370' title='bbox 1222 2268 1278 2300; x_wconf 84' lang='lat' dir='ltr'>Ita</span> <span class='ocrx_word' id='word_1_371' title='bbox 1301 2267 1364 2299; x_wconf 86' lang='lat' dir='ltr'>snb</span> <span class='ocrx_word' id='word_1_372' title='bbox 1388 2267 1478 2298; x_wconf 91' lang='lat' dir='ltr'>idem</span> <span class='ocrx_word' id='word_1_373' title='bbox 1506 2267 1604 2306; x_wconf 82' lang='lat' dir='ltr'>plane</span> 
     </span>
     <span class='ocr_line' id='line_1_69' title="bbox 906 2319 1608 2361; baseline -0.01 -8"><span class='ocrx_word' id='word_1_374' title='bbox 906 2329 1037 2361; x_wconf 85' lang='lat' dir='ltr'>tempus</span> <span class='ocrx_word' id='word_1_375' title='bbox 1052 2319 1196 2352; x_wconf 63' lang='lat' dir='ltr'>,ludices</span> <span class='ocrx_word' id='word_1_376' title='bbox 1219 2326 1355 2358; x_wconf 84' lang='lat' dir='ltr'>quoque</span> <span class='ocrx_word' id='word_1_377' title='bbox 1379 2326 1513 2348; x_wconf 86' lang='lat' dir='ltr'>suorum</span> <span class='ocrx_word' id='word_1_378' title='bbox 1536 2326 1608 2348; x_wconf 90' lang='lat' dir='ltr'>cer-</span> 
     </span>
     <span class='ocr_line' id='line_1_70' title="bbox 907 2366 1606 2403; baseline -0.01 0"><span class='ocrx_word' id='word_1_379' title='bbox 907 2371 1067 2403; x_wconf 86' lang='lat' dir='ltr'>taminum</span> <span class='ocrx_word' id='word_1_380' title='bbox 1101 2371 1334 2400; x_wconf 81' lang='lat' dir='ltr'>remuneratus</span> <span class='ocrx_word' id='word_1_381' title='bbox 1359 2366 1471 2397; x_wconf 80' lang='lat' dir='ltr'>fuerat</span> <span class='ocrx_word' id='word_1_382' title='bbox 1500 2367 1606 2397; x_wconf 85' lang='lat' dir='ltr'>Nero.</span> 
     </span>
     <span class='ocr_line' id='line_1_71' title="bbox 906 2415 1605 2456; baseline -0.007 -5"><span class='ocrx_word' id='word_1_383' title='bbox 906 2422 1045 2452; x_wconf 85' lang='lat' dir='ltr'>Sueton.</span> <span class='ocrx_word' id='word_1_384' title='bbox 1061 2421 1115 2450; x_wconf 81' lang='lat'>29.</span> <span class='ocrx_word' id='word_1_385' title='bbox 1139 2418 1148 2434; x_wconf 91' lang='lat'>‘</span> <span class='ocrx_word' id='word_1_386' title='bbox 1168 2416 1348 2448; x_wconf 63' lang='lat' dir='ltr'>Dect-dens</span> <span class='ocrx_word' id='word_1_387' title='bbox 1374 2415 1504 2447; x_wconf 80' lang='lat' dir='ltr'>Achaia</span> <span class='ocrx_word' id='word_1_388' title='bbox 1530 2426 1605 2456; x_wconf 91' lang='lat' dir='ltr'>pro-</span> 
     </span>
     <span class='ocr_line' id='line_1_72' title="bbox 909 2465 1606 2501; baseline -0.009 0"><span class='ocrx_word' id='word_1_389' title='bbox 909 2471 1053 2501; x_wconf 83' lang='lat' dir='ltr'>vinciam</span> <span class='ocrx_word' id='word_1_390' title='bbox 1067 2468 1258 2498; x_wconf 82' lang='lat' dir='ltr'>universam</span> <span class='ocrx_word' id='word_1_391' title='bbox 1275 2466 1432 2497; x_wconf 84' lang='lat' dir='ltr'>libertate</span> <span class='ocrx_word' id='word_1_392' title='bbox 1446 2465 1606 2496; x_wconf 83' lang='lat' dir='ltr'>donavit:</span> 
     </span>
     <span class='ocr_line' id='line_1_73' title="bbox 910 2516 1609 2559; baseline -0.007 -9"><span class='ocrx_word' id='word_1_393' title='bbox 910 2520 1074 2559; x_wconf 86' lang='lat' dir='ltr'>simulque</span> <span class='ocrx_word' id='word_1_394' title='bbox 1088 2517 1222 2558; x_wconf 83' lang='lat' dir='ltr'>judices</span> <span class='ocrx_word' id='word_1_395' title='bbox 1239 2516 1378 2547; x_wconf 89' lang='lat' dir='ltr'>civitate</span> <span class='ocrx_word' id='word_1_396' title='bbox 1395 2516 1557 2550; x_wconf 80' lang='lat' dir='ltr'>Romana,</span> <span class='ocrx_word' id='word_1_397' title='bbox 1573 2521 1609 2546; x_wconf 88' lang='lat' dir='ltr'>et</span> 
     </span>
     <span class='ocr_line' id='line_1_74' title="bbox 912 2565 1217 2611; baseline -0.013 -11"><span class='ocrx_word' id='word_1_398' title='bbox 912 2570 1056 2611; x_wconf 85' lang='lat' dir='ltr'>pecunia</span> <span class='ocrx_word' id='word_1_399' title='bbox 1072 2565 1217 2607; x_wconf 63' lang='lat' dir='ltr'>grandi!</span> 
     </span>
    </p>

    <p class='ocr_par' dir='ltr' id='par_1_8' title="bbox 910 2615 1607 2855">
     <span class='ocr_line' id='line_1_75' title="bbox 956 2615 1607 2655; baseline -0.005 -5"><span class='ocrx_word' id='word_1_400' title='bbox 956 2620 993 2650; x_wconf 88' lang='lat' dir='ltr'>In</span> <span class='ocrx_word' id='word_1_401' title='bbox 1009 2619 1152 2649; x_wconf 62' lang='lat' dir='ltr'>Graecam</span> <span class='ocrx_word' id='word_1_402' title='bbox 1164 2615 1391 2647; x_wconf 79' lang='lat' dir='ltr'>Bibliothecam</span> <span class='ocrx_word' id='word_1_403' title='bbox 1406 2615 1537 2655; x_wconf 80' lang='lat' dir='ltr'>recepit]</span> <span class='ocrx_word' id='word_1_404' title='bbox 1552 2616 1607 2647; x_wconf 87' lang='lat' dir='ltr'>De</span> 
     </span>
     <span class='ocr_line' id='line_1_76' title="bbox 911 2665 1607 2705; baseline -0.01 -3"><span class='ocrx_word' id='word_1_405' title='bbox 911 2670 972 2701; x_wconf 86' lang='lat' dir='ltr'>hac</span> <span class='ocrx_word' id='word_1_406' title='bbox 1010 2670 1152 2700; x_wconf 87' lang='lat' dir='ltr'>Sueton.</span> <span class='ocrx_word' id='word_1_407' title='bbox 1190 2666 1279 2705; x_wconf 79' lang='lat' dir='ltr'>Aug.</span> <span class='ocrx_word' id='word_1_408' title='bbox 1310 2667 1364 2696; x_wconf 83' lang='lat'>29.</span> <span class='ocrx_word' id='word_1_409' title='bbox 1408 2670 1416 2682; x_wconf 85' lang='lat'>‘</span> <span class='ocrx_word' id='word_1_410' title='bbox 1431 2665 1607 2705; x_wconf 86' lang='lat' dir='ltr'>Templum</span> 
     </span>
     <span class='ocr_line' id='line_1_77' title="bbox 911 2714 1607 2759; baseline -0.009 -9"><span class='ocrx_word' id='word_1_411' title='bbox 911 2718 1080 2759; x_wconf 86' lang='lat' dir='ltr'>Apollinis</span> <span class='ocrx_word' id='word_1_412' title='bbox 1107 2717 1142 2747; x_wconf 89' lang='lat' dir='ltr'>in</span> <span class='ocrx_word' id='word_1_413' title='bbox 1168 2718 1266 2755; x_wconf 87' lang='lat' dir='ltr'>parte</span> <span class='ocrx_word' id='word_1_414' title='bbox 1294 2714 1460 2744; x_wconf 71' lang='lat' dir='ltr'>Palatinae</span> <span class='ocrx_word' id='word_1_415' title='bbox 1490 2715 1607 2745; x_wconf 85' lang='lat' dir='ltr'>domus</span> 
     </span>
     <span class='ocr_line' id='line_1_78' title="bbox 910 2764 1607 2804; baseline -0.007 -3"><span class='ocrx_word' id='word_1_416' title='bbox 910 2767 1086 2801; x_wconf 89' lang='lat' dir='ltr'>excitavit.</span> <span class='ocrx_word' id='word_1_417' title='bbox 1133 2764 1277 2796; x_wconf 86' lang='lat' dir='ltr'>Addidit</span> <span class='ocrx_word' id='word_1_418' title='bbox 1294 2764 1442 2804; x_wconf 88' lang='lat' dir='ltr'>porticus</span> <span class='ocrx_word' id='word_1_419' title='bbox 1457 2773 1534 2796; x_wconf 87' lang='lat' dir='ltr'>cnm</span> <span class='ocrx_word' id='word_1_420' title='bbox 1553 2765 1607 2796; x_wconf 78' lang='lat' dir='ltr'>Bi-</span> 
     </span>
     <span class='ocr_line' id='line_1_79' title="bbox 911 2813 1452 2855; baseline -0.011 -4"><span class='ocrx_word' id='word_1_421' title='bbox 911 2819 1080 2851; x_wconf 79' lang='lat' dir='ltr'>bliotheca</span> <span class='ocrx_word' id='word_1_422' title='bbox 1097 2815 1219 2848; x_wconf 85' lang='lat' dir='ltr'>Latina</span> <span class='ocrx_word' id='word_1_423' title='bbox 1235 2813 1452 2855; x_wconf 81' lang='lat' dir='ltr'>G1·aecaqne.&#39;</span> 
     </span>
    </p>
   </div>
  </div>
 </body>
</html>
