1889 3194
486 359 549 387 DE
582 358 738 388 BELLO
771 358 997 388 TROJANO
1032 359 1128 390 LIB.
1162 360 1193 388 Ι.

1477 349 1562 391 387

120 449 338 491 Coelestes
360 449 492 491 docui
509 465 681 493 mecum
704 453 850 505 vagire
871 452 1099 502 dracones,

119 517 413 570 Praevenique
434 519 576 559 minas
589 519 608 558 'i
638 518 774 572 pudet
792 519 888 568 hen,
908 519 989 567 vir,
1010 520 1168 568 victor,
1186 519 1381 568 adultus,

1479 518 1563 559 265

120 583 374 624 Barbaricis
396 585 524 634 cessi,
544 599 631 626 non
649 587 747 627 viso
769 586 918 636 milite,
931 585 1101 639 jussus.

122 649 239 702 Ergo
261 650 390 692 minis
409 651 675 705 frangendus
696 666 814 695 eram
829 655 848 694 ’ἒ
879 654 989 707 proh
1006 654 1098 694 fata
1118 654 1338 707 pudenda,

121 717 241 758 Proh
260 717 423 758 crimen
443 732 665 772 superum,
687 720 866 774 fatoque
883 721 1112 761 immanior
1129 721 1248 761 omni

122 782 292 824 Nescio
314 785 417 837 quis
437 785 567 827 famae
587 788 788 828 meritum
808 788 965 828 scidit:
997 801 1120 829 arma
1139 788 1359 837 tenebam,

123 848 222 889 Nec
244 849 424 891 deerant
442 851 615 904 hostes;
647 854 661 893 i
679 866 810 903 nunc,
831 857 876 894 et
891 854 1044 907 prisca
1063 854 1313 904 revolvens,

1483 854 1568 895 270

123 915 377 968 Privignum
393 918 549 959 mirare
568 923 708 970 tuum,
728 920 757 960 J
763 920 860 961 ovis
881 921 1041 975 inclyta
1059 921 1238 976 conjux,

121 981 301 1031 vicisti,
320 983 476 1034 fateor,
495 985 603 1038 fugi,
624 986 807 1027 victoria
826 1000 998 1028 summa

123 1048 315 1090 Alciden
335 1050 499 1103 fugisse
519 1053 626 1094 fuit:
658 1066 869 1095 rursusne
889 1067 1087 1096 severum

125 1116 316 1168 Dignere
337 1119 544 1160 artificem
565 1121 728 1161 nostris
750 1121 996 1175 Eurysthea
1017 1122 1166 1175 poenis
1183 1124 1202 1162 ’ἕ

126 1183 175 1224 Si
196 1183 382 1224 Lernam
405 1185 606 1237 edomui3
639 1188 677 1228 si
699 1187 916 1228 Cerberus
938 1201 1010 1229 ore
1031 1189 1212 1229 trifauci

127 1249 181 1290 In
202 1251 426 1303 scopulos,
448 1252 659 1302 Dodona,
680 1257 779 1294 tuos
800 1255 977 1295 aconita
992 1254 1175 1305 refudit3

127 1317 176 1358 Si
197 1319 344 1370 gravis
364 1318 552 1360 Antaeus
573 1324 738 1372 gratam
761 1333 1004 1373 suspensus
1027 1334 1202 1362 arenam

128 1384 369 1435 Dedidicit,
388 1387 574 1427 mirante
595 1386 748 1438 Rhea;
781 1387 820 1427 si
842 1391 990 1427 cetera
1010 1387 1162 1428 mundi

130 1451 334 1493 Monstra
353 1453 604 1507 triumphali
626 1453 757 1506 potui
773 1466 1029 1494 consumere
1049 1454 1233 1504 dextra;

128 1519 180 1559 In
203 1518 438 1572 Phrygios,
460 1519 662 1560 dicamne
685 1519 834 1560 viros?
867 1519 1144 1573 humanaque
1164 1521 1279 1561 bella

1492 1519 1577 1560 ‘280

130 1584 401 1638 Depotuisse
422 1586 590 1640 pudet?
623 1585 703 1627 sed
725 1600 802 1627 cur
824 1587 940 1627 clare
963 1592 1065 1628 acta
1084 1588 1261 1629 revolvo
1275 1589 1293 1629 ’ἰ

130 1651 349 1706 Degeneri
370 1654 548 1706 gravius
568 1654 744 1695 accedit
762 1654 904 1707 gloria
923 1655 1057 1695 sacto.

787 1752 926 1784 NOTAE

171 1816 234 1846 269
252 1814 366 1845 Nescio
382 1816 450 1855 quis
452 1815 552 1853 famae
564 1817 709 1848 meritum
721 1816 830 1857 scidit]

130 1863 226 1902 virg.
242 1864 276 1894 in
290 1865 381 1896 Ciri:
404 1865 414 1881 ‘
426 1871 556 1906 optatae
570 1876 647 1907 spes
672 1871 725 1898 est
745 1867 829 1898 inci-

131 1923 169 1944 sa
181 1914 323 1947 salutis!
365 1915 462 1956 Virg.
487 1919 497 1934 ‘
509 1926 606 1957 quam
621 1917 763 1958 quisque
776 1927 828 1948 se-

132 1970 190 1996 cat
203 1964 324 2005 spem.'
366 1965 495 1997 Noster
510 1975 551 1997 υ.
576 1966 585 1983 ‘
598 1968 698 1999 oculo
713 1976 828 1998 censo-

131 2024 168 2046 re
184 2015 332 2046 secanda
342 2016 400 2047 Lis
418 2016 517 2051 erat‚’
533 2017 590 2048 ubi
608 2017 684 2049 vide
700 2018 808 2058 plura.

175 2067 239 2096 278
262 2065 427 2097 Dedidicit
447 2067 583 2098 mirante
606 2067 712 2108 Rhea]
743 2068 829 2100 Quae

134 2115 288 2147 Hesiodo
309 2121 411 2147 terrae
429 2122 480 2148 est
496 2115 566 2148 filia
582 2127 591 2156 ;
615 2117 774 2149 Lucretio
791 2126 831 2148 ιι.

134 2170 227 2196 terra
242 2166 336 2206 ipsa3
362 2166 515 2207 Orpheo,
532 2171 633 2197 terrae
649 2172 771 2200 mater.

176 2218 239 2246 281
263 2216 447 2256 Depotuisse
468 2216 576 2256 pudet]
598 2217 656 2248 Ita
680 2217 767 2249 libro
783 2228 835 2249 se-

137 2266 261 2306 cundo,
283 2267 293 2284 ‘
307 2266 490 2297 detitulaw
533 2267 589 2298 De
606 2267 694 2297 enim
714 2267 837 2298 minuit

137 2320 174 2347 et
202 2320 318 2356 auget,
343 2320 380 2347 ut
405 2315 440 2347 in
462 2315 630 2357 ‘dejuvo.'
654 2317 770 2348 Plaut.
801 2317 836 2348 in

136 2365 344 2396 Trinummo.
388 2369 396 2383 ‘
409 2366 592 2406 Depuduit
604 2364 613 2378 ’
629 2366 789 2405 Ovidius,
802 2371 837 2397 et

135 2415 145 2432 ‘
157 2414 310 2446 develat'
321 2424 381 2455 pro
395 2415 538 2456 detegit.
549 2415 559 2432 ⁴
569 2415 752 2455 Depotior‚
762 2415 836 2447 ἄπο-

138 2464 245 2497 λαύω.’
272 2465 360 2496 Lex.
384 2464 532 2496 Graecol.
578 2465 634 2496 Sic
652 2465 778 2496 Noster
794 2474 836 2496 11.

138 2515 383 2556 ‘defoederat,'
419 2515 583 2547 Laberius
620 2515 837 2555 ‘depudico,’

139 2565 230 2606 apud
260 2564 360 2605 Agel.
390 2573 468 2596 xvr.
497 2568 529 2597 7.
571 2565 581 2582 ⁴
595 2565 814 2606 DepIevimus
828 2565 838 2579 '

139 2615 264 2656 Papin.
288 2619 297 2632 ‘
310 2613 511 2656 Defanare‚’
535 2615 632 2646 Cato.
646 2616 655 2633 ‘
670 2613 839 2655 defugos,'

139 2665 248 2698 Prud.
283 2665 292 2682 ‘
308 2666 488 2706 Depannis
502 2665 511 2679 '
549 2665 639 2706 apud
678 2666 838 2697 Nonium.

140 2714 370 2756 ‘Depreciati,
381 2714 632 2746 ἐλαττωθέντες.’
648 2715 730 2746 Lex.
746 2715 841 2745 Grae-

141 2767 276 2797 co-Lat.
292 2766 301 2782 ‘
318 2765 513 2801 Defavere,'
537 2766 545 2782 ‘
556 2764 715 2796 Defautio
727 2764 736 2777 ’
760 2765 842 2795 Ter-

142 2815 205 2846 tul.
226 2815 408 2856 ‘degerere
427 2814 574 2846 bellnm'
597 2816 733 2846 anret.
760 2818 768 2832 ‘
784 2814 842 2845 de-

143 2865 347 2897 memorare’
373 2866 451 2896 Vai.
476 2866 625 2896 Flaccus.
650 2870 658 2882 ‘
673 2861 841 2895 deforma-

884 1818 931 1848 tio
944 1817 952 1829 '
970 1818 1094 1858 Hygin.
1108 1827 1148 1851 11.
1164 1819 1173 1835 ⁴
1189 1816 1351 1858 prooemio
1368 1815 1559 1847 deformare
1573 1814 1581 1827 '

882 1869 974 1899 Suet.
1024 1868 1211 1909 ‘degravat
1224 1867 1232 1881 '
1269 1868 1430 1907 Propert.
1463 1867 1471 1882 ‘
1487 1866 1582 1895 desa·

884 1919 998 1950 crare'
1009 1918 1134 1959 Papin.
1148 1919 1194 1949 ita
1204 1920 1212 1936 ‘
1224 1917 1473 1958 Depraeliantes
1484 1915 1493 1929 ’
1507 1920 1515 1933 ¹
1525 1915 1583 1945 de-

884 1969 1017 2009 litigat’
1052 1969 1174 2000 Horat.
1199 1969 1208 1985 ‘
1223 1966 1435 2000 Decertate'
1460 1966 1584 2006 Papin.

884 2021 894 2038 ‘
908 2019 1110 2060 Deparcus.'
1131 2019 1246 2050 plaut.
1289 2019 1298 2036 ‘
1309 2018 1475 2049 Devitare
1488 2016 1497 2029 ’
1515 2016 1585 2046 val-

885 2070 929 2101 de
939 2070 1062 2110 vitare,
1071 2070 1118 2101 ait
1130 2070 1264 2108 Festus,
1273 2068 1282 2085 ‘
1295 2068 1478 2108 despretus
1490 2065 1499 2079 '
1515 2066 1584 2096 val—

886 2119 930 2150 de
941 2124 1091 2160 spretus,
1102 2119 1191 2150 idem
1208 2123 1242 2150 et
1262 2118 1272 2135 ‘
1285 2116 1467 2158 deperire?
1492 2116 1501 2132 ‘
1514 2116 1586 2146 De-

888 2169 979 2210 polio
989 2169 997 2182 '
1016 2169 1104 2200 Plin.
1116 2169 1125 2185 ‘
1136 2169 1329 2200 Denormat
1341 2167 1349 2180 '
1365 2167 1487 2197 Horat.
1497 2166 1585 2197 ‘De-

890 2218 1126 2259 triumphare‚'
1150 2220 1160 2236 ‘
1175 2217 1389 2257 deonerare‚’
1425 2218 1434 2234 ‘
1448 2216 1585 2247 deman-

891 2266 985 2298 dare'
1001 2276 1061 2308 pro
1075 2268 1083 2284 ‘
1095 2267 1251 2298 deorsum
1265 2266 1423 2296 mandare
1435 2265 1443 2279 ’
1458 2265 1587 2296 'Pertul-

889 2326 915 2348 1.
937 2317 1033 2347 'ralia
1055 2317 1163 2347 multa
1186 2315 1275 2356 apud
1300 2319 1445 2354 veteres,
1465 2313 1587 2354 quibus

890 2376 1051 2406 germana
1067 2367 1137 2405 iila,
1160 2367 1170 2384 ‘
1182 2367 1352 2397 incoenare
1364 2364 1373 2377 ’
1398 2374 1460 2405 pro
1473 2365 1588 2395 ἐνδειπ-

890 2417 954 2447 νεῖν
964 2416 1006 2447 de
1018 2416 1233 2455 domicoenio,
1258 2416 1353 2446 Suet.
1364 2423 1421 2445 111.
1444 2419 1452 2431 ‘
1465 2414 1588 2454 impas-

890 2465 943 2497 ci'
965 2475 1027 2506 pro
1043 2464 1186 2503 ἐννέμειν.
1230 2464 1379 2495 Itaitem
1391 2463 1486 2494 Suet.
1511 2464 1520 2480 ‘
1537 2472 1588 2493 re-

891 2516 992 2547 tectis
1004 2515 1014 2529 '
1038 2525 1099 2556 pro
1126 2515 1213 2546 bene
1243 2514 1358 2554 tectis,
1386 2518 1425 2545 ut
1451 2513 1588 2554 quidem

892 2564 1041 2597 Casaub.
1063 2565 1252 2605 ‘impressa
1280 2562 1408 2594 ubera'
1432 2573 1493 2604 pro
1522 2573 1589 2594 non

893 2624 1024 2655 pressa.
1070 2614 1232 2655 Propert.
1259 2619 1297 2645 ut
1322 2623 1461 2654 magnus
1486 2614 1592 2645 Scali-

893 2673 954 2704 ger
970 2674 1045 2695 cum
1064 2664 1266 2696 Casaubono
1281 2664 1424 2704 exponit
1443 2665 1477 2694 in
1497 2664 1592 2694 Suet.

893 2714 981 2745 Vide
1005 2714 1103 2754 Agei.
1126 2723 1175 2745 vt.
1199 2716 1250 2745 16.
1293 2713 1350 2745 Sic
1376 2713 1591 2752 ‘invalidus,'

896 2765 905 2782 ‘
922 2764 1082 2801 indnrus‚'
1098 2765 1107 2781 ‘
1120 2763 1316 2805 exaugere.'
1340 2763 1430 2795 Vide
1444 2763 1591 2795 Ritters·

895 2815 1025 2845 hosium
1050 2814 1092 2846 de
1111 2814 1215 2846 verbo
1232 2814 1294 2846 hoc
1312 2813 1354 2845 ad
1378 2814 1548 2845 Guntheri
1565 2823 1589 2846 ιυ

895 2866 970 2895 639.
