1889 3194
286 319 371 361 598
458 330 600 363 NorrAE
631 330 897 363 VAnionoM
932 332 984 363 1N

286 426 321 452 ta
349 426 426 454 sunt
454 423 575 465 quibus
604 426 812 457 conveniunt
842 424 875 457 lii
911 424 980 456 duo

285 471 482 513 scriptores.
507 473 653 507 Advers.
670 484 803 507 xxxiv.
820 479 872 507 15.

540 559 629 590 LIB.
644 559 717 590 111.

328 623 344 663 ξ
365 625 379 653 1
404 623 495 656 More
508 624 622 663 optimo
636 624 745 654 divisis
756 625 796 654 ad
802 633 866 654 ·sua
881 623 981 664 officia

284 671 466 713 quibusque]
490 678 499 691 ‘
515 673 613 703 More
629 675 758 712 optimo
773 673 781 686 '
797 677 849 704 est
866 672 980 703 lauda-

286 722 344 752 bili
369 723 627 754 consuetudine.
670 722 727 753 Sic
755 721 867 753 infra:
893 723 901 738 ‘
919 722 978 752 sed

282 770 428 802 Barbari
458 781 551 803 more
585 772 729 812 pessimo
768 772 849 802 nihil
887 772 979 803 aliud

282 829 382 860 quam
396 820 532 851 turbata
549 826 649 861 atque
666 821 825 852 insidiosa
841 822 979 863 cupien-

281 876 333 901 tes
349 871 503 911 proelium
522 872 755 912 praevertere!

326 921 433 960 Neque
444 921 568 951 dubium
580 922 653 961 quin
666 922 751 953 inter
762 921 816 952 hos
816 921 887 960 jam
898 932 979 962 prae-

281 973 397 1004 cellerit
437 974 643 1014 Philoctetes]
691 973 885 1012 Legendum
916 978 981 1013 est,

281 1025 289 1038 ⁶
308 1022 398 1053 iuter
424 1022 482 1054 hos
512 1023 638 1055 etiam.’
683 1025 826 1055 Videtur
857 1025 979 1065 trajec-

280 1076 352 1101 tum
368 1071 492 1104 fnisse:
516 1074 525 1090 ‘
536 1073 597 1105 hos
613 1074 703 1105 inter
716 1073 841 1105 etiarn.’
879 1075 979 1106 Unde

281 1121 414 1152 omissio
431 1122 617 1154 literarum.

325 1172 433 1212 Neque
442 1173 523 1204 circa
533 1173 702 1204 exercitum
713 1172 856 1213 solliciti]
875 1175 979 1214 Lege,

282 1223 365 1253 circa
380 1222 576 1255 exercitium.
622 1224 710 1255 Nam
734 1225 865 1255 Graecis
882 1234 977 1255 exer-

282 1272 372 1302 citiis
388 1273 579 1313 occupatis,
594 1279 751 1304 cessante
762 1274 978 1316 bello,oppo-

280 1321 331 1352 nit
350 1321 510 1353 desidiam
533 1323 766 1354 barbarorum.

323 1372 372 1411 §2
390 1371 552 1412 Polyxena
566 1376 597 1403 et
616 1373 805 1409 Cassandra,
823 1374 977 1405 Minervae

280 1423 373 1460 atque
401 1421 557 1460 Apollinis
582 1423 730 1463 antistes]
759 1424 893 1454 Clarum
924 1428 978 1455 est

279 1470 490 1500 inserendam
501 1471 652 1502 voculam
667 1473 676 1488 ‘
689 1472 784 1503 liaec.’
808 1473 817 1489 ‘
830 1473 977 1512 Polyxe-

279 1529 323 1550 na
340 1524 375 1550 et
392 1520 591 1556 Cassandra,
608 1522 773 1552 Miuervae
786 1521 859 1554 haec
875 1528 976 1564 atque

277 1568 447 1609 Apollinis
462 1569 628 1602 antistes!

322 1619 482 1658 Auctoque
496 1618 528 1649 in
550 1619 641 1650 horas
662 1620 828 1661 desiderio]
852 1622 862 1639 ‘
876 1622 977 1653 Desi-

281 1667 409 1698 det-inm
424 1668 432 1680 '
444 1678 503 1708 pro
516 1669 701 1700 intensiore
716 1680 829 1701 amore
845 1681 911 1703 non
928 1672 977 1702 in·

281 1717 412 1748 erudite
439 1718 538 1750 dixit.
581 1719 757 1750 Catullus:
780 1721 789 1737 ‘
805 1720 888 1751 Cum
918 1721 977 1752 de-

279 1766 402 1797 siderio
415 1776 490 1797 meo
502 1767 626 1798 nitenti
639 1769 759 1800 Carum
769 1770 883 1800 nescio
897 1770 975 1810 quid

280 1816 513 1856 lubetjocari.'
554 1818 722 1849 Desiderii
740 1820 897 1859 poculum
916 1830 976 1861 pro

280 1868 405 1908 pliiltro
431 1868 577 1900 Horatio
605 1869 724 1909 Epodo
752 1873 804 1901 17.
860 1872 917 1904 stc
941 1876 977 1904 et

279 1918 482 1958 Propertius
498 1926 555 1949 ur.
575 1919 671 1959 Eleg.
687 1921 742 1951 21.

323 1968 482 1998 Daturum
496 1978 529 1999 se
543 1969 576 1999 in
592 1969 822 2002 matrimonium
842 1981 977 2002 sororem

280 2018 424 2058 mandat]
448 2019 457 2035 ‘
472 2017 637 2049 Mandare
651 2017 660 2030 ‘
687 2024 739 2050 est
762 2021 879 2051 nuntio
894 2021 977 2052 indi·

281 2077 371 2098 care.
411 2069 419 2085 ⁴
435 2067 619 2099 Mandatus
632 2067 641 2081 ¹
657 2078 718 2108 pro
736 2070 846 2109 misso,
863 2074 871 2088 ⁸
883 2081 976 2102 man-

280 2118 403 2149 dator’
432 2128 493 2158 pro
516 2118 655 2149 missore
685 2119 776 2159 apud
791 2120 976 2153 Tertullia-

281 2177 360 2198 num
385 2176 442 2198 ιιι.
458 2166 492 2198 in
509 2166 721 2199 Marcionem
734 2178 765 2200 c.
782 2172 812 2200 2.
830 2169 976 2204 Advers.

281 2225 358 2248 xrv.
377 2218 429 2246 13.

324 2268 341 2307 ξ
356 2270 374 2297 3
399 2266 507 2297 Animi
520 2267 696 2306 jactatione
711 2269 848 2310 saucius]
869 2272 879 2288 ⁴
894 2270 977 2302 Sau-

281 2315 370 2347 cium
385 2315 484 2346 animi
497 2316 706 2356 jactatione'
723 2317 889 2350 hominem
901 2319 978 2350 tris-

280 2370 347 2396 tem
364 2364 461 2396 dixit.
504 2366 677 2397 ‘Saucinm
690 2368 848 2399 vecordia
861 2367 869 2381 '
883 2368 978 2409 Apu·

280 2415 378 2454 leins,
405 2419 443 2446 ut
464 2419 499 2446 et
514 2414 726 2456 fatigatione.
772 2417 917 2449 Advers.
941 2427 978 2451 x.

282 2467 333 2495 16.

327 2515 406 2545 Cum
430 2523 505 2553 rege
524 2515 767 2556 commorantur]
795 2516 880 2547 Cum
897 2525 977 2557 rege

282 2570 507 2595 commoratos
540 2563 660 2604 Ajaces
698 2570 733 2595 et
768 2565 977 2605 Patroclum,

281 2614 355 2653 ejus
372 2613 488 2644 tuendi
505 2612 549 2644 ab
574 2614 731 2645 amatoris
753 2614 866 2656 aliquo
889 2615 976 2647 subi-

283 2669 320 2694 to
345 2663 494 2702 incursu,
506 2662 612 2703 dicit;
635 2673 677 2694 ne
694 2663 727 2695 id
744 2664 891 2705 aliquem
909 2671 977 2696 tur·

280 2712 352 2745 bet.

326 2763 343 2802 ς
369 2764 388 2792 4
423 2761 532 2800 Igitur
560 2759 614 2791 ubi
642 2761 788 2802 utrinque
813 2763 977 2795 instructae

282 2814 364 2844 acies
389 2814 549 2844 adeersum
572 2812 759 2852 processere]
786 2813 976 2846 Adversum

281 2864 454 2902 eleganter
471 2866 612 2902 usurpat
621 2862 675 2893 hic
689 2862 847 2903 scriptor.
871 2864 973 2896 Mox:

1020 331 1212 363 DICTYM
1245 332 1560 365 GRETENSEM.

1033 425 1043 443 ‘
1057 434 1136 456 mox
1153 424 1233 456 telis
1250 423 1429 456 adversum
1439 424 1545 465 jactis
1559 423 1616 456 ubi
1638 427 1731 457 uter·

1032 484 1098 516 que
1114 475 1261 505 intactus
1278 473 1356 509 est,’
1372 475 1438 505 &c-

1075 527 1197 558 Hector
1210 526 1292 557 situs
1305 526 1339 557 in
1355 529 1445 566 parte
1468 525 1548 567 alia]
1571 525 1581 543 ‘
1595 525 1706 557 situm
1721 526 1729 539 '

1032 576 1065 607 in
1080 581 1178 617 parte
1205 577 1272 607 alia
1294 576 1483 608 Hectorem
1510 586 1573 617 pro
1601 575 1649 607 ibi
1671 576 1729 607 de-

1031 631 1169 666 gentem
1184 631 1219 658 et
1237 635 1306 657 rem
1323 631 1498 666 gerentem
1514 625 1611 658 dicit.
1642 626 1730 657 ·Se‹t

1032 676 1089 707 ubi
1113 676 1244 706 Hector
1259 675 1344 706 situs
1360 676 1392 706 in
1407 680 1502 716 parte
1518 675 1584 707 alia
1601 675 1729 707 medios

1029 735 1164 756 suorum
1181 724 1277 756 fundi
1291 726 1439 766 aceepit,
1453 725 1627 766 dispositis
1643 725 1727 756 satis

1029 775 1188 813 strenuis,
1201 775 1257 806 ubi
1272 775 1457 815 pugnabat,
1471 775 1620 806 accurrit
1637 774 1731 806 auxi·

1031 825 1076 856 lio
1102 823 1356 856 laborantibus!
1401 825 1487 857 Quae
1502 824 1608 855 verba
1622 834 1662 856 eo
1678 825 1728 855 ln·

1031 875 1167 906 bentius
1191 873 1369 914 adscripsi,
1397 878 1433 906 nt
1463 883 1578 905 eorum
1603 874 1728 905 auxilio

1031 924 1099 956 dno
1127 925 1248 955 menda
1274 923 1496 963 sequentibus
1521 924 1728 963 abstergam.

1032 975 1196 1014 Legitur:
1219 975 1229 992 ‘
1245 974 1293 1005 ita
1309 974 1439 1014 Graeci,
1454 973 1611 1014 prohibiti
1630 972 1727 1004 caede

1029 1025 1250 1065 reliquorum,
1268 1033 1426 1064 represso
1448 1022 1554 1064 gradu
1564 1023 1728 1054 adversus

1030 1083 1087 1104 eos
1100 1074 1157 1114 qui
1174 1072 1415 1113 superfuerant
1426 1071 1632 1104 constitere!
1664 1072 1728 1103 Le-

1030 1123 1190 1162 gendnm,
1212 1124 1220 1139 ‘
1233 1122 1289 1164 qni
1305 1121 1598 1163 supervenerant!
1639 1121 1726 1152 Nam

1032 1173 1231 1214 Hectorem,
1270 1172 1498 1213 Deiphobum,
1544 1171 1726 1210 Glaucum,

1030 1222 1282 1263 Polydamanta
1304 1221 1402 1254 dicit.
1447 1222 1616 1254 Continuo
1636 1231 1644 1252 ε
1665 1222 1674 1238 ‘
1688 1230 1727 1252 ac

1028 1280 1108 1302 mox
1134 1272 1271 1312 cognito
1299 1281 1361 1312 per
1387 1271 1580 1303 universum
1596 1271 1727 1302 exerci-

1029 1326 1099 1352 tum
1127 1322 1245 1361 proelio
1259 1322 1292 1352 in
1309 1331 1349 1353 ea
1365 1327 1464 1362 parte
1482 1321 1602 1362 reliqui
1619 1321 1726 1352 duces

1028 1370 1233 1410 confirmati,
1256 1371 1314 1402 ubi
1337 1372 1475 1412 quisque
1500 1376 1727 1411 pugnaverat,

1028 1421 1177 1461 undique
1204 1431 1244 1451 eo
1273 1420 1472 1452 confluunt!
1524 1421 1575 1451 Ex
1606 1419 1726 1451 eadem

1028 1469 1168 1509 periodo
1195 1469 1426 1510 reponendum
1443 1470 1510 1508 aio,
1522 1470 1532 1488 ⁴
1548 1469 1726 1500 confirma-

1029 1517 1096 1550 tis.’
1141 1519 1218 1550 Non
1241 1519 1329 1550 euim
1354 1520 1452 1550 aliter
1475 1528 1576 1559 qnam
1593 1518 1727 1549 Hector

1028 1569 1118 1609 apud
1134 1569 1312 1609 Trojauos,
1333 1569 1367 1600 hi
1393 1569 1482 1610 apud
1502 1570 1642 1600 Graecos
1667 1569 1727 1600 de-

1029 1619 1152 1649 serturi
1180 1619 1267 1654 loca,
1282 1629 1358 1659 qnae
1375 1619 1518 1659 primum
1534 1623 1725 1658 pugnantes

1029 1674 1206 1708 ceperant,
1224 1668 1378 1700 muniunt
1401 1668 1458 1699 illa
1482 1668 1654 1709 praeclaris
1678 1668 1726 1699 vi-

1028 1726 1086 1747 ris.

1070 1766 1088 1806 ξ
1100 1770 1119 1797 5
1144 1766 1357 1798 Philemonem
1371 1767 1609 1807 Paphlagonum
1621 1777 1726 1807 regem

1027 1815 1243 1855 impedimento
1257 1815 1316 1846 sibi
1327 1816 1496 1856 oppositum
1507 1816 1726 1853 cominussun-

1027 1866 1086 1901 dit,
1100 1866 1169 1906 fisa]
1195 1866 1273 1897 Non
1300 1866 1408 1897 habeo
1438 1871 1536 1898 extra
1562 1866 1726 1906 suspicio—

1028 1924 1102 1945 nem
1121 1915 1197 1946 ista.
1243 1915 1421 1946 Philemon
1438 1915 1525 1946 enim
1542 1915 1650 1954 primo
1666 1924 1725 1946 no-

1027 1973 1103 1994 men
1134 1963 1294 1995 Graecnin
1328 1964 1494 2005 quomodo
1530 1964 1725 2005 Paphlago-

1027 2022 1104 2044 num
1122 2013 1193 2053 regi
1209 2013 1254 2044 sit
1270 2014 1396 2045 nescio.
1441 2013 1575 2044 Deinde
1591 2013 1624 2044 in
1641 2012 1725 2044 illud

1027 2066 1037 2081 ¹
1052 2063 1224 2104 propriam
1237 2061 1246 2075 ’
1264 2061 1390 2103 aliquid
1405 2062 1612 2103 correpsisse
1629 2066 1724 2103 puto.

1026 2113 1154 2144 Mirum
1179 2112 1268 2143 enim
1292 2113 1325 2143 ni
1349 2112 1467 2143 alienae
1493 2112 1605 2154 potius
1623 2121 1725 2153 quam

1027 2172 1097 2193 suae
1126 2162 1263 2202 originis
1289 2163 1486 2193 memoriam
1510 2162 1726 2204 repetierint.

1025 2212 1093 2243 Sed
1126 2213 1169 2243 de
1196 2212 1330 2244 nomine
1346 2212 1494 2252 largior:
1518 2212 1616 2243 valde
1633 2213 1724 2243 enim

1027 2263 1175 2295 incantae
1193 2264 1226 2294 in
1240 2263 1364 2294 talibus
1376 2262 1570 2294 Homericae
1580 2261 1725 2300 sabulae3

1027 2323 1111 2354 quas
1129 2317 1224 2345 certe
1241 2312 1318 2344 hnic
1328 2314 1430 2344 etiam
1447 2312 1637 2353 cuicunque
1661 2312 1725 2343 eti·

1028 2371 1081 2392 am
1094 2363 1212 2402 Dictyi
1225 2362 1277 2392 vel
1293 2361 1473 2402 interpreti
1488 2371 1563 2392 cum
1581 2361 1652 2392 solo
1664 2369 1723 2392 no-

1028 2413 1116 2443 mine
1140 2412 1305 2452 originem
1331 2411 1466 2443 dedisse
1491 2415 1642 2451 autumo,
1670 2415 1724 2442 ut-

1028 2472 1164 2503 cunque
1182 2462 1244 2492 alia
1259 2460 1410 2493 affectet.

1070 2513 1126 2553 §7
1156 2511 1219 2544 Ubi
1232 2515 1361 2552 uterque
1386 2511 1522 2543 intactus
1546 2513 1606 2551 est,
1629 2519 1725 2541 curru

1027 2562 1190 2600 desiliunt,
1205 2565 1298 2602 atque
1311 2560 1447 2602 arreptis
1456 2560 1575 2599 gladiis
1589 2561 1724 2600 pergunt

1026 2612 1160 2654 obviam]
1190 2611 1386 2644 Notandum
1408 2612 1418 2628 ‘
1431 2609 1622 2649 intactum‚'
1655 2618 1722 2640 non

1028 2667 1171 2702 tactum,
1206 2662 1330 2693 valere.
1385 2665 1394 2679 ‘
1412 2661 1557 2692 Obviam
1573 2659 1583 2673 ’
1619 2659 1722 2690 etiam

1026 2712 1181 2744 absolute
1207 2712 1332 2753 posuit,
1356 2719 1418 2752 pro
1439 2710 1503 2742 sibi
1529 2714 1646 2741 mutuo
1661 2709 1722 2742 ob-

1025 2763 1126 2794 viam.

1077 2812 1209 2851 Colligit
1236 2810 1269 2842 in
1303 2819 1389 2841 arma
1420 2808 1499 2849 seue]
1536 2808 1723 2849 Eleganter

1025 2863 1035 2881 ‘
1050 2863 1210 2903 colligere
1226 2871 1262 2892 se
1277 2861 1310 2892 in
1326 2862 1438 2891 arma'
1459 2859 1671 2900 Patroclum,
1686 2864 1722 2891 et
