<?xml version="1.0" encoding="UTF-8"?>
<!DOCTYPE html PUBLIC "-//W3C//DTD XHTML 1.0 Transitional//EN"
    "http://www.w3.org/TR/xhtml1/DTD/xhtml1-transitional.dtd">
<html xmlns="http://www.w3.org/1999/xhtml" xml:lang="en" lang="en">
 <head>
  <title>
</title>
<meta http-equiv="Content-Type" content="text/html;charset=utf-8" />
  <meta name='ocr-system' content='tesseract 3.04.00' />
  <meta name='ocr-capabilities' content='ocr_page ocr_carea ocr_par ocr_line ocrx_word'/>
</head>
<body>
  <div class='ocr_page' id='page_1' title='image "./dictyscretensise02dictuoft_0103.png"; bbox 0 0 1889 3194; ppageno 0'>
   <div class='ocr_carea' id='block_1_1' title="bbox 539 373 1283 405">
    <p class='ocr_par' dir='ltr' id='par_1_1' title="bbox 539 373 1283 405">
     <span class='ocr_line' id='line_1_1' title="bbox 539 373 1283 405; baseline -0.003 0"><span class='ocrx_word' id='word_1_1' title='bbox 539 375 602 405; x_wconf 85' lang='lat' dir='ltr'>DE</span> <span class='ocrx_word' id='word_1_2' title='bbox 635 374 791 404; x_wconf 77' lang='lat' dir='ltr'>BELLO</span> <span class='ocrx_word' id='word_1_3' title='bbox 824 373 1047 404; x_wconf 76' lang='lat' dir='ltr'><strong>TROJANO</strong></span> <span class='ocrx_word' id='word_1_4' title='bbox 1084 374 1178 405; x_wconf 86' lang='lat' dir='ltr'>LIB.</span> <span class='ocrx_word' id='word_1_5' title='bbox 1212 374 1283 403; x_wconf 79' lang='grc' dir='ltr'><strong>ΙΙΙ.</strong></span> 
     </span>
    </p>
   </div>
   <div class='ocr_carea' id='block_1_2' title="bbox 1538 363 1623 403">
    <p class='ocr_par' dir='ltr' id='par_1_2' title="bbox 1538 363 1623 403">
     <span class='ocr_line' id='line_1_2' title="bbox 1538 363 1623 403; baseline 0.012 -1"><span class='ocrx_word' id='word_1_6' title='bbox 1538 363 1623 403; x_wconf 81' lang='grc'>445</span> 
     </span>
    </p>
   </div>
   <div class='ocr_carea' id='block_1_3' title="bbox 179 467 1302 655">
    <p class='ocr_par' dir='ltr' id='par_1_3' title="bbox 179 467 1302 655">
     <span class='ocr_line' id='line_1_3' title="bbox 179 467 1174 523; baseline -0.002 -13"><span class='ocrx_word' id='word_1_7' title='bbox 179 469 428 518; x_wconf 86' lang='lat' dir='ltr'>Immemor,</span> <span class='ocrx_word' id='word_1_8' title='bbox 449 471 492 509; x_wconf 91' lang='lat' dir='ltr'>et</span> <span class='ocrx_word' id='word_1_9' title='bbox 510 468 628 522; x_wconf 87' lang='lat' dir='ltr'>longi</span> <span class='ocrx_word' id='word_1_10' title='bbox 642 468 845 523; x_wconf 84' lang='lat' dir='ltr'>praecidit</span> <span class='ocrx_word' id='word_1_11' title='bbox 862 467 1003 510; x_wconf 87' lang='lat' dir='ltr'>taedia</span> <span class='ocrx_word' id='word_1_12' title='bbox 1022 468 1174 509; x_wconf 78' lang='lat' dir='ltr'>luctus</span> 
     </span>
     <span class='ocr_line' id='line_1_4' title="bbox 179 534 1302 588; baseline -0.001 -12"><span class='ocrx_word' id='word_1_13' title='bbox 179 535 428 588; x_wconf 84' lang='lat' dir='ltr'>Impatiens</span> <span class='ocrx_word' id='word_1_14' title='bbox 448 535 654 587; x_wconf 83' lang='lat' dir='ltr'>languere</span> <span class='ocrx_word' id='word_1_15' title='bbox 674 535 780 576; x_wconf 70' lang='lat' dir='ltr'>diu?</span> <span class='ocrx_word' id='word_1_16' title='bbox 810 535 936 588; x_wconf 93' lang='lat' dir='ltr'>quin,</span> <span class='ocrx_word' id='word_1_17' title='bbox 958 534 1125 588; x_wconf 87' lang='lat' dir='ltr'>inclyta</span> <span class='ocrx_word' id='word_1_18' title='bbox 1144 534 1302 588; x_wconf 85' lang='lat' dir='ltr'>pubes,</span> 
     </span>
     <span class='ocr_line' id='line_1_5' title="bbox 180 601 1172 655; baseline 0 -13"><span class='ocrx_word' id='word_1_19' title='bbox 180 601 230 643; x_wconf 90' lang='lat' dir='ltr'>Si</span> <span class='ocrx_word' id='word_1_20' title='bbox 237 601 371 654; x_wconf 76' lang='lat' dir='ltr'>Juvat</span> <span class='ocrx_word' id='word_1_21' title='bbox 390 602 537 642; x_wconf 87' lang='lat' dir='ltr'>inviso</span> <span class='ocrx_word' id='word_1_22' title='bbox 558 606 723 643; x_wconf 86' lang='lat' dir='ltr'>mentes</span> <span class='ocrx_word' id='word_1_23' title='bbox 742 602 976 643; x_wconf 84' lang='lat' dir='ltr'>absolvere</span> <span class='ocrx_word' id='word_1_24' title='bbox 997 605 1172 655; x_wconf 88' lang='lat' dir='ltr'>questu,</span> 
     </span>
    </p>
   </div>
   <div class='ocr_carea' id='block_1_4' title="bbox 179 667 1230 722">
    <p class='ocr_par' dir='ltr' id='par_1_4' title="bbox 179 667 1230 722">
     <span class='ocr_line' id='line_1_6' title="bbox 179 667 1230 722; baseline 0 -14"><span class='ocrx_word' id='word_1_25' title='bbox 179 667 364 708; x_wconf 85' lang='lat' dir='ltr'>Armata</span> <span class='ocrx_word' id='word_1_26' title='bbox 380 667 434 708; x_wconf 93' lang='lat' dir='ltr'>de</span> <span class='ocrx_word' id='word_1_27' title='bbox 458 681 583 709; x_wconf 89' lang='lat' dir='ltr'>curru</span> <span class='ocrx_word' id='word_1_28' title='bbox 605 668 682 709; x_wconf 92' lang='lat' dir='ltr'>diu</span> <span class='ocrx_word' id='word_1_29' title='bbox 703 669 881 710; x_wconf 86' lang='lat' dir='ltr'>fortuna</span> <span class='ocrx_word' id='word_1_30' title='bbox 901 668 1126 722; x_wconf 87' lang='lat' dir='ltr'>sequenda</span> <span class='ocrx_word' id='word_1_31' title='bbox 1147 670 1230 717; x_wconf 89' lang='lat' dir='ltr'>est,</span> 
     </span>
    </p>
   </div>
   <div class='ocr_carea' id='block_1_5' title="bbox 1541 666 1625 707">
    <p class='ocr_par' dir='ltr' id='par_1_5' title="bbox 1541 666 1625 707">
     <span class='ocr_line' id='line_1_7' title="bbox 1541 666 1625 707; baseline 0.012 -1"><span class='ocrx_word' id='word_1_32' title='bbox 1541 666 1625 707; x_wconf 85' lang='lat'>130</span> 
     </span>
    </p>
   </div>
   <div class='ocr_carea' id='block_1_6' title="bbox 180 732 1418 985">
    <p class='ocr_par' dir='ltr' id='par_1_6' title="bbox 180 732 1418 985">
     <span class='ocr_line' id='line_1_8' title="bbox 180 732 1414 788; baseline -0.002 -13"><span class='ocrx_word' id='word_1_33' title='bbox 180 735 302 776; x_wconf 91' lang='lat' dir='ltr'>Dum</span> <span class='ocrx_word' id='word_1_34' title='bbox 322 735 585 788; x_wconf 70' lang='lat' dir='ltr'>praeclarum</span> <span class='ocrx_word' id='word_1_35' title='bbox 604 735 775 788; x_wconf 86' lang='lat' dir='ltr'>aliquid</span> <span class='ocrx_word' id='word_1_36' title='bbox 797 735 925 776; x_wconf 87' lang='lat' dir='ltr'>dolor</span> <span class='ocrx_word' id='word_1_37' title='bbox 945 735 1202 776; x_wconf 89' lang='lat' dir='ltr'>indecoctus</span> <span class='ocrx_word' id='word_1_38' title='bbox 1223 732 1414 774; x_wconf 81' lang='lat' dir='ltr'>anhelat:</span> 
     </span>
     <span class='ocr_line' id='line_1_9' title="bbox 181 801 1418 855; baseline -0.002 -13"><span class='ocrx_word' id='word_1_39' title='bbox 181 801 262 842; x_wconf 91' lang='lat' dir='ltr'>Nil</span> <span class='ocrx_word' id='word_1_40' title='bbox 282 801 446 854; x_wconf 80' lang='lat' dir='ltr'>grande</span> <span class='ocrx_word' id='word_1_41' title='bbox 466 806 511 842; x_wconf 93' lang='lat' dir='ltr'>et</span> <span class='ocrx_word' id='word_1_42' title='bbox 529 802 708 855; x_wconf 86' lang='lat' dir='ltr'>longum</span> <span class='ocrx_word' id='word_1_43' title='bbox 732 814 742 841; x_wconf 80' lang='lat' dir='ltr'><em>z</em></span> <span class='ocrx_word' id='word_1_44' title='bbox 775 815 950 855; x_wconf 86' lang='lat' dir='ltr'>segnem</span> <span class='ocrx_word' id='word_1_45' title='bbox 972 802 1101 843; x_wconf 88' lang='lat' dir='ltr'>timor</span> <span class='ocrx_word' id='word_1_46' title='bbox 1121 802 1265 843; x_wconf 91' lang='lat' dir='ltr'>obruit</span> <span class='ocrx_word' id='word_1_47' title='bbox 1283 801 1390 841; x_wconf 86' lang='lat' dir='ltr'>iram</span> <span class='ocrx_word' id='word_1_48' title='bbox 1410 813 1418 840; x_wconf 93' lang='lat'><strong>:</strong></span> 
     </span>
     <span class='ocr_line' id='line_1_10' title="bbox 184 867 1311 922; baseline 0 -14"><span class='ocrx_word' id='word_1_49' title='bbox 184 867 404 917; x_wconf 87' lang='lat' dir='ltr'>Haeretis‚</span> <span class='ocrx_word' id='word_1_50' title='bbox 425 869 532 922; x_wconf 85' lang='lat' dir='ltr'>quia</span> <span class='ocrx_word' id='word_1_51' title='bbox 550 869 643 909; x_wconf 85' lang='lat' dir='ltr'>fata</span> <span class='ocrx_word' id='word_1_52' title='bbox 664 872 813 909; x_wconf 83' lang='lat' dir='ltr'>vetant</span> <span class='ocrx_word' id='word_1_53' title='bbox 829 870 848 909; x_wconf 68' lang='lat' dir='ltr'>‘t</span> <span class='ocrx_word' id='word_1_54' title='bbox 885 868 980 910; x_wconf 90' lang='lat' dir='ltr'>haec</span> <span class='ocrx_word' id='word_1_55' title='bbox 1002 868 1178 910; x_wconf 89' lang='lat' dir='ltr'>scilicet</span> <span class='ocrx_word' id='word_1_56' title='bbox 1193 868 1311 921; x_wconf 84' lang='lat' dir='ltr'>angit</span> 
     </span>
     <span class='ocr_line' id='line_1_11' title="bbox 184 933 1176 985; baseline 0.001 -10"><span class='ocrx_word' id='word_1_57' title='bbox 184 933 302 976; x_wconf 85' lang='lat' dir='ltr'>Cura</span> <span class='ocrx_word' id='word_1_58' title='bbox 323 935 461 985; x_wconf 82' lang='lat' dir='ltr'>Deos,</span> <span class='ocrx_word' id='word_1_59' title='bbox 479 936 563 976; x_wconf 88' lang='lat' dir='ltr'>aevi</span> <span class='ocrx_word' id='word_1_60' title='bbox 584 936 744 976; x_wconf 86' lang='lat' dir='ltr'>tacitos</span> <span class='ocrx_word' id='word_1_61' title='bbox 766 948 930 977; x_wconf 84' lang='lat' dir='ltr'>vexare</span> <span class='ocrx_word' id='word_1_62' title='bbox 950 948 1176 985; x_wconf 85' lang='lat' dir='ltr'>recessus,</span> 
     </span>
    </p>
   </div>
   <div class='ocr_carea' id='block_1_7' title="bbox 183 1000 1185 1044">
    <p class='ocr_par' dir='ltr' id='par_1_7' title="bbox 183 1000 1185 1044">
     <span class='ocr_line' id='line_1_12' title="bbox 183 1000 1185 1044; baseline 0.001 -3"><span class='ocrx_word' id='word_1_63' title='bbox 183 1000 244 1041; x_wconf 92' lang='lat' dir='ltr'>Et</span> <span class='ocrx_word' id='word_1_64' title='bbox 262 1006 404 1042; x_wconf 79' lang='lat' dir='ltr'>&#39;rerum</span> <span class='ocrx_word' id='word_1_65' title='bbox 424 1001 582 1043; x_wconf 87' lang='lat' dir='ltr'>librare</span> <span class='ocrx_word' id='word_1_66' title='bbox 605 1003 726 1042; x_wconf 88' lang='lat' dir='ltr'>vices</span> <span class='ocrx_word' id='word_1_67' title='bbox 744 1017 754 1042; x_wconf 91' lang='lat'>:</span> <span class='ocrx_word' id='word_1_68' title='bbox 784 1006 903 1043; x_wconf 87' lang='lat' dir='ltr'>stant</span> <span class='ocrx_word' id='word_1_69' title='bbox 922 1002 1014 1044; x_wconf 83' lang='lat' dir='ltr'>fata</span> <span class='ocrx_word' id='word_1_70' title='bbox 1034 1007 1185 1043; x_wconf 90' lang='lat' dir='ltr'>tenore</span> 
     </span>
    </p>
   </div>
   <div class='ocr_carea' id='block_1_8' title="bbox 1543 998 1627 1040">
    <p class='ocr_par' dir='ltr' id='par_1_8' title="bbox 1543 998 1627 1040">
     <span class='ocr_line' id='line_1_13' title="bbox 1543 998 1627 1040; baseline 0 -1"><span class='ocrx_word' id='word_1_71' title='bbox 1543 998 1627 1040; x_wconf 81' lang='lat'>135</span> 
     </span>
    </p>
   </div>
   <div class='ocr_carea' id='block_1_9' title="bbox 184 1067 1428 1322">
    <p class='ocr_par' dir='ltr' id='par_1_9' title="bbox 184 1067 1231 1110">
     <span class='ocr_line' id='line_1_14' title="bbox 184 1067 1231 1110; baseline 0.002 -2"><span class='ocrx_word' id='word_1_72' title='bbox 184 1067 404 1110; x_wconf 61' lang='lat' dir='ltr'>Fixa-suo</span> <span class='ocrx_word' id='word_1_73' title='bbox 426 1082 435 1110; x_wconf 91' lang='lat'>:</span> <span class='ocrx_word' id='word_1_74' title='bbox 463 1072 624 1110; x_wconf 86' lang='lat' dir='ltr'>certam</span> <span class='ocrx_word' id='word_1_75' title='bbox 646 1069 821 1110; x_wconf 88' lang='lat' dir='ltr'>miseris</span> <span class='ocrx_word' id='word_1_76' title='bbox 841 1070 880 1110; x_wconf 87' lang='lat' dir='ltr'>si</span> <span class='ocrx_word' id='word_1_77' title='bbox 902 1069 1046 1110; x_wconf 84' lang='lat' dir='ltr'>Parca</span> <span class='ocrx_word' id='word_1_78' title='bbox 1066 1069 1231 1110; x_wconf 90' lang='lat' dir='ltr'>ruinam</span> 
     </span>
    </p>

    <p class='ocr_par' dir='ltr' id='par_1_10' title="bbox 185 1134 1428 1256">
     <span class='ocr_line' id='line_1_15' title="bbox 185 1134 1428 1189; baseline -0.001 -14"><span class='ocrx_word' id='word_1_79' title='bbox 185 1134 356 1176; x_wconf 84' lang='lat' dir='ltr'>Indixit</span> <span class='ocrx_word' id='word_1_80' title='bbox 374 1135 638 1189; x_wconf 87' lang='lat' dir='ltr'>Phrygibus,</span> <span class='ocrx_word' id='word_1_81' title='bbox 673 1136 944 1176; x_wconf 89' lang='lat' dir='ltr'>moriendum</span> <span class='ocrx_word' id='word_1_82' title='bbox 964 1136 1137 1177; x_wconf 85' lang='lat' dir='ltr'>Marte:</span> <span class='ocrx_word' id='word_1_83' title='bbox 1167 1134 1428 1189; x_wconf 88' lang='lat' dir='ltr'>triumphum</span> 
     </span>
     <span class='ocr_line' id='line_1_16' title="bbox 186 1201 1252 1256; baseline 0.002 -14"><span class='ocrx_word' id='word_1_84' title='bbox 186 1201 235 1242; x_wconf 91' lang='lat' dir='ltr'>Si</span> <span class='ocrx_word' id='word_1_85' title='bbox 256 1203 451 1256; x_wconf 82' lang='lat' dir='ltr'>pepigit3</span> <span class='ocrx_word' id='word_1_86' title='bbox 488 1203 684 1243; x_wconf 88' lang='lat' dir='ltr'>meritum</span> <span class='ocrx_word' id='word_1_87' title='bbox 705 1203 861 1244; x_wconf 88' lang='lat' dir='ltr'>minuit</span> <span class='ocrx_word' id='word_1_88' title='bbox 887 1203 1074 1244; x_wconf 86' lang='lat' dir='ltr'>victoria</span> <span class='ocrx_word' id='word_1_89' title='bbox 1093 1203 1252 1255; x_wconf 85' lang='lat' dir='ltr'>segnis.</span> 
     </span>
    </p>

    <p class='ocr_par' dir='ltr' id='par_1_11' title="bbox 189 1268 1148 1322">
     <span class='ocr_line' id='line_1_17' title="bbox 189 1268 1148 1322; baseline -0.001 -12"><span class='ocrx_word' id='word_1_90' title='bbox 189 1268 229 1309; x_wconf 94' lang='lat' dir='ltr'>O</span> <span class='ocrx_word' id='word_1_91' title='bbox 251 1269 346 1310; x_wconf 73' lang='lat' dir='ltr'>falli</span> <span class='ocrx_word' id='word_1_92' title='bbox 367 1269 541 1310; x_wconf 81' lang='lat' dir='ltr'>facilis:</span> <span class='ocrx_word' id='word_1_93' title='bbox 569 1270 606 1310; x_wconf 89' lang='lat' dir='ltr'>si</span> <span class='ocrx_word' id='word_1_94' title='bbox 627 1270 695 1310; x_wconf 86' lang='lat' dir='ltr'>fas</span> <span class='ocrx_word' id='word_1_95' title='bbox 717 1269 967 1322; x_wconf 90' lang='lat' dir='ltr'>depromere</span> <span class='ocrx_word' id='word_1_96' title='bbox 985 1282 1148 1319; x_wconf 89' lang='lat' dir='ltr'>verum,</span> 
     </span>
    </p>
   </div>
   <div class='ocr_carea' id='block_1_10' title="bbox 189 1335 1318 1390">
    <p class='ocr_par' dir='ltr' id='par_1_12' title="bbox 189 1335 1318 1390">
     <span class='ocr_line' id='line_1_18' title="bbox 189 1335 1318 1390; baseline -0.001 -14"><span class='ocrx_word' id='word_1_97' title='bbox 189 1335 411 1389; x_wconf 86' lang='lat' dir='ltr'>Deprendi</span> <span class='ocrx_word' id='word_1_98' title='bbox 436 1336 626 1377; x_wconf 86' lang='lat' dir='ltr'>insidias</span> <span class='ocrx_word' id='word_1_99' title='bbox 649 1349 875 1390; x_wconf 90' lang='lat' dir='ltr'>superum.</span> <span class='ocrx_word' id='word_1_100' title='bbox 921 1336 1134 1377; x_wconf 86' lang='lat' dir='ltr'>Lernaeus</span> <span class='ocrx_word' id='word_1_101' title='bbox 1154 1335 1318 1389; x_wconf 92' lang='lat' dir='ltr'>Apollo</span> 
     </span>
    </p>
   </div>
   <div class='ocr_carea' id='block_1_11' title="bbox 1547 1335 1631 1375">
    <p class='ocr_par' dir='ltr' id='par_1_13' title="bbox 1547 1335 1631 1375">
     <span class='ocr_line' id='line_1_19' title="bbox 1547 1335 1631 1375; baseline -0.012 0"><span class='ocrx_word' id='word_1_102' title='bbox 1547 1335 1631 1375; x_wconf 86' lang='grc'>140</span> 
     </span>
    </p>
   </div>
   <div class='ocr_carea' id='block_1_12' title="bbox 192 1402 1349 1523">
    <p class='ocr_par' dir='ltr' id='par_1_14' title="bbox 192 1402 1349 1523">
     <span class='ocr_line' id='line_1_20' title="bbox 192 1402 1349 1457; baseline -0.001 -14"><span class='ocrx_word' id='word_1_103' title='bbox 192 1402 384 1444; x_wconf 88' lang='lat' dir='ltr'>Nostras</span> <span class='ocrx_word' id='word_1_104' title='bbox 403 1408 541 1444; x_wconf 85' lang='lat' dir='ltr'>vexat</span> <span class='ocrx_word' id='word_1_105' title='bbox 564 1416 688 1453; x_wconf 85' lang='lat' dir='ltr'>aveS‚</span> <span class='ocrx_word' id='word_1_106' title='bbox 706 1406 750 1444; x_wconf 91' lang='lat' dir='ltr'>et</span> <span class='ocrx_word' id='word_1_107' title='bbox 770 1416 868 1457; x_wconf 85' lang='lat' dir='ltr'>quae</span> <span class='ocrx_word' id='word_1_108' title='bbox 890 1402 1124 1444; x_wconf 86' lang='lat' dir='ltr'>metuenda</span> <span class='ocrx_word' id='word_1_109' title='bbox 1143 1403 1349 1451; x_wconf 85' lang='lat' dir='ltr'>minatur,</span> 
     </span>
     <span class='ocr_line' id='line_1_21' title="bbox 197 1469 1264 1523; baseline -0.001 -13"><span class='ocrx_word' id='word_1_110' title='bbox 197 1469 464 1511; x_wconf 82' lang='lat' dir='ltr'>Dardanidis</span> <span class='ocrx_word' id='word_1_111' title='bbox 481 1470 608 1511; x_wconf 90' lang='lat' dir='ltr'>timet</span> <span class='ocrx_word' id='word_1_112' title='bbox 620 1470 716 1523; x_wconf 92' lang='lat' dir='ltr'>ipse</span> <span class='ocrx_word' id='word_1_113' title='bbox 732 1470 824 1511; x_wconf 89' lang='lat' dir='ltr'>suis</span> <span class='ocrx_word' id='word_1_114' title='bbox 841 1484 851 1512; x_wconf 73' lang='grc' dir='ltr'>ε</span> <span class='ocrx_word' id='word_1_115' title='bbox 883 1470 947 1510; x_wconf 90' lang='lat' dir='ltr'>sic</span> <span class='ocrx_word' id='word_1_116' title='bbox 967 1470 1071 1510; x_wconf 84' lang='lat' dir='ltr'>ficta</span> <span class='ocrx_word' id='word_1_117' title='bbox 1089 1470 1264 1510; x_wconf 84' lang='lat' dir='ltr'>locutus</span> 
     </span>
    </p>
   </div>
   <div class='ocr_carea' id='block_1_13' title="bbox 793 1587 907 1599">
    <p class='ocr_par' dir='ltr' id='par_1_15' title="bbox 793 1587 907 1599">
     <span class='ocr_line' id='line_1_22' title="bbox 793 1587 907 1599; baseline -0.009 0"><span class='ocrx_word' id='word_1_118' title='bbox 793 1587 907 1599; x_wconf 62' lang='lat' dir='ltr'>cccccc</span> 
     </span>
    </p>
   </div>
   <div class='ocr_carea' id='block_1_14' title="bbox 912 1586 1028 1599">
    <p class='ocr_par' dir='ltr' id='par_1_16' title="bbox 912 1586 1028 1599">
     <span class='ocr_line' id='line_1_23' title="bbox 912 1586 1028 1599; baseline 0.009 -1"><span class='ocrx_word' id='word_1_119' title='bbox 912 1586 1028 1599; x_wconf 67' lang='lat' dir='ltr'><em>eeeeee</em></span> 
     </span>
    </p>
   </div>
   <div class='ocr_carea' id='block_1_15' title="bbox 235 1672 1505 1712">
    <p class='ocr_par' dir='ltr' id='par_1_17' title="bbox 235 1672 1505 1712">
     <span class='ocr_line' id='line_1_24' title="bbox 235 1672 1505 1712; baseline -0.002 -7"><span class='ocrx_word' id='word_1_120' title='bbox 235 1676 296 1705; x_wconf 78' lang='lat'>130</span> <span class='ocrx_word' id='word_1_121' title='bbox 322 1674 454 1706; x_wconf 81' lang='lat' dir='ltr'>Armato</span> <span class='ocrx_word' id='word_1_122' title='bbox 470 1674 596 1705; x_wconf 84' lang='lat' dir='ltr'>decurre</span> <span class='ocrx_word' id='word_1_123' title='bbox 611 1674 685 1704; x_wconf 82' lang='lat' dir='ltr'>duce</span> <span class='ocrx_word' id='word_1_124' title='bbox 708 1673 867 1705; x_wconf 86' lang='lat' dir='ltr'>Dresem.</span> <span class='ocrx_word' id='word_1_125' title='bbox 904 1672 993 1703; x_wconf 86' lang='lat' dir='ltr'>Vide</span> <span class='ocrx_word' id='word_1_126' title='bbox 1009 1674 1185 1704; x_wconf 58' lang='lat' dir='ltr'>nob—133</span> <span class='ocrx_word' id='word_1_127' title='bbox 1211 1672 1298 1704; x_wconf 77' lang='lat' dir='ltr'>Faria</span> <span class='ocrx_word' id='word_1_128' title='bbox 1315 1672 1383 1703; x_wconf 86' lang='lat' dir='ltr'>Ms.</span> <span class='ocrx_word' id='word_1_129' title='bbox 1400 1680 1505 1712; x_wconf 83' lang='lat' dir='ltr'>marg.</span> 
     </span>
    </p>
   </div>
   <div class='ocr_carea' id='block_1_16' title="bbox 844 1778 983 1811">
    <p class='ocr_par' dir='ltr' id='par_1_18' title="bbox 844 1778 983 1811">
     <span class='ocr_line' id='line_1_25' title="bbox 844 1778 983 1811; baseline -0.022 0"><span class='ocrx_word' id='word_1_130' title='bbox 844 1779 873 1811; x_wconf 91' lang='lat' dir='ltr'>N</span> <span class='ocrx_word' id='word_1_131' title='bbox 882 1778 983 1810; x_wconf 69' lang='lat' dir='ltr'>01*AE</span> 
     </span>
    </p>
   </div>
   <div class='ocr_carea' id='block_1_17' title="bbox 193 1852 899 2939">
    <p class='ocr_par' dir='ltr' id='par_1_19' title="bbox 193 1852 897 2788">
     <span class='ocr_line' id='line_1_26' title="bbox 237 1852 885 1893; baseline 0 -9"><span class='ocrx_word' id='word_1_132' title='bbox 237 1855 299 1884; x_wconf 84' lang='lat'>130</span> <span class='ocrx_word' id='word_1_133' title='bbox 322 1852 455 1884; x_wconf 77' lang='lat' dir='ltr'>Armata</span> <span class='ocrx_word' id='word_1_134' title='bbox 485 1854 521 1883; x_wconf 82' lang='lat' dir='ltr'>de</span> <span class='ocrx_word' id='word_1_135' title='bbox 546 1862 637 1883; x_wconf 82' lang='lat' dir='ltr'>curru</span> <span class='ocrx_word' id='word_1_136' title='bbox 666 1853 734 1893; x_wconf 81' lang='lat' dir='ltr'>diu]</span> <span class='ocrx_word' id='word_1_137' title='bbox 768 1853 825 1884; x_wconf 88' lang='lat' dir='ltr'>Ita</span> <span class='ocrx_word' id='word_1_138' title='bbox 853 1854 885 1884; x_wconf 90' lang='lat' dir='ltr'>in</span> 
     </span>
     <span class='ocr_line' id='line_1_27' title="bbox 193 1902 890 1944; baseline 0.003 -11"><span class='ocrx_word' id='word_1_139' title='bbox 193 1902 342 1933; x_wconf 85' lang='lat' dir='ltr'>editione</span> <span class='ocrx_word' id='word_1_140' title='bbox 358 1902 464 1933; x_wconf 84' lang='lat' dir='ltr'>Basil.</span> <span class='ocrx_word' id='word_1_141' title='bbox 483 1902 571 1933; x_wconf 87' lang='lat' dir='ltr'>unde</span> <span class='ocrx_word' id='word_1_142' title='bbox 594 1909 775 1944; x_wconf 81' lang='lat' dir='ltr'>sequentes</span> <span class='ocrx_word' id='word_1_143' title='bbox 798 1904 890 1944; x_wconf 83' lang='lat' dir='ltr'>libri,</span> 
     </span>
     <span class='ocr_line' id='line_1_28' title="bbox 193 1952 887 1994; baseline 0.001 -11"><span class='ocrx_word' id='word_1_144' title='bbox 193 1952 327 1983; x_wconf 82' lang='lat' dir='ltr'>Armata</span> <span class='ocrx_word' id='word_1_145' title='bbox 340 1952 465 1983; x_wconf 82' lang='lat' dir='ltr'>decurre</span> <span class='ocrx_word' id='word_1_146' title='bbox 476 1952 548 1982; x_wconf 82' lang='lat' dir='ltr'>diu.-</span> <span class='ocrx_word' id='word_1_147' title='bbox 566 1952 695 1993; x_wconf 87' lang='lat' dir='ltr'>inepte,</span> <span class='ocrx_word' id='word_1_148' title='bbox 705 1953 783 1994; x_wconf 88' lang='lat' dir='ltr'>quid</span> <span class='ocrx_word' id='word_1_149' title='bbox 799 1954 887 1984; x_wconf 90' lang='lat' dir='ltr'>enim</span> 
     </span>
     <span class='ocr_line' id='line_1_29' title="bbox 193 2002 890 2043; baseline 0.003 -11"><span class='ocrx_word' id='word_1_150' title='bbox 193 2004 320 2033; x_wconf 80' lang='lat' dir='ltr'>decurre</span> <span class='ocrx_word' id='word_1_151' title='bbox 335 2002 408 2033; x_wconf 83' lang='lat' dir='ltr'>diu?</span> <span class='ocrx_word' id='word_1_152' title='bbox 430 2011 504 2033; x_wconf 91' lang='lat' dir='ltr'>cum</span> <span class='ocrx_word' id='word_1_153' title='bbox 524 2002 564 2032; x_wconf 88' lang='lat' dir='ltr'>ad</span> <span class='ocrx_word' id='word_1_154' title='bbox 582 2007 715 2043; x_wconf 84' lang='lat' dir='ltr'>raptum</span> <span class='ocrx_word' id='word_1_155' title='bbox 739 2003 890 2034; x_wconf 89' lang='lat' dir='ltr'>Helenes</span> 
     </span>
     <span class='ocr_line' id='line_1_30' title="bbox 194 2052 889 2092; baseline 0.003 -10"><span class='ocrx_word' id='word_1_156' title='bbox 194 2052 362 2090; x_wconf 87' lang='lat' dir='ltr'>hortetur,</span> <span class='ocrx_word' id='word_1_157' title='bbox 397 2061 463 2082; x_wconf 89' lang='lat' dir='ltr'>non</span> <span class='ocrx_word' id='word_1_158' title='bbox 495 2057 607 2082; x_wconf 86' lang='lat' dir='ltr'>autem</span> <span class='ocrx_word' id='word_1_159' title='bbox 643 2052 686 2082; x_wconf 90' lang='lat' dir='ltr'>de</span> <span class='ocrx_word' id='word_1_160' title='bbox 723 2053 889 2092; x_wconf 73' lang='lat' dir='ltr'>praeludio</span> 
     </span>
     <span class='ocr_line' id='line_1_31' title="bbox 195 2101 891 2142; baseline 0.004 -11"><span class='ocrx_word' id='word_1_161' title='bbox 195 2101 302 2141; x_wconf 65' lang='lat' dir='ltr'>praelii</span> <span class='ocrx_word' id='word_1_162' title='bbox 329 2101 505 2142; x_wconf 86' lang='lat' dir='ltr'>loquatur:</span> <span class='ocrx_word' id='word_1_163' title='bbox 531 2110 594 2131; x_wconf 90' lang='lat' dir='ltr'>nec</span> <span class='ocrx_word' id='word_1_164' title='bbox 622 2101 786 2141; x_wconf 87' lang='lat' dir='ltr'>syllabam</span> <span class='ocrx_word' id='word_1_165' title='bbox 816 2108 891 2142; x_wconf 83' lang='lat' dir='ltr'>post</span> 
     </span>
     <span class='ocr_line' id='line_1_32' title="bbox 197 2150 891 2190; baseline 0.004 -10"><span class='ocrx_word' id='word_1_166' title='bbox 197 2150 340 2190; x_wconf 88' lang='lat' dir='ltr'>primum</span> <span class='ocrx_word' id='word_1_167' title='bbox 391 2150 511 2189; x_wconf 83' lang='lat' dir='ltr'>pedem</span> <span class='ocrx_word' id='word_1_168' title='bbox 552 2155 691 2190; x_wconf 87' lang='lat' dir='ltr'>propter</span> <span class='ocrx_word' id='word_1_169' title='bbox 727 2161 891 2183; x_wconf 86' lang='lat' dir='ltr'>caesuram</span> 
     </span>
     <span class='ocr_line' id='line_1_33' title="bbox 197 2198 891 2240; baseline 0.004 -11"><span class='ocrx_word' id='word_1_170' title='bbox 197 2198 307 2239; x_wconf 81' lang='lat' dir='ltr'>(nulla</span> <span class='ocrx_word' id='word_1_171' title='bbox 322 2199 409 2230; x_wconf 88' lang='lat' dir='ltr'>enim</span> <span class='ocrx_word' id='word_1_172' title='bbox 426 2199 478 2229; x_wconf 84' lang='lat' dir='ltr'>hic</span> <span class='ocrx_word' id='word_1_173' title='bbox 495 2199 642 2240; x_wconf 83' lang='lat' dir='ltr'>caesura)</span> <span class='ocrx_word' id='word_1_174' title='bbox 659 2201 817 2240; x_wconf 80' lang='lat' dir='ltr'>producit</span> <span class='ocrx_word' id='word_1_175' title='bbox 831 2211 891 2232; x_wconf 87' lang='lat' dir='ltr'>un-</span> 
     </span>
     <span class='ocr_line' id='line_1_34' title="bbox 198 2249 891 2289; baseline 0.004 -10"><span class='ocrx_word' id='word_1_176' title='bbox 198 2258 311 2289; x_wconf 79' lang='lat' dir='ltr'>quam.</span> <span class='ocrx_word' id='word_1_177' title='bbox 337 2249 504 2288; x_wconf 82' lang='lat' dir='ltr'>Legerim,</span> <span class='ocrx_word' id='word_1_178' title='bbox 514 2249 645 2280; x_wconf 77' lang='lat' dir='ltr'>Armate</span> <span class='ocrx_word' id='word_1_179' title='bbox 660 2251 787 2281; x_wconf 78' lang='lat' dir='ltr'>decurre</span> <span class='ocrx_word' id='word_1_180' title='bbox 798 2252 891 2287; x_wconf 83' lang='lat' dir='ltr'>duce;</span> 
     </span>
     <span class='ocr_line' id='line_1_35' title="bbox 199 2298 893 2340; baseline 0.004 -11"><span class='ocrx_word' id='word_1_181' title='bbox 199 2298 258 2329; x_wconf 92' lang='lat' dir='ltr'>sed</span> <span class='ocrx_word' id='word_1_182' title='bbox 275 2307 338 2329; x_wconf 87' lang='lat' dir='ltr'>nec</span> <span class='ocrx_word' id='word_1_183' title='bbox 363 2298 396 2328; x_wconf 90' lang='lat' dir='ltr'>in</span> <span class='ocrx_word' id='word_1_184' title='bbox 412 2298 667 2338; x_wconf 85' lang='lat' dir='ltr'>hepthemimeri</span> <span class='ocrx_word' id='word_1_185' title='bbox 683 2300 843 2340; x_wconf 85' lang='lat' dir='ltr'>syllabam</span> <span class='ocrx_word' id='word_1_186' title='bbox 860 2301 893 2331; x_wconf 90' lang='lat' dir='ltr'>in</span> 
     </span>
     <span class='ocr_line' id='line_1_36' title="bbox 199 2347 893 2389; baseline 0.003 -10"><span class='ocrx_word' id='word_1_187' title='bbox 199 2348 338 2379; x_wconf 76' lang='lat' dir='ltr'>brevem</span> <span class='ocrx_word' id='word_1_188' title='bbox 362 2348 510 2379; x_wconf 83' lang='lat' dir='ltr'>vocalem</span> <span class='ocrx_word' id='word_1_189' title='bbox 537 2347 746 2379; x_wconf 82' lang='lat' dir='ltr'>desinentem</span> <span class='ocrx_word' id='word_1_190' title='bbox 771 2349 893 2389; x_wconf 83' lang='lat' dir='ltr'>produ-</span> 
     </span>
     <span class='ocr_line' id='line_1_37' title="bbox 200 2396 892 2437; baseline 0.003 -9"><span class='ocrx_word' id='word_1_191' title='bbox 200 2397 270 2428; x_wconf 86' lang='lat' dir='ltr'>cit:</span> <span class='ocrx_word' id='word_1_192' title='bbox 301 2396 482 2437; x_wconf 82' lang='lat' dir='ltr'>legendum</span> <span class='ocrx_word' id='word_1_193' title='bbox 510 2396 644 2427; x_wconf 83' lang='lat' dir='ltr'>forsan:</span> <span class='ocrx_word' id='word_1_194' title='bbox 675 2397 818 2429; x_wconf 83' lang='lat' dir='ltr'>Armatis</span> <span class='ocrx_word' id='word_1_195' title='bbox 844 2400 892 2430; x_wconf 82' lang='lat' dir='ltr'>de-</span> 
     </span>
     <span class='ocr_line' id='line_1_38' title="bbox 201 2447 894 2479; baseline 0.003 -2"><span class='ocrx_word' id='word_1_196' title='bbox 201 2456 292 2478; x_wconf 79' lang='lat' dir='ltr'>curre</span> <span class='ocrx_word' id='word_1_197' title='bbox 328 2447 432 2477; x_wconf 82' lang='lat' dir='ltr'>Deis.-</span> <span class='ocrx_word' id='word_1_198' title='bbox 473 2447 637 2478; x_wconf 72' lang='lat' dir='ltr'>Armatam</span> <span class='ocrx_word' id='word_1_199' title='bbox 683 2448 810 2479; x_wconf 79' lang='lat' dir='ltr'>decerne</span> <span class='ocrx_word' id='word_1_200' title='bbox 839 2449 894 2479; x_wconf 80' lang='lat' dir='ltr'>du-</span> 
     </span>
     <span class='ocr_line' id='line_1_39' title="bbox 202 2497 895 2529; baseline 0 0"><span class='ocrx_word' id='word_1_201' title='bbox 202 2507 286 2529; x_wconf 79' lang='lat' dir='ltr'>cem.-</span> <span class='ocrx_word' id='word_1_202' title='bbox 319 2498 418 2528; x_wconf 80' lang='lat' dir='ltr'>Arma</span> <span class='ocrx_word' id='word_1_203' title='bbox 448 2500 500 2527; x_wconf 83' lang='lat' dir='ltr'>tuo</span> <span class='ocrx_word' id='word_1_204' title='bbox 528 2497 654 2527; x_wconf 83' lang='lat' dir='ltr'>decerne</span> <span class='ocrx_word' id='word_1_205' title='bbox 679 2497 773 2528; x_wconf 80' lang='lat' dir='ltr'>duci:</span> <span class='ocrx_word' id='word_1_206' title='bbox 797 2498 895 2529; x_wconf 82' lang='lat' dir='ltr'>Arma</span> 
     </span>
     <span class='ocr_line' id='line_1_40' title="bbox 203 2547 896 2579; baseline -0.001 0"><span class='ocrx_word' id='word_1_207' title='bbox 203 2553 256 2579; x_wconf 70' lang='lat' dir='ltr'>tuo</span> <span class='ocrx_word' id='word_1_208' title='bbox 279 2548 332 2579; x_wconf 82' lang='lat' dir='ltr'>det</span> <span class='ocrx_word' id='word_1_209' title='bbox 360 2557 435 2578; x_wconf 84' lang='lat' dir='ltr'>cura</span> <span class='ocrx_word' id='word_1_210' title='bbox 464 2547 554 2578; x_wconf 80' lang='lat' dir='ltr'>duci.-</span> <span class='ocrx_word' id='word_1_211' title='bbox 589 2547 747 2578; x_wconf 81' lang='lat' dir='ltr'>Decurras</span> <span class='ocrx_word' id='word_1_212' title='bbox 775 2551 896 2579; x_wconf 80' lang='lat' dir='ltr'>armata</span> 
     </span>
     <span class='ocr_line' id='line_1_41' title="bbox 200 2596 895 2637; baseline 0.001 -10"><span class='ocrx_word' id='word_1_213' title='bbox 200 2597 266 2628; x_wconf 81' lang='lat' dir='ltr'>diu.</span> <span class='ocrx_word' id='word_1_214' title='bbox 298 2596 463 2635; x_wconf 86' lang='lat' dir='ltr'>Ehodum,</span> <span class='ocrx_word' id='word_1_215' title='bbox 479 2598 600 2636; x_wconf 85' lang='lat' dir='ltr'>lector,</span> <span class='ocrx_word' id='word_1_216' title='bbox 617 2596 755 2636; x_wconf 84' lang='lat' dir='ltr'>promisi</span> <span class='ocrx_word' id='word_1_217' title='bbox 771 2597 895 2637; x_wconf 80' lang='lat' dir='ltr'>crines,</span> 
     </span>
     <span class='ocr_line' id='line_1_42' title="bbox 204 2645 896 2688; baseline -0.001 -10"><span class='ocrx_word' id='word_1_218' title='bbox 204 2647 316 2688; x_wconf 88' lang='lat' dir='ltr'>incepi</span> <span class='ocrx_word' id='word_1_219' title='bbox 347 2646 523 2677; x_wconf 82' lang='lat' dir='ltr'>hariolari!</span> <span class='ocrx_word' id='word_1_220' title='bbox 558 2645 616 2676; x_wconf 83' lang='lat' dir='ltr'>sed</span> <span class='ocrx_word' id='word_1_221' title='bbox 646 2645 775 2685; x_wconf 89' lang='lat' dir='ltr'>Sabini,</span> <span class='ocrx_word' id='word_1_222' title='bbox 806 2646 896 2687; x_wconf 88' lang='lat' dir='ltr'>quod</span> 
     </span>
     <span class='ocr_line' id='line_1_43' title="bbox 204 2695 897 2738; baseline 0 -10"><span class='ocrx_word' id='word_1_223' title='bbox 204 2698 336 2738; x_wconf 79' lang='lat' dir='ltr'>volunt,</span> <span class='ocrx_word' id='word_1_224' title='bbox 354 2697 538 2728; x_wconf 80' lang='lat' dir='ltr'>somniant:</span> <span class='ocrx_word' id='word_1_225' title='bbox 563 2695 642 2726; x_wconf 87' lang='lat' dir='ltr'>mihi</span> <span class='ocrx_word' id='word_1_226' title='bbox 658 2696 738 2727; x_wconf 89' lang='lat' dir='ltr'>nihil</span> <span class='ocrx_word' id='word_1_227' title='bbox 764 2697 897 2728; x_wconf 85' lang='lat' dir='ltr'>illorum</span> 
     </span>
     <span class='ocr_line' id='line_1_44' title="bbox 204 2749 332 2788; baseline -0.008 -9"><span class='ocrx_word' id='word_1_228' title='bbox 204 2749 332 2788; x_wconf 86' lang='lat' dir='ltr'>placet.</span> 
     </span>
    </p>

    <p class='ocr_par' dir='ltr' id='par_1_20' title="bbox 201 2795 899 2939">
     <span class='ocr_line' id='line_1_45' title="bbox 248 2795 899 2837; baseline -0.003 -9"><span class='ocrx_word' id='word_1_229' title='bbox 248 2800 306 2829; x_wconf 75' lang='lat'>131</span> <span class='ocrx_word' id='word_1_230' title='bbox 342 2797 426 2828; x_wconf 85' lang='lat' dir='ltr'>Dum</span> <span class='ocrx_word' id='word_1_231' title='bbox 453 2797 639 2837; x_wconf 78' lang='lat' dir='ltr'>proeclarum</span> <span class='ocrx_word' id='word_1_232' title='bbox 667 2796 785 2836; x_wconf 80' lang='lat' dir='ltr'>aliquid</span> <span class='ocrx_word' id='word_1_233' title='bbox 813 2795 899 2826; x_wconf 75' lang='lat' dir='ltr'>dolor</span> 
     </span>
     <span class='ocr_line' id='line_1_46' title="bbox 201 2846 898 2887; baseline -0.003 -9"><span class='ocrx_word' id='word_1_234' title='bbox 201 2849 375 2880; x_wconf 80' lang='lat' dir='ltr'>indecoctus</span> <span class='ocrx_word' id='word_1_235' title='bbox 390 2847 529 2887; x_wconf 76' lang='lat' dir='ltr'>anhelat]</span> <span class='ocrx_word' id='word_1_236' title='bbox 555 2847 694 2878; x_wconf 86' lang='lat' dir='ltr'>Persius</span> <span class='ocrx_word' id='word_1_237' title='bbox 710 2846 782 2877; x_wconf 88' lang='lat' dir='ltr'>Sat.</span> <span class='ocrx_word' id='word_1_238' title='bbox 800 2854 824 2876; x_wconf 87' lang='lat'>1.</span> <span class='ocrx_word' id='word_1_239' title='bbox 848 2847 857 2863; x_wconf 87' lang='lat'>‘</span> <span class='ocrx_word' id='word_1_240' title='bbox 872 2847 898 2876; x_wconf 89' lang='lat' dir='ltr'>si</span> 
     </span>
     <span class='ocr_line' id='line_1_47' title="bbox 204 2895 898 2939; baseline 0 -12"><span class='ocrx_word' id='word_1_241' title='bbox 204 2897 293 2930; x_wconf 80' lang='lat' dir='ltr'>forte</span> <span class='ocrx_word' id='word_1_242' title='bbox 330 2898 456 2939; x_wconf 83' lang='lat' dir='ltr'>aliquid</span> <span class='ocrx_word' id='word_1_243' title='bbox 490 2897 664 2929; x_wconf 85' lang='lat' dir='ltr'>decoctius</span> <span class='ocrx_word' id='word_1_244' title='bbox 704 2896 797 2928; x_wconf 83' lang='lat' dir='ltr'>audis</span> <span class='ocrx_word' id='word_1_245' title='bbox 812 2895 832 2927; x_wconf 87' lang='lat'>:&#39;</span> <span class='ocrx_word' id='word_1_246' title='bbox 857 2895 898 2927; x_wconf 89' lang='lat' dir='ltr'>ad</span> 
     </span>
    </p>
   </div>
   <div class='ocr_carea' id='block_1_18' title="bbox 943 1851 1649 2927">
    <p class='ocr_par' dir='ltr' id='par_1_21' title="bbox 943 1851 1649 2927">
     <span class='ocr_line' id='line_1_48' title="bbox 943 1851 1637 1893; baseline -0.004 -9"><span class='ocrx_word' id='word_1_247' title='bbox 943 1862 1042 1893; x_wconf 90' lang='lat' dir='ltr'>quem</span> <span class='ocrx_word' id='word_1_248' title='bbox 1072 1854 1181 1885; x_wconf 83' lang='lat' dir='ltr'>locum</span> <span class='ocrx_word' id='word_1_249' title='bbox 1208 1853 1285 1884; x_wconf 91' lang='lat' dir='ltr'>vide</span> <span class='ocrx_word' id='word_1_250' title='bbox 1312 1852 1449 1883; x_wconf 86' lang='lat' dir='ltr'>doctiss.</span> <span class='ocrx_word' id='word_1_251' title='bbox 1466 1851 1637 1882; x_wconf 81' lang='lat' dir='ltr'>Casaubo-</span> 
     </span>
     <span class='ocr_line' id='line_1_49' title="bbox 943 1900 1635 1934; baseline -0.003 -2"><span class='ocrx_word' id='word_1_252' title='bbox 943 1912 1032 1933; x_wconf 88' lang='lat' dir='ltr'>num.</span> <span class='ocrx_word' id='word_1_253' title='bbox 1076 1902 1172 1934; x_wconf 84' lang='lat' dir='ltr'>Infra</span> <span class='ocrx_word' id='word_1_254' title='bbox 1189 1911 1244 1934; x_wconf 88' lang='grc' dir='ltr'><strong>ιιι.</strong></span> <span class='ocrx_word' id='word_1_255' title='bbox 1260 1905 1335 1933; x_wconf 81' lang='grc'><strong>435.</strong></span> <span class='ocrx_word' id='word_1_256' title='bbox 1360 1902 1369 1917; x_wconf 81' lang='lat'>‘</span> <span class='ocrx_word' id='word_1_257' title='bbox 1386 1902 1429 1932; x_wconf 90' lang='lat' dir='ltr'>Et</span> <span class='ocrx_word' id='word_1_258' title='bbox 1454 1902 1500 1931; x_wconf 87' lang='lat' dir='ltr'>nil</span> <span class='ocrx_word' id='word_1_259' title='bbox 1517 1900 1635 1931; x_wconf 82' lang='lat' dir='ltr'>decoc-</span> 
     </span>
     <span class='ocr_line' id='line_1_50' title="bbox 943 1949 1636 1990; baseline -0.004 -8"><span class='ocrx_word' id='word_1_260' title='bbox 943 1952 1008 1983; x_wconf 86' lang='lat' dir='ltr'>tius</span> <span class='ocrx_word' id='word_1_261' title='bbox 1032 1952 1159 1983; x_wconf 85' lang='lat' dir='ltr'>audens</span> <span class='ocrx_word' id='word_1_262' title='bbox 1179 1953 1236 1984; x_wconf 85' lang='lat' dir='ltr'>Ira</span> <span class='ocrx_word' id='word_1_263' title='bbox 1259 1950 1403 1983; x_wconf 87' lang='lat' dir='ltr'>recens.’</span> <span class='ocrx_word' id='word_1_264' title='bbox 1446 1951 1544 1990; x_wconf 77' lang='lat' dir='ltr'>Virg.</span> <span class='ocrx_word' id='word_1_265' title='bbox 1560 1949 1636 1980; x_wconf 81' lang='lat' dir='ltr'>AEn.</span> 
     </span>
     <span class='ocr_line' id='line_1_51' title="bbox 943 2001 1637 2040; baseline -0.003 -9"><span class='ocrx_word' id='word_1_266' title='bbox 943 2010 1008 2033; x_wconf 81' lang='lat' dir='ltr'>vn.</span> <span class='ocrx_word' id='word_1_267' title='bbox 1041 2004 1050 2020; x_wconf 88' lang='lat'>‘</span> <span class='ocrx_word' id='word_1_268' title='bbox 1070 2003 1250 2033; x_wconf 79' lang='lat' dir='ltr'>Foemineae</span> <span class='ocrx_word' id='word_1_269' title='bbox 1276 2001 1448 2032; x_wconf 73' lang='lat' dir='ltr'>ardentem</span> <span class='ocrx_word' id='word_1_270' title='bbox 1477 2008 1637 2040; x_wconf 70' lang='lat' dir='ltr'>curaeque</span> 
     </span>
     <span class='ocr_line' id='line_1_52' title="bbox 943 2048 1638 2092; baseline -0.003 -12"><span class='ocrx_word' id='word_1_271' title='bbox 943 2050 1070 2091; x_wconf 82' lang='lat' dir='ltr'>iraeque</span> <span class='ocrx_word' id='word_1_272' title='bbox 1086 2049 1300 2092; x_wconf 68' lang='lat' dir='ltr'>coquebant!</span> <span class='ocrx_word' id='word_1_273' title='bbox 1346 2049 1448 2080; x_wconf 85' lang='lat' dir='ltr'>Silius</span> <span class='ocrx_word' id='word_1_274' title='bbox 1475 2057 1525 2079; x_wconf 81' lang='lat' dir='ltr'>w.</span> <span class='ocrx_word' id='word_1_275' title='bbox 1548 2049 1557 2065; x_wconf 80' lang='lat'><strong><em>⁴</em></strong></span> <span class='ocrx_word' id='word_1_276' title='bbox 1576 2048 1638 2079; x_wconf 90' lang='lat' dir='ltr'>Cui</span> 
     </span>
     <span class='ocr_line' id='line_1_53' title="bbox 943 2097 1639 2141; baseline -0.006 -10"><span class='ocrx_word' id='word_1_277' title='bbox 943 2101 1072 2139; x_wconf 84' lang='lat' dir='ltr'>consul,</span> <span class='ocrx_word' id='word_1_278' title='bbox 1087 2109 1231 2141; x_wconf 85' lang='lat' dir='ltr'>namque</span> <span class='ocrx_word' id='word_1_279' title='bbox 1243 2100 1292 2130; x_wconf 88' lang='lat' dir='ltr'>ira</span> <span class='ocrx_word' id='word_1_280' title='bbox 1305 2097 1444 2140; x_wconf 90' lang='lat' dir='ltr'>coquit.&#39;</span> <span class='ocrx_word' id='word_1_281' title='bbox 1475 2098 1531 2128; x_wconf 85' lang='lat' dir='ltr'>Ita</span> <span class='ocrx_word' id='word_1_282' title='bbox 1543 2097 1639 2128; x_wconf 85' lang='lat' dir='ltr'>Grae-</span> 
     </span>
     <span class='ocr_line' id='line_1_54' title="bbox 944 2146 1641 2190; baseline -0.004 -11"><span class='ocrx_word' id='word_1_283' title='bbox 944 2150 974 2180; x_wconf 88' lang='lat' dir='ltr'>ci</span> <span class='ocrx_word' id='word_1_284' title='bbox 999 2149 1092 2189; x_wconf 81' lang='grc' dir='ltr'><strong>πέψαι</strong></span> <span class='ocrx_word' id='word_1_285' title='bbox 1119 2149 1226 2190; x_wconf 77' lang='grc' dir='ltr'>ὀργήν.</span> <span class='ocrx_word' id='word_1_286' title='bbox 1279 2149 1388 2180; x_wconf 87' lang='lat' dir='ltr'>Arist.</span> <span class='ocrx_word' id='word_1_287' title='bbox 1412 2147 1446 2177; x_wconf 81' lang='grc' dir='ltr'>ἐν</span> <span class='ocrx_word' id='word_1_288' title='bbox 1474 2147 1554 2185; x_wconf 77' lang='grc' dir='ltr'><strong>αὐτῷ</strong></span> <span class='ocrx_word' id='word_1_289' title='bbox 1578 2146 1641 2186; x_wconf 71' lang='grc' dir='ltr'>’γὰρ</span> 
     </span>
     <span class='ocr_line' id='line_1_55' title="bbox 946 2196 1641 2239; baseline -0.004 -11"><span class='ocrx_word' id='word_1_290' title='bbox 946 2197 1038 2238; x_wconf 90' lang='grc' dir='ltr'><strong>πέψαι</strong></span> <span class='ocrx_word' id='word_1_291' title='bbox 1066 2198 1162 2238; x_wconf 71' lang='grc' dir='ltr'>ὀργὴν</span> <span class='ocrx_word' id='word_1_292' title='bbox 1191 2197 1304 2239; x_wconf 83' lang='grc' dir='ltr'>χρόνον</span> <span class='ocrx_word' id='word_1_293' title='bbox 1328 2199 1434 2228; x_wconf 78' lang='grc' dir='ltr'><strong>δεῖται.</strong></span> <span class='ocrx_word' id='word_1_294' title='bbox 1497 2196 1641 2227; x_wconf 85' lang='lat' dir='ltr'>Homer.</span> 
     </span>
     <span class='ocr_line' id='line_1_56' title="bbox 948 2244 1640 2286; baseline -0.004 -9"><span class='ocrx_word' id='word_1_295' title='bbox 948 2247 1047 2277; x_wconf 90' lang='lat' dir='ltr'>Iliad.</span> <span class='ocrx_word' id='word_1_296' title='bbox 1059 2252 1097 2277; x_wconf 90' lang='grc' dir='ltr'>Δ.</span> <span class='ocrx_word' id='word_1_297' title='bbox 1109 2246 1210 2286; x_wconf 81' lang='grc' dir='ltr'>χόλον</span> <span class='ocrx_word' id='word_1_298' title='bbox 1221 2245 1382 2285; x_wconf 74' lang='grc' dir='ltr'>θυμαλγέα</span> <span class='ocrx_word' id='word_1_299' title='bbox 1396 2244 1519 2276; x_wconf 84' lang='grc' dir='ltr'><strong>πέσσει.</strong></span> <span class='ocrx_word' id='word_1_300' title='bbox 1553 2244 1640 2275; x_wconf 88' lang='lat' dir='ltr'>Vide</span> 
     </span>
     <span class='ocr_line' id='line_1_57' title="bbox 949 2293 1641 2333; baseline -0.006 -6"><span class='ocrx_word' id='word_1_301' title='bbox 949 2295 1136 2327; x_wconf 84' lang='lat' dir='ltr'>Acidaiium</span> <span class='ocrx_word' id='word_1_302' title='bbox 1153 2297 1196 2327; x_wconf 83' lang='lat' dir='ltr'>ad</span> <span class='ocrx_word' id='word_1_303' title='bbox 1212 2296 1361 2327; x_wconf 80' lang='lat' dir='ltr'>Militem</span> <span class='ocrx_word' id='word_1_304' title='bbox 1378 2294 1504 2325; x_wconf 88' lang='lat' dir='ltr'>Plauti.</span> <span class='ocrx_word' id='word_1_305' title='bbox 1534 2293 1641 2333; x_wconf 82' lang='lat' dir='ltr'><strong>Chry·</strong></span> 
     </span>
     <span class='ocr_line' id='line_1_58' title="bbox 949 2345 1643 2386; baseline 0 -10"><span class='ocrx_word' id='word_1_306' title='bbox 949 2351 1030 2377; x_wconf 85' lang='lat' dir='ltr'>sost.</span> <span class='ocrx_word' id='word_1_307' title='bbox 1047 2346 1081 2376; x_wconf 92' lang='lat' dir='ltr'>in</span> <span class='ocrx_word' id='word_1_308' title='bbox 1096 2346 1184 2378; x_wconf 85' lang='lat' dir='ltr'>Acta</span> <span class='ocrx_word' id='word_1_309' title='bbox 1198 2345 1321 2386; x_wconf 83' lang='lat' dir='ltr'>Apost.</span> <span class='ocrx_word' id='word_1_310' title='bbox 1337 2345 1502 2376; x_wconf 80' lang='lat' dir='ltr'>Hom-31.</span> <span class='ocrx_word' id='word_1_311' title='bbox 1521 2353 1552 2384; x_wconf 90' lang='lat' dir='ltr'>p.</span> <span class='ocrx_word' id='word_1_312' title='bbox 1566 2345 1643 2376; x_wconf 78' lang='lat'>669.</span> 
     </span>
     <span class='ocr_line' id='line_1_59' title="bbox 949 2393 1643 2435; baseline 0 -10"><span class='ocrx_word' id='word_1_313' title='bbox 949 2395 1025 2435; x_wconf 74' lang='grc' dir='ltr'>ὀργὴ</span> <span class='ocrx_word' id='word_1_314' title='bbox 1035 2396 1228 2434; x_wconf 82' lang='grc' dir='ltr'><strong>ἀδιαμάσητα</strong></span> <span class='ocrx_word' id='word_1_315' title='bbox 1234 2394 1337 2426; x_wconf 81' lang='grc' dir='ltr'><strong>πάντα</strong></span> <span class='ocrx_word' id='word_1_316' title='bbox 1346 2393 1529 2434; x_wconf 68' lang='grc' dir='ltr'><strong>φθέγγεται.</strong></span> <span class='ocrx_word' id='word_1_317' title='bbox 1542 2393 1643 2425; x_wconf 88' lang='lat' dir='ltr'>Pind.</span> 
     </span>
     <span class='ocr_line' id='line_1_60' title="bbox 950 2443 1643 2486; baseline -0.006 -9"><span class='ocrx_word' id='word_1_318' title='bbox 950 2446 1089 2486; x_wconf 85' lang='lat' dir='ltr'>Olymp.</span> <span class='ocrx_word' id='word_1_319' title='bbox 1106 2446 1172 2476; x_wconf 87' lang='lat' dir='ltr'>Od.</span> <span class='ocrx_word' id='word_1_320' title='bbox 1190 2449 1219 2478; x_wconf 88' lang='lat' dir='ltr'>l.</span> <span class='ocrx_word' id='word_1_321' title='bbox 1241 2445 1413 2485; x_wconf 76' lang='grc' dir='ltr'><strong>καταπέψαι</strong></span> <span class='ocrx_word' id='word_1_322' title='bbox 1428 2443 1529 2483; x_wconf 76' lang='grc' dir='ltr'><strong>μέγαν</strong></span> <span class='ocrx_word' id='word_1_323' title='bbox 1543 2443 1643 2479; x_wconf 82' lang='grc' dir='ltr'>ὄλβον</span> 
     </span>
     <span class='ocr_line' id='line_1_61' title="bbox 950 2493 1644 2534; baseline -0.003 -8"><span class='ocrx_word' id='word_1_324' title='bbox 950 2496 1005 2526; x_wconf 84' lang='grc' dir='ltr'>οὐκ</span> <span class='ocrx_word' id='word_1_325' title='bbox 1018 2494 1178 2532; x_wconf 83' lang='grc' dir='ltr'>ἐδυνάσθη.</span> <span class='ocrx_word' id='word_1_326' title='bbox 1222 2495 1366 2529; x_wconf 81' lang='lat' dir='ltr'>Quintil.</span> <span class='ocrx_word' id='word_1_327' title='bbox 1380 2495 1493 2534; x_wconf 68' lang='grc' dir='ltr'>’γλυκεῖ</span> <span class='ocrx_word' id='word_1_328' title='bbox 1505 2493 1644 2533; x_wconf 82' lang='grc' dir='ltr'><strong>σχήματι</strong></span> 
     </span>
     <span class='ocr_line' id='line_1_62' title="bbox 951 2544 1648 2585; baseline -0.004 -8"><span class='ocrx_word' id='word_1_329' title='bbox 951 2555 992 2577; x_wconf 89' lang='lat'>11.</span> <span class='ocrx_word' id='word_1_330' title='bbox 1009 2555 1086 2585; x_wconf 88' lang='lat' dir='ltr'>cap.</span> <span class='ocrx_word' id='word_1_331' title='bbox 1102 2548 1133 2576; x_wconf 87' lang='grc'>4.</span> <span class='ocrx_word' id='word_1_332' title='bbox 1156 2547 1166 2562; x_wconf 86' lang='lat'>‘</span> <span class='ocrx_word' id='word_1_333' title='bbox 1184 2545 1330 2576; x_wconf 80' lang='lat' dir='ltr'>Multum</span> <span class='ocrx_word' id='word_1_334' title='bbox 1347 2545 1541 2585; x_wconf 85' lang='lat' dir='ltr'>decoquent</span> <span class='ocrx_word' id='word_1_335' title='bbox 1555 2544 1648 2583; x_wconf 88' lang='lat' dir='ltr'>anni,</span> 
     </span>
     <span class='ocr_line' id='line_1_63' title="bbox 949 2592 1644 2634; baseline -0.003 -9"><span class='ocrx_word' id='word_1_336' title='bbox 949 2595 1090 2626; x_wconf 86' lang='lat' dir='ltr'>multum</span> <span class='ocrx_word' id='word_1_337' title='bbox 1119 2595 1206 2626; x_wconf 86' lang='lat' dir='ltr'>ratio</span> <span class='ocrx_word' id='word_1_338' title='bbox 1232 2594 1376 2633; x_wconf 86' lang='lat' dir='ltr'>limabit,</span> <span class='ocrx_word' id='word_1_339' title='bbox 1401 2593 1525 2634; x_wconf 80' lang='lat' dir='ltr'>aliquid</span> <span class='ocrx_word' id='word_1_340' title='bbox 1551 2592 1644 2624; x_wconf 87' lang='lat' dir='ltr'>velut</span> 
     </span>
     <span class='ocr_line' id='line_1_64' title="bbox 949 2643 1646 2685; baseline -0.001 -10"><span class='ocrx_word' id='word_1_341' title='bbox 949 2654 1009 2676; x_wconf 90' lang='lat' dir='ltr'>usu</span> <span class='ocrx_word' id='word_1_342' title='bbox 1025 2646 1097 2685; x_wconf 82' lang='lat' dir='ltr'>ipso</span> <span class='ocrx_word' id='word_1_343' title='bbox 1113 2644 1311 2676; x_wconf 83' lang='lat' dir='ltr'>deteretur.’</span> <span class='ocrx_word' id='word_1_344' title='bbox 1334 2644 1343 2662; x_wconf 88' lang='lat'>‘</span> <span class='ocrx_word' id='word_1_345' title='bbox 1356 2643 1488 2674; x_wconf 88' lang='lat' dir='ltr'>Incocti</span> <span class='ocrx_word' id='word_1_346' title='bbox 1501 2652 1646 2683; x_wconf 86' lang='lat' dir='ltr'>corpora</span> 
     </span>
     <span class='ocr_line' id='line_1_65' title="bbox 950 2693 1646 2730; baseline -0.003 -4"><span class='ocrx_word' id='word_1_347' title='bbox 950 2694 1087 2730; x_wconf 88' lang='lat' dir='ltr'>Mauri,&#39;</span> <span class='ocrx_word' id='word_1_348' title='bbox 1104 2695 1162 2726; x_wconf 90' lang='lat' dir='ltr'>Sil.</span> <span class='ocrx_word' id='word_1_349' title='bbox 1179 2695 1213 2726; x_wconf 89' lang='lat' dir='ltr'>in</span> <span class='ocrx_word' id='word_1_350' title='bbox 1230 2694 1287 2726; x_wconf 78' lang='lat' dir='ltr'>fin.</span> <span class='ocrx_word' id='word_1_351' title='bbox 1304 2693 1361 2725; x_wconf 85' lang='lat' dir='ltr'>lib.</span> <span class='ocrx_word' id='word_1_352' title='bbox 1383 2701 1475 2724; x_wconf 84' lang='lat' dir='ltr'>xvn.</span> <span class='ocrx_word' id='word_1_353' title='bbox 1508 2693 1646 2724; x_wconf 85' lang='lat' dir='ltr'>Lucret.</span> 
     </span>
     <span class='ocr_line' id='line_1_66' title="bbox 950 2742 1648 2785; baseline -0.003 -10"><span class='ocrx_word' id='word_1_354' title='bbox 950 2745 1064 2785; x_wconf 79' lang='lat' dir='ltr'>‘nigra</span> <span class='ocrx_word' id='word_1_355' title='bbox 1078 2744 1184 2775; x_wconf 88' lang='lat' dir='ltr'>virum</span> <span class='ocrx_word' id='word_1_356' title='bbox 1199 2748 1423 2784; x_wconf 83' lang='lat' dir='ltr'>percoctaque</span> <span class='ocrx_word' id='word_1_357' title='bbox 1435 2743 1540 2773; x_wconf 84' lang='lat' dir='ltr'>saecla</span> <span class='ocrx_word' id='word_1_358' title='bbox 1556 2742 1648 2774; x_wconf 84' lang='lat' dir='ltr'>calo·</span> 
     </span>
     <span class='ocr_line' id='line_1_67' title="bbox 952 2791 1647 2826; baseline -0.004 0"><span class='ocrx_word' id='word_1_359' title='bbox 952 2794 1009 2826; x_wconf 67' lang='lat' dir='ltr'>re!</span> <span class='ocrx_word' id='word_1_360' title='bbox 1041 2796 1092 2826; x_wconf 88' lang='lat' dir='ltr'>De</span> <span class='ocrx_word' id='word_1_361' title='bbox 1105 2794 1301 2826; x_wconf 83' lang='lat' dir='ltr'>mulieribus</span> <span class='ocrx_word' id='word_1_362' title='bbox 1315 2792 1457 2825; x_wconf 85' lang='lat' dir='ltr'>incoctis</span> <span class='ocrx_word' id='word_1_363' title='bbox 1474 2791 1549 2823; x_wconf 86' lang='lat' dir='ltr'>vide</span> <span class='ocrx_word' id='word_1_364' title='bbox 1566 2792 1647 2823; x_wconf 85' lang='lat' dir='ltr'>Fes-</span> 
     </span>
     <span class='ocr_line' id='line_1_68' title="bbox 953 2843 1647 2885; baseline -0.004 -9"><span class='ocrx_word' id='word_1_365' title='bbox 953 2850 1037 2884; x_wconf 86' lang='lat' dir='ltr'>tum,</span> <span class='ocrx_word' id='word_1_366' title='bbox 1047 2849 1083 2876; x_wconf 90' lang='lat' dir='ltr'>et</span> <span class='ocrx_word' id='word_1_367' title='bbox 1097 2844 1259 2885; x_wconf 84' lang='lat' dir='ltr'>Scaliger.</span> <span class='ocrx_word' id='word_1_368' title='bbox 1271 2844 1425 2884; x_wconf 89' lang='lat' dir='ltr'>Conject.</span> <span class='ocrx_word' id='word_1_369' title='bbox 1437 2852 1471 2884; x_wconf 88' lang='lat' dir='ltr'>p.</span> <span class='ocrx_word' id='word_1_370' title='bbox 1490 2845 1562 2874; x_wconf 84' lang='lat'>139.</span> <span class='ocrx_word' id='word_1_371' title='bbox 1584 2843 1647 2875; x_wconf 82' lang='lat' dir='ltr'>Ju-</span> 
     </span>
     <span class='ocr_line' id='line_1_69' title="bbox 956 2891 1649 2927; baseline -0.004 -1"><span class='ocrx_word' id='word_1_372' title='bbox 956 2895 1048 2927; x_wconf 84' lang='lat' dir='ltr'>nium</span> <span class='ocrx_word' id='word_1_373' title='bbox 1065 2894 1098 2926; x_wconf 89' lang='lat' dir='ltr'>in</span> <span class='ocrx_word' id='word_1_374' title='bbox 1115 2893 1272 2926; x_wconf 86' lang='lat' dir='ltr'>Animad.</span> <span class='ocrx_word' id='word_1_375' title='bbox 1289 2902 1345 2925; x_wconf 90' lang='grc' dir='ltr'><strong>ιιι.</strong></span> <span class='ocrx_word' id='word_1_376' title='bbox 1357 2896 1388 2925; x_wconf 83' lang='grc'>5.</span> <span class='ocrx_word' id='word_1_377' title='bbox 1402 2892 1444 2925; x_wconf 89' lang='lat' dir='ltr'>de</span> <span class='ocrx_word' id='word_1_378' title='bbox 1460 2891 1649 2924; x_wconf 77' lang='lat' dir='ltr'>‘1·ec0ctis.&#39;</span> 
     </span>
    </p>
   </div>
  </div>
 </body>
</html>
