<?xml version="1.0" encoding="UTF-8"?>
<!DOCTYPE html PUBLIC "-//W3C//DTD XHTML 1.0 Transitional//EN"
    "http://www.w3.org/TR/xhtml1/DTD/xhtml1-transitional.dtd">
<html xmlns="http://www.w3.org/1999/xhtml" xml:lang="en" lang="en">
 <head>
  <title>
</title>
<meta http-equiv="Content-Type" content="text/html;charset=utf-8" />
  <meta name='ocr-system' content='tesseract 3.04.00' />
  <meta name='ocr-capabilities' content='ocr_page ocr_carea ocr_par ocr_line ocrx_word'/>
</head>
<body>
  <div class='ocr_page' id='page_1' title='image "./dictyscretensise02dictuoft_0016.png"; bbox 0 0 1889 3194; ppageno 0'>
   <div class='ocr_carea' id='block_1_1' title="bbox 237 267 1162 311">
    <p class='ocr_par' dir='ltr' id='par_1_1' title="bbox 237 267 1162 311">
     <span class='ocr_line' id='line_1_1' title="bbox 237 267 1162 311; baseline 0.003 -3"><span class='ocrx_word' id='word_1_1' title='bbox 237 267 323 308; x_wconf 84' lang='lat'>360</span> <span class='ocrx_word' id='word_1_2' title='bbox 784 279 850 311; x_wconf 76' lang='lat' dir='ltr'>An</span> <span class='ocrx_word' id='word_1_3' title='bbox 886 280 1162 311; x_wconf 74' lang='lat' dir='ltr'><strong>LECTOREM.</strong></span> 
     </span>
    </p>
   </div>
   <div class='ocr_carea' id='block_1_2' title="bbox 233 373 1691 2627">
    <p class='ocr_par' dir='ltr' id='par_1_2' title="bbox 234 373 1691 1416">
     <span class='ocr_line' id='line_1_2' title="bbox 240 373 1687 428; baseline 0.003 -16"><span class='ocrx_word' id='word_1_4' title='bbox 240 385 331 422; x_wconf 90' lang='lat' dir='ltr'>ora,</span> <span class='ocrx_word' id='word_1_5' title='bbox 345 385 478 426; x_wconf 90' lang='lat' dir='ltr'>quam</span> <span class='ocrx_word' id='word_1_6' title='bbox 492 373 706 427; x_wconf 88' lang='lat' dir='ltr'>pessima:</span> <span class='ocrx_word' id='word_1_7' title='bbox 728 375 866 416; x_wconf 88' lang='lat' dir='ltr'>multa</span> <span class='ocrx_word' id='word_1_8' title='bbox 885 376 1069 428; x_wconf 82' lang='lat' dir='ltr'>egregie,</span> <span class='ocrx_word' id='word_1_9' title='bbox 1085 375 1227 416; x_wconf 89' lang='lat' dir='ltr'>multa</span> <span class='ocrx_word' id='word_1_10' title='bbox 1240 375 1465 425; x_wconf 89' lang='lat' dir='ltr'>concinne,</span> <span class='ocrx_word' id='word_1_11' title='bbox 1478 375 1687 426; x_wconf 83' lang='lat' dir='ltr'>suaviter,</span> 
     </span>
     <span class='ocr_line' id='line_1_3' title="bbox 241 439 1688 496; baseline 0.003 -16"><span class='ocrx_word' id='word_1_12' title='bbox 241 443 390 480; x_wconf 89' lang='lat' dir='ltr'>ornate</span> <span class='ocrx_word' id='word_1_13' title='bbox 425 439 556 490; x_wconf 87' lang='lat' dir='ltr'>dixit,</span> <span class='ocrx_word' id='word_1_14' title='bbox 598 455 697 495; x_wconf 87' lang='lat' dir='ltr'>quae</span> <span class='ocrx_word' id='word_1_15' title='bbox 736 454 763 482; x_wconf 92' lang='lat' dir='ltr'>a</span> <span class='ocrx_word' id='word_1_16' title='bbox 798 442 919 483; x_wconf 91' lang='lat' dir='ltr'>nullo</span> <span class='ocrx_word' id='word_1_17' title='bbox 951 442 1108 483; x_wconf 88' lang='lat' dir='ltr'>melius</span> <span class='ocrx_word' id='word_1_18' title='bbox 1139 442 1227 483; x_wconf 89' lang='lat' dir='ltr'>dici</span> <span class='ocrx_word' id='word_1_19' title='bbox 1257 447 1471 495; x_wconf 87' lang='lat' dir='ltr'>possunt:</span> <span class='ocrx_word' id='word_1_20' title='bbox 1506 443 1688 496; x_wconf 88' lang='lat' dir='ltr'>anquire</span> 
     </span>
     <span class='ocr_line' id='line_1_4' title="bbox 239 507 1689 560; baseline 0.002 -13"><span class='ocrx_word' id='word_1_21' title='bbox 239 512 428 560; x_wconf 87' lang='lat' dir='ltr'>quatuor</span> <span class='ocrx_word' id='word_1_22' title='bbox 447 507 547 548; x_wconf 87' lang='lat' dir='ltr'>illas</span> <span class='ocrx_word' id='word_1_23' title='bbox 568 508 723 550; x_wconf 74' lang='lat' dir='ltr'>Poetae</span> <span class='ocrx_word' id='word_1_24' title='bbox 743 509 941 558; x_wconf 87' lang='lat' dir='ltr'>virtutes,</span> <span class='ocrx_word' id='word_1_25' title='bbox 973 521 1171 557; x_wconf 87' lang='lat' dir='ltr'>nervum,</span> <span class='ocrx_word' id='word_1_26' title='bbox 1195 521 1434 559; x_wconf 88' lang='lat' dir='ltr'>numerum,</span> <span class='ocrx_word' id='word_1_27' title='bbox 1455 509 1689 550; x_wconf 89' lang='lat' dir='ltr'>candorem</span> 
     </span>
     <span class='ocr_line' id='line_1_5' title="bbox 239 573 1685 631; baseline 0.001 -17"><span class='ocrx_word' id='word_1_28' title='bbox 239 578 284 614; x_wconf 86' lang='lat' dir='ltr'>et</span> <span class='ocrx_word' id='word_1_29' title='bbox 304 577 592 625; x_wconf 78' lang='lat' dir='ltr'>venustatem,</span> <span class='ocrx_word' id='word_1_30' title='bbox 607 575 804 617; x_wconf 82' lang='lat' dir='ltr'>invenies</span> <span class='ocrx_word' id='word_1_31' title='bbox 819 574 859 615; x_wconf 76' lang='grc' dir='ltr'>τὸ</span> <span class='ocrx_word' id='word_1_32' title='bbox 874 575 1045 628; x_wconf 76' lang='grc' dir='ltr'><em>ἐμμελὲς,</em></span> <span class='ocrx_word' id='word_1_33' title='bbox 1063 574 1127 614; x_wconf 77' lang='grc' dir='ltr'>καὶ</span> <span class='ocrx_word' id='word_1_34' title='bbox 1145 574 1271 631; x_wconf 63' lang='grc' dir='ltr'><em>ὑγρὸν,</em></span> <span class='ocrx_word' id='word_1_35' title='bbox 1288 575 1351 615; x_wconf 70' lang='grc' dir='ltr'>καὶ</span> <span class='ocrx_word' id='word_1_36' title='bbox 1367 573 1685 627; x_wconf 68' lang='grc' dir='ltr'><em>μεμουσωμένον.ἕ</em></span> 
     </span>
     <span class='ocr_line' id='line_1_6' title="bbox 239 639 1690 696; baseline 0.001 -15"><span class='ocrx_word' id='word_1_37' title='bbox 239 639 428 682; x_wconf 89' lang='lat' dir='ltr'>Ovidius</span> <span class='ocrx_word' id='word_1_38' title='bbox 447 641 591 682; x_wconf 86' lang='lat' dir='ltr'>dicere</span> <span class='ocrx_word' id='word_1_39' title='bbox 617 642 771 683; x_wconf 86' lang='lat' dir='ltr'>solitus</span> <span class='ocrx_word' id='word_1_40' title='bbox 789 645 871 692; x_wconf 89' lang='lat' dir='ltr'>est,</span> <span class='ocrx_word' id='word_1_41' title='bbox 895 642 1194 683; x_wconf 85' lang='lat' dir='ltr'>decentiorem</span> <span class='ocrx_word' id='word_1_42' title='bbox 1216 654 1317 683; x_wconf 86' lang='lat' dir='ltr'>esse</span> <span class='ocrx_word' id='word_1_43' title='bbox 1335 642 1512 692; x_wconf 88' lang='lat' dir='ltr'>faciem,</span> <span class='ocrx_word' id='word_1_44' title='bbox 1534 642 1580 682; x_wconf 92' lang='lat' dir='ltr'>in</span> <span class='ocrx_word' id='word_1_45' title='bbox 1601 655 1690 696; x_wconf 91' lang='lat' dir='ltr'>qua</span> 
     </span>
     <span class='ocr_line' id='line_1_7' title="bbox 238 707 1690 762; baseline 0.001 -14"><span class='ocrx_word' id='word_1_46' title='bbox 238 707 397 761; x_wconf 89' lang='lat' dir='ltr'>aliquis</span> <span class='ocrx_word' id='word_1_47' title='bbox 413 721 571 749; x_wconf 84' lang='lat' dir='ltr'>naevus</span> <span class='ocrx_word' id='word_1_48' title='bbox 591 722 602 750; x_wconf 91' lang='lat'>:</span> <span class='ocrx_word' id='word_1_49' title='bbox 625 709 679 749; x_wconf 89' lang='lat' dir='ltr'>de</span> <span class='ocrx_word' id='word_1_50' title='bbox 697 709 868 750; x_wconf 88' lang='lat' dir='ltr'>Nostro</span> <span class='ocrx_word' id='word_1_51' title='bbox 890 721 1035 749; x_wconf 91' lang='lat' dir='ltr'>verum</span> <span class='ocrx_word' id='word_1_52' title='bbox 1059 713 1185 762; x_wconf 90' lang='lat' dir='ltr'>puto,</span> <span class='ocrx_word' id='word_1_53' title='bbox 1207 709 1386 762; x_wconf 91' lang='lat' dir='ltr'>quinon</span> <span class='ocrx_word' id='word_1_54' title='bbox 1409 709 1555 749; x_wconf 89' lang='lat' dir='ltr'>omnia</span> <span class='ocrx_word' id='word_1_55' title='bbox 1567 709 1690 750; x_wconf 89' lang='lat' dir='ltr'>linea</span> 
     </span>
     <span class='ocr_line' id='line_1_8' title="bbox 239 774 1690 829; baseline 0.002 -15"><span class='ocrx_word' id='word_1_56' title='bbox 239 774 343 814; x_wconf 87' lang='lat' dir='ltr'>alba</span> <span class='ocrx_word' id='word_1_57' title='bbox 367 774 585 827; x_wconf 84' lang='lat' dir='ltr'>signavit:</span> <span class='ocrx_word' id='word_1_58' title='bbox 608 775 685 816; x_wconf 87' lang='lat' dir='ltr'>sed</span> <span class='ocrx_word' id='word_1_59' title='bbox 707 774 846 828; x_wconf 80' lang='lat' dir='ltr'>po&#39;eta</span> <span class='ocrx_word' id='word_1_60' title='bbox 865 778 1004 816; x_wconf 90' lang='lat' dir='ltr'>tuetur</span> <span class='ocrx_word' id='word_1_61' title='bbox 1024 788 1072 815; x_wconf 89' lang='lat' dir='ltr'>se</span> <span class='ocrx_word' id='word_1_62' title='bbox 1096 774 1288 829; x_wconf 89' lang='lat' dir='ltr'>judicio,</span> <span class='ocrx_word' id='word_1_63' title='bbox 1309 775 1489 817; x_wconf 83' lang='lat' dir='ltr'>cuilibet</span> <span class='ocrx_word' id='word_1_64' title='bbox 1506 775 1576 816; x_wconf 90' lang='lat' dir='ltr'>sui</span> <span class='ocrx_word' id='word_1_65' title='bbox 1594 776 1690 829; x_wconf 86' lang='lat' dir='ltr'>pla-</span> 
     </span>
     <span class='ocr_line' id='line_1_9' title="bbox 237 840 1690 896; baseline 0.002 -15"><span class='ocrx_word' id='word_1_66' title='bbox 237 845 308 881; x_wconf 86' lang='lat' dir='ltr'>cet</span> <span class='ocrx_word' id='word_1_67' title='bbox 328 840 436 882; x_wconf 86' lang='lat' dir='ltr'>Idea</span> <span class='ocrx_word' id='word_1_68' title='bbox 458 841 635 894; x_wconf 86' lang='lat' dir='ltr'>ingenii,</span> <span class='ocrx_word' id='word_1_69' title='bbox 655 846 701 882; x_wconf 86' lang='lat' dir='ltr'>et</span> <span class='ocrx_word' id='word_1_70' title='bbox 721 842 818 895; x_wconf 90' lang='lat' dir='ltr'>quis</span> <span class='ocrx_word' id='word_1_71' title='bbox 840 841 1052 883; x_wconf 88' lang='lat' dir='ltr'>Caecilius</span> <span class='ocrx_word' id='word_1_72' title='bbox 1073 855 1297 896; x_wconf 88' lang='lat' dir='ltr'>nunquam</span> <span class='ocrx_word' id='word_1_73' title='bbox 1318 843 1528 884; x_wconf 70' lang='lat' dir='ltr'>caecutit?</span> <span class='ocrx_word' id='word_1_74' title='bbox 1579 842 1690 893; x_wconf 85' lang='lat' dir='ltr'>Qui-</span> 
     </span>
     <span class='ocr_line' id='line_1_10' title="bbox 238 906 1689 964; baseline 0 -16"><span class='ocrx_word' id='word_1_75' title='bbox 238 907 338 948; x_wconf 87' lang='lat' dir='ltr'>dam</span> <span class='ocrx_word' id='word_1_76' title='bbox 351 908 462 948; x_wconf 89' lang='lat' dir='ltr'>bene</span> <span class='ocrx_word' id='word_1_77' title='bbox 477 908 594 961; x_wconf 90' lang='lat' dir='ltr'>apud</span> <span class='ocrx_word' id='word_1_78' title='bbox 608 907 886 957; x_wconf 76' lang='lat' dir='ltr'>Athenaeum,</span> <span class='ocrx_word' id='word_1_79' title='bbox 909 918 993 948; x_wconf 91' lang='lat' dir='ltr'>xv.</span> <span class='ocrx_word' id='word_1_80' title='bbox 1006 908 1106 950; x_wconf 80' lang='lat'>671.</span> <span class='ocrx_word' id='word_1_81' title='bbox 1127 911 1167 949; x_wconf 84' lang='grc' dir='ltr'>οὐ</span> <span class='ocrx_word' id='word_1_82' title='bbox 1186 911 1262 964; x_wconf 70' lang='grc' dir='ltr'>γὰρ</span> <span class='ocrx_word' id='word_1_83' title='bbox 1278 906 1354 964; x_wconf 66' lang='grc' dir='ltr'>ἐγώ</span> <span class='ocrx_word' id='word_1_84' title='bbox 1370 910 1437 957; x_wconf 78' lang='grc' dir='ltr'>τὰς</span> <span class='ocrx_word' id='word_1_85' title='bbox 1454 910 1494 948; x_wconf 79' lang='grc' dir='ltr'>ἐκ</span> <span class='ocrx_word' id='word_1_86' title='bbox 1507 912 1579 948; x_wconf 79' lang='grc' dir='ltr'>τῶν</span> <span class='ocrx_word' id='word_1_87' title='bbox 1599 909 1689 959; x_wconf 80' lang='grc' dir='ltr'>βιβ-</span> 
     </span>
     <span class='ocr_line' id='line_1_11' title="bbox 236 973 1689 1033; baseline 0.001 -20"><span class='ocrx_word' id='word_1_88' title='bbox 236 973 325 1013; x_wconf 73' lang='grc' dir='ltr'><em>λίων</em></span> <span class='ocrx_word' id='word_1_89' title='bbox 343 973 520 1024; x_wconf 77' lang='grc' dir='ltr'><em>ἀκάνθας,</em></span> <span class='ocrx_word' id='word_1_90' title='bbox 537 973 658 1029; x_wconf 76' lang='grc' dir='ltr'><em>ὥσπερ</em></span> <span class='ocrx_word' id='word_1_91' title='bbox 679 974 742 1024; x_wconf 84' lang='grc' dir='ltr'>σὺ,</span> <span class='ocrx_word' id='word_1_92' title='bbox 759 973 1026 1030; x_wconf 77' lang='grc' dir='ltr'><em>ἀναγινώσκων</em></span> <span class='ocrx_word' id='word_1_93' title='bbox 1043 974 1203 1031; x_wconf 76' lang='grc' dir='ltr'><em>ἐκλέγω,</em></span> <span class='ocrx_word' id='word_1_94' title='bbox 1214 978 1320 1016; x_wconf 73' lang='grc' dir='ltr'><em>ἀλλὰ</em></span> <span class='ocrx_word' id='word_1_95' title='bbox 1339 977 1390 1015; x_wconf 84' lang='grc' dir='ltr'>τοὶ</span> <span class='ocrx_word' id='word_1_96' title='bbox 1401 974 1689 1033; x_wconf 63' lang='grc' dir='ltr'><strong><em>χρησιμώτατα</em></strong></span> 
     </span>
     <span class='ocr_line' id='line_1_12' title="bbox 237 1039 1689 1096; baseline 0.003 -16"><span class='ocrx_word' id='word_1_97' title='bbox 237 1041 301 1080; x_wconf 75' lang='grc' dir='ltr'>καὶ</span> <span class='ocrx_word' id='word_1_98' title='bbox 322 1043 432 1089; x_wconf 76' lang='grc' dir='ltr'><em>ἀκοῆς</em></span> <span class='ocrx_word' id='word_1_99' title='bbox 452 1039 558 1090; x_wconf 74' lang='grc' dir='ltr'><strong><em>ἄξια.</em></strong></span> <span class='ocrx_word' id='word_1_100' title='bbox 638 1042 708 1083; x_wconf 91' lang='lat' dir='ltr'>De</span> <span class='ocrx_word' id='word_1_101' title='bbox 741 1055 837 1083; x_wconf 87' lang='lat' dir='ltr'>mea</span> <span class='ocrx_word' id='word_1_102' title='bbox 863 1046 913 1084; x_wconf 86' lang='lat' dir='ltr'>ut</span> <span class='ocrx_word' id='word_1_103' title='bbox 944 1042 1089 1084; x_wconf 89' lang='lat' dir='ltr'>dicam</span> <span class='ocrx_word' id='word_1_104' title='bbox 1121 1056 1271 1096; x_wconf 87' lang='lat' dir='ltr'>opera,</span> <span class='ocrx_word' id='word_1_105' title='bbox 1303 1043 1435 1084; x_wconf 89' lang='lat' dir='ltr'>facile</span> <span class='ocrx_word' id='word_1_106' title='bbox 1464 1042 1689 1084; x_wconf 83' lang='lat' dir='ltr'>assuaderi</span> 
     </span>
     <span class='ocr_line' id='line_1_13' title="bbox 236 1107 1691 1162; baseline 0.001 -14"><span class='ocrx_word' id='word_1_107' title='bbox 236 1107 343 1148; x_wconf 88' lang='lat' dir='ltr'>mihi</span> <span class='ocrx_word' id='word_1_108' title='bbox 365 1121 526 1162; x_wconf 89' lang='lat' dir='ltr'>passus</span> <span class='ocrx_word' id='word_1_109' title='bbox 544 1121 656 1158; x_wconf 89' lang='lat' dir='ltr'>sum,</span> <span class='ocrx_word' id='word_1_110' title='bbox 674 1114 724 1149; x_wconf 88' lang='lat' dir='ltr'>ut</span> <span class='ocrx_word' id='word_1_111' title='bbox 745 1114 1019 1150; x_wconf 84' lang='lat' dir='ltr'>senectutem</span> <span class='ocrx_word' id='word_1_112' title='bbox 1042 1115 1088 1150; x_wconf 86' lang='lat' dir='ltr'>et</span> <span class='ocrx_word' id='word_1_113' title='bbox 1109 1111 1311 1151; x_wconf 84' lang='lat' dir='ltr'>tenebras</span> <span class='ocrx_word' id='word_1_114' title='bbox 1325 1108 1512 1151; x_wconf 89' lang='lat' dir='ltr'>Auctori</span> <span class='ocrx_word' id='word_1_115' title='bbox 1533 1109 1691 1150; x_wconf 90' lang='lat' dir='ltr'>amoli-</span> 
     </span>
     <span class='ocr_line' id='line_1_14' title="bbox 235 1175 1689 1230; baseline 0.001 -15"><span class='ocrx_word' id='word_1_116' title='bbox 235 1188 320 1225; x_wconf 87' lang='lat' dir='ltr'>rer,</span> <span class='ocrx_word' id='word_1_117' title='bbox 334 1179 378 1216; x_wconf 89' lang='lat' dir='ltr'>et</span> <span class='ocrx_word' id='word_1_118' title='bbox 396 1175 588 1228; x_wconf 86' lang='lat' dir='ltr'>priorum</span> <span class='ocrx_word' id='word_1_119' title='bbox 603 1175 843 1217; x_wconf 86' lang='lat' dir='ltr'>editionum</span> <span class='ocrx_word' id='word_1_120' title='bbox 858 1179 1000 1218; x_wconf 89' lang='lat' dir='ltr'>errata</span> <span class='ocrx_word' id='word_1_121' title='bbox 1020 1177 1281 1227; x_wconf 88' lang='lat' dir='ltr'>februarem,</span> <span class='ocrx_word' id='word_1_122' title='bbox 1298 1176 1554 1230; x_wconf 70' lang='lat' dir='ltr'>saepiusque</span> <span class='ocrx_word' id='word_1_123' title='bbox 1570 1175 1615 1217; x_wconf 94' lang='lat' dir='ltr'>N</span> <span class='ocrx_word' id='word_1_124' title='bbox 1618 1189 1689 1217; x_wconf 90' lang='lat' dir='ltr'>os-</span> 
     </span>
     <span class='ocr_line' id='line_1_15' title="bbox 236 1242 1691 1296; baseline 0.001 -14"><span class='ocrx_word' id='word_1_125' title='bbox 236 1247 304 1282; x_wconf 89' lang='lat' dir='ltr'>tro</span> <span class='ocrx_word' id='word_1_126' title='bbox 335 1242 502 1295; x_wconf 87' lang='lat' dir='ltr'>saepius</span> <span class='ocrx_word' id='word_1_127' title='bbox 526 1242 629 1283; x_wconf 88' lang='lat' dir='ltr'>aliis</span> <span class='ocrx_word' id='word_1_128' title='bbox 660 1255 834 1283; x_wconf 90' lang='lat' dir='ltr'>cereum</span> <span class='ocrx_word' id='word_1_129' title='bbox 865 1243 1118 1292; x_wconf 89' lang='lat' dir='ltr'>allucendo,</span> <span class='ocrx_word' id='word_1_130' title='bbox 1142 1243 1344 1285; x_wconf 89' lang='lat' dir='ltr'>miscella</span> <span class='ocrx_word' id='word_1_131' title='bbox 1373 1243 1486 1293; x_wconf 90' lang='lat' dir='ltr'>haec,</span> <span class='ocrx_word' id='word_1_132' title='bbox 1516 1247 1567 1284; x_wconf 88' lang='lat' dir='ltr'>ut</span> <span class='ocrx_word' id='word_1_133' title='bbox 1596 1242 1691 1296; x_wconf 91' lang='lat' dir='ltr'>pal-</span> 
     </span>
     <span class='ocr_line' id='line_1_16' title="bbox 234 1308 1689 1362; baseline -0.001 -13"><span class='ocrx_word' id='word_1_134' title='bbox 234 1309 342 1349; x_wconf 92' lang='lat' dir='ltr'>lium</span> <span class='ocrx_word' id='word_1_135' title='bbox 364 1308 684 1361; x_wconf 85' lang='lat' dir='ltr'>Babylonicum</span> <span class='ocrx_word' id='word_1_136' title='bbox 705 1311 912 1350; x_wconf 86' lang='lat' dir='ltr'>texerem.</span> <span class='ocrx_word' id='word_1_137' title='bbox 974 1308 1218 1361; x_wconf 85' lang='lat' dir='ltr'>Agathonis</span> <span class='ocrx_word' id='word_1_138' title='bbox 1249 1308 1358 1350; x_wconf 91' lang='lat' dir='ltr'>illud</span> <span class='ocrx_word' id='word_1_139' title='bbox 1384 1309 1578 1362; x_wconf 85' lang='lat' dir='ltr'>cogitavi</span> <span class='ocrx_word' id='word_1_140' title='bbox 1598 1321 1689 1349; x_wconf 87' lang='lat' dir='ltr'>me·</span> 
     </span>
     <span class='ocr_line' id='line_1_17' title="bbox 256 1388 366 1416; baseline 0.009 -1"><span class='ocrx_word' id='word_1_141' title='bbox 256 1388 366 1416; x_wconf 87' lang='lat' dir='ltr'>cum:</span> 
     </span>
    </p>

    <p class='ocr_par' dir='ltr' id='par_1_3' title="bbox 353 1440 1116 1498">
     <span class='ocr_line' id='line_1_18' title="bbox 353 1440 1116 1498; baseline 0 -17"><span class='ocrx_word' id='word_1_142' title='bbox 353 1441 400 1481; x_wconf 76' lang='grc' dir='ltr'>Τὸ</span> <span class='ocrx_word' id='word_1_143' title='bbox 422 1442 489 1493; x_wconf 78' lang='grc' dir='ltr'>μὲν</span> <span class='ocrx_word' id='word_1_144' title='bbox 512 1440 696 1498; x_wconf 48' lang='grc' dir='ltr'><em>πάρεργον</em></span> <span class='ocrx_word' id='word_1_145' title='bbox 718 1441 823 1497; x_wconf 78' lang='grc' dir='ltr'><em>ἔργον</em></span> <span class='ocrx_word' id='word_1_146' title='bbox 838 1440 888 1489; x_wconf 69' lang='lat'>&lt;35</span> <span class='ocrx_word' id='word_1_147' title='bbox 907 1440 1116 1494; x_wconf 79' lang='grc' dir='ltr'><em>ποιούμεθα,</em></span> 
     </span>
    </p>

    <p class='ocr_par' dir='ltr' id='par_1_4' title="bbox 351 1506 1528 1564">
     <span class='ocr_line' id='line_1_19' title="bbox 351 1506 1528 1564; baseline 0.002 -17"><span class='ocrx_word' id='word_1_148' title='bbox 351 1506 401 1548; x_wconf 65' lang='lat' dir='ltr'>T&amp;</span> <span class='ocrx_word' id='word_1_149' title='bbox 421 1509 449 1547; x_wconf 81' lang='grc' dir='ltr'>δ’</span> <span class='ocrx_word' id='word_1_150' title='bbox 471 1507 575 1563; x_wconf 77' lang='grc' dir='ltr'><em>ἔργον</em></span> <span class='ocrx_word' id='word_1_151' title='bbox 596 1509 644 1555; x_wconf 79' lang='grc' dir='ltr'>ὠς</span> <span class='ocrx_word' id='word_1_152' title='bbox 661 1509 846 1564; x_wconf 75' lang='grc' dir='ltr'><em>πάρεργον</em></span> <span class='ocrx_word' id='word_1_153' title='bbox 867 1507 1127 1560; x_wconf 78' lang='grc' dir='ltr'><em>ἐκπονούμεθα.</em></span> <span class='ocrx_word' id='word_1_154' title='bbox 1191 1507 1343 1549; x_wconf 79' lang='lat' dir='ltr'>Athen.</span> <span class='ocrx_word' id='word_1_155' title='bbox 1365 1523 1407 1550; x_wconf 84' lang='lat' dir='ltr'>v.</span> <span class='ocrx_word' id='word_1_156' title='bbox 1430 1509 1528 1551; x_wconf 83' lang='grc'><strong>185.</strong></span> 
     </span>
    </p>

    <p class='ocr_par' dir='ltr' id='par_1_5' title="bbox 233 1574 1690 2164">
     <span class='ocr_line' id='line_1_20' title="bbox 293 1574 1690 1630; baseline 0.003 -15"><span class='ocrx_word' id='word_1_157' title='bbox 293 1574 453 1629; x_wconf 92' lang='lat' dir='ltr'>Neque</span> <span class='ocrx_word' id='word_1_158' title='bbox 488 1580 635 1617; x_wconf 86' lang='lat' dir='ltr'>tamen</span> <span class='ocrx_word' id='word_1_159' title='bbox 665 1577 817 1629; x_wconf 88' lang='lat' dir='ltr'>ignoro</span> <span class='ocrx_word' id='word_1_160' title='bbox 847 1574 1148 1630; x_wconf 69' lang='grc' dir='ltr'><em>εἰκαιοψέγοντας</em></span> <span class='ocrx_word' id='word_1_161' title='bbox 1173 1575 1365 1629; x_wconf 89' lang='lat' dir='ltr'>aliquos,</span> <span class='ocrx_word' id='word_1_162' title='bbox 1387 1579 1437 1617; x_wconf 86' lang='lat' dir='ltr'>ut</span> <span class='ocrx_word' id='word_1_163' title='bbox 1458 1589 1564 1617; x_wconf 89' lang='lat' dir='ltr'>suos</span> <span class='ocrx_word' id='word_1_164' title='bbox 1579 1590 1690 1619; x_wconf 87' lang='lat' dir='ltr'>erro-</span> 
     </span>
     <span class='ocr_line' id='line_1_21' title="bbox 234 1642 1690 1697; baseline 0.001 -14"><span class='ocrx_word' id='word_1_165' title='bbox 234 1655 304 1683; x_wconf 85' lang='lat' dir='ltr'>res</span> <span class='ocrx_word' id='word_1_166' title='bbox 325 1642 513 1683; x_wconf 89' lang='lat' dir='ltr'>aliorum</span> <span class='ocrx_word' id='word_1_167' title='bbox 534 1643 871 1696; x_wconf 88' lang='lat' dir='ltr'>reprehensione</span> <span class='ocrx_word' id='word_1_168' title='bbox 907 1647 1067 1697; x_wconf 84' lang='lat' dir='ltr'>tegant,</span> <span class='ocrx_word' id='word_1_169' title='bbox 1102 1643 1250 1683; x_wconf 87' lang='lat' dir='ltr'>locum</span> <span class='ocrx_word' id='word_1_170' title='bbox 1279 1643 1574 1696; x_wconf 87' lang='lat' dir='ltr'>scalpuriendi</span> <span class='ocrx_word' id='word_1_171' title='bbox 1606 1657 1690 1685; x_wconf 85' lang='lat' dir='ltr'>sua</span> 
     </span>
     <span class='ocr_line' id='line_1_22' title="bbox 235 1708 1690 1764; baseline 0.003 -15"><span class='ocrx_word' id='word_1_172' title='bbox 235 1709 385 1750; x_wconf 84' lang='lat' dir='ltr'>scabie</span> <span class='ocrx_word' id='word_1_173' title='bbox 406 1710 689 1764; x_wconf 62' lang='lat' dir='ltr'>quaessturos,</span> <span class='ocrx_word' id='word_1_174' title='bbox 710 1708 939 1764; x_wconf 78' lang='grc' dir='ltr'><em>πανοσπρίαν</em></span> <span class='ocrx_word' id='word_1_175' title='bbox 968 1713 1032 1749; x_wconf 85' lang='grc' dir='ltr'>τοῦ</span> <span class='ocrx_word' id='word_1_176' title='bbox 1059 1708 1174 1764; x_wconf 84' lang='grc' dir='ltr'><em>λόγου</em></span> <span class='ocrx_word' id='word_1_177' title='bbox 1196 1708 1463 1762; x_wconf 75' lang='grc' dir='ltr'><em>ἐξοστρακίζειν</em></span> <span class='ocrx_word' id='word_1_178' title='bbox 1484 1723 1690 1760; x_wconf 86' lang='lat' dir='ltr'>ausurOS,</span> 
     </span>
     <span class='ocr_line' id='line_1_23' title="bbox 234 1776 1690 1831; baseline 0.002 -16"><span class='ocrx_word' id='word_1_179' title='bbox 234 1776 430 1817; x_wconf 84' lang='lat' dir='ltr'>maxime</span> <span class='ocrx_word' id='word_1_180' title='bbox 462 1776 579 1827; x_wconf 86' lang='lat' dir='ltr'>illos,</span> <span class='ocrx_word' id='word_1_181' title='bbox 613 1778 691 1831; x_wconf 91' lang='lat' dir='ltr'>qui</span> <span class='ocrx_word' id='word_1_182' title='bbox 726 1784 812 1819; x_wconf 89' lang='lat' dir='ltr'>tarn</span> <span class='ocrx_word' id='word_1_183' title='bbox 842 1778 935 1831; x_wconf 89' lang='lat' dir='ltr'>apti</span> <span class='ocrx_word' id='word_1_184' title='bbox 956 1785 1060 1818; x_wconf 88' lang='lat' dir='ltr'>sunt</span> <span class='ocrx_word' id='word_1_185' title='bbox 1080 1777 1135 1817; x_wconf 90' lang='lat' dir='ltr'>ad</span> <span class='ocrx_word' id='word_1_186' title='bbox 1155 1777 1252 1818; x_wconf 89' lang='lat' dir='ltr'>haec</span> <span class='ocrx_word' id='word_1_187' title='bbox 1275 1776 1437 1827; x_wconf 84' lang='lat' dir='ltr'>studia,</span> <span class='ocrx_word' id='word_1_188' title='bbox 1458 1790 1591 1831; x_wconf 90' lang='lat' dir='ltr'>quam</span> <span class='ocrx_word' id='word_1_189' title='bbox 1612 1790 1690 1818; x_wconf 91' lang='lat' dir='ltr'>sus</span> 
     </span>
     <span class='ocr_line' id='line_1_24' title="bbox 235 1842 1689 1898; baseline 0.001 -15"><span class='ocrx_word' id='word_1_190' title='bbox 235 1843 293 1883; x_wconf 88' lang='lat' dir='ltr'>ad</span> <span class='ocrx_word' id='word_1_191' title='bbox 335 1855 462 1884; x_wconf 88' lang='lat' dir='ltr'>sacra</span> <span class='ocrx_word' id='word_1_192' title='bbox 493 1843 695 1886; x_wconf 88' lang='lat' dir='ltr'>Veneris.</span> <span class='ocrx_word' id='word_1_193' title='bbox 768 1845 858 1886; x_wconf 87' lang='lat' dir='ltr'>Sed</span> <span class='ocrx_word' id='word_1_194' title='bbox 893 1845 1065 1886; x_wconf 90' lang='lat' dir='ltr'>illorum</span> <span class='ocrx_word' id='word_1_195' title='bbox 1097 1842 1357 1898; x_wconf 78' lang='grc' dir='ltr'><em>λογοὸιάῤῥοια</em></span> <span class='ocrx_word' id='word_1_196' title='bbox 1395 1842 1689 1886; x_wconf 85' lang='lat' dir='ltr'>Claudianum</span> 
     </span>
     <span class='ocr_line' id='line_1_25' title="bbox 234 1909 1690 1963; baseline 0.002 -14"><span class='ocrx_word' id='word_1_197' title='bbox 234 1909 341 1950; x_wconf 88' lang='lat' dir='ltr'>mihi</span> <span class='ocrx_word' id='word_1_198' title='bbox 371 1910 452 1951; x_wconf 86' lang='lat' dir='ltr'>erit</span> <span class='ocrx_word' id='word_1_199' title='bbox 471 1911 652 1961; x_wconf 88' lang='lat' dir='ltr'>tonitru,</span> <span class='ocrx_word' id='word_1_200' title='bbox 686 1916 731 1953; x_wconf 87' lang='lat' dir='ltr'>et</span> <span class='ocrx_word' id='word_1_201' title='bbox 760 1912 869 1953; x_wconf 82' lang='lat' dir='ltr'>folia</span> <span class='ocrx_word' id='word_1_202' title='bbox 898 1911 1068 1952; x_wconf 84' lang='lat' dir='ltr'>farferi:</span> <span class='ocrx_word' id='word_1_203' title='bbox 1097 1924 1196 1952; x_wconf 92' lang='lat' dir='ltr'>cum</span> <span class='ocrx_word' id='word_1_204' title='bbox 1216 1910 1384 1951; x_wconf 88' lang='lat' dir='ltr'>Catone</span> <span class='ocrx_word' id='word_1_205' title='bbox 1404 1910 1558 1963; x_wconf 84' lang='lat' dir='ltr'>itaque</span> <span class='ocrx_word' id='word_1_206' title='bbox 1579 1911 1690 1952; x_wconf 89' lang='lat' dir='ltr'>istos</span> 
     </span>
     <span class='ocr_line' id='line_1_26' title="bbox 234 1975 1688 2031; baseline 0.001 -15"><span class='ocrx_word' id='word_1_207' title='bbox 234 1975 577 2029; x_wconf 85' lang='lat' dir='ltr'>Vitilitigatores</span> <span class='ocrx_word' id='word_1_208' title='bbox 609 1979 904 2031; x_wconf 73' lang='lat' dir='ltr'>praeterfluere</span> <span class='ocrx_word' id='word_1_209' title='bbox 939 1979 1094 2027; x_wconf 88' lang='lat' dir='ltr'>sinam,</span> <span class='ocrx_word' id='word_1_210' title='bbox 1130 1977 1310 2029; x_wconf 88' lang='lat' dir='ltr'>illisque</span> <span class='ocrx_word' id='word_1_211' title='bbox 1345 1976 1522 2030; x_wconf 85' lang='lat' dir='ltr'>Cypriae</span> <span class='ocrx_word' id='word_1_212' title='bbox 1557 1977 1688 2018; x_wconf 89' lang='lat' dir='ltr'>bovis</span> 
     </span>
     <span class='ocr_line' id='line_1_27' title="bbox 233 2042 1689 2098; baseline 0.001 -16"><span class='ocrx_word' id='word_1_213' title='bbox 233 2043 489 2084; x_wconf 87' lang='lat' dir='ltr'>merendam</span> <span class='ocrx_word' id='word_1_214' title='bbox 510 2044 697 2086; x_wconf 82' lang='lat' dir='ltr'>delicias</span> <span class='ocrx_word' id='word_1_215' title='bbox 720 2058 826 2086; x_wconf 88' lang='lat' dir='ltr'>suas</span> <span class='ocrx_word' id='word_1_216' title='bbox 847 2045 1102 2098; x_wconf 86' lang='lat' dir='ltr'>relinquam.</span> <span class='ocrx_word' id='word_1_217' title='bbox 1180 2042 1414 2084; x_wconf 85' lang='lat' dir='ltr'>Calumnia</span> <span class='ocrx_word' id='word_1_218' title='bbox 1433 2043 1502 2084; x_wconf 88' lang='lat' dir='ltr'>vel</span> <span class='ocrx_word' id='word_1_219' title='bbox 1520 2043 1689 2085; x_wconf 85' lang='lat' dir='ltr'>invidia</span> 
     </span>
     <span class='ocr_line' id='line_1_28' title="bbox 236 2109 1232 2164; baseline 0.001 -15"><span class='ocrx_word' id='word_1_220' title='bbox 236 2110 274 2149; x_wconf 88' lang='lat' dir='ltr'>si</span> <span class='ocrx_word' id='word_1_221' title='bbox 296 2109 401 2162; x_wconf 92' lang='lat' dir='ltr'>quid</span> <span class='ocrx_word' id='word_1_222' title='bbox 422 2123 499 2163; x_wconf 88' lang='lat' dir='ltr'>per</span> <span class='ocrx_word' id='word_1_223' title='bbox 519 2111 816 2164; x_wconf 76' lang='lat' dir='ltr'>aegrimoniam</span> <span class='ocrx_word' id='word_1_224' title='bbox 846 2110 1232 2159; x_wconf 84' lang='lat' dir='ltr'>consomniaverit,</span> 
     </span>
    </p>

    <p class='ocr_par' dir='ltr' id='par_1_6' title="bbox 235 2175 1687 2293">
     <span class='ocr_line' id='line_1_29' title="bbox 296 2175 1687 2234; baseline 0.002 -19"><span class='ocrx_word' id='word_1_225' title='bbox 296 2177 375 2215; x_wconf 81' lang='grc' dir='ltr'>Οὐκ</span> <span class='ocrx_word' id='word_1_226' title='bbox 393 2175 537 2232; x_wconf 80' lang='grc' dir='ltr'><em>ἀλέγω,</em></span> <span class='ocrx_word' id='word_1_227' title='bbox 568 2179 616 2225; x_wconf 79' lang='grc' dir='ltr'>ὠς</span> <span class='ocrx_word' id='word_1_228' title='bbox 645 2177 678 2218; x_wconf 67' lang='grc' dir='ltr'>εἶ’</span> <span class='ocrx_word' id='word_1_229' title='bbox 692 2195 740 2231; x_wconf 85' lang='grc' dir='ltr'>με</span> <span class='ocrx_word' id='word_1_230' title='bbox 767 2180 857 2234; x_wconf 80' lang='grc' dir='ltr'><em>γυνὴ</em></span> <span class='ocrx_word' id='word_1_231' title='bbox 884 2177 1012 2228; x_wconf 75' lang='grc' dir='ltr'><em>βάλοι,</em></span> <span class='ocrx_word' id='word_1_232' title='bbox 1033 2176 1052 2226; x_wconf 78' lang='grc' dir='ltr'>ἢ</span> <span class='ocrx_word' id='word_1_233' title='bbox 1074 2176 1160 2223; x_wconf 75' lang='grc' dir='ltr'>πάϊς</span> <span class='ocrx_word' id='word_1_234' title='bbox 1180 2176 1332 2232; x_wconf 71' lang='grc' dir='ltr'><em>ἅφςωνε</em></span> <span class='ocrx_word' id='word_1_235' title='bbox 1362 2177 1450 2219; x_wconf 82' lang='lat' dir='ltr'>illis</span> <span class='ocrx_word' id='word_1_236' title='bbox 1471 2177 1586 2218; x_wconf 83' lang='lat' dir='ltr'>enim</span> <span class='ocrx_word' id='word_1_237' title='bbox 1607 2177 1687 2218; x_wconf 87' lang='lat' dir='ltr'>im·</span> 
     </span>
     <span class='ocr_line' id='line_1_30' title="bbox 235 2244 1133 2293; baseline 0.001 -10"><span class='ocrx_word' id='word_1_238' title='bbox 235 2244 408 2293; x_wconf 88' lang='lat' dir='ltr'>morari,</span> <span class='ocrx_word' id='word_1_239' title='bbox 429 2248 497 2285; x_wconf 88' lang='lat' dir='ltr'>est</span> <span class='ocrx_word' id='word_1_240' title='bbox 513 2244 804 2287; x_wconf 86' lang='lat' dir='ltr'>Claudianum</span> <span class='ocrx_word' id='word_1_241' title='bbox 824 2246 942 2287; x_wconf 87' lang='lat' dir='ltr'>istud</span> <span class='ocrx_word' id='word_1_242' title='bbox 959 2246 1133 2286; x_wconf 88' lang='lat' dir='ltr'>morari.</span> 
     </span>
    </p>

    <p class='ocr_par' dir='ltr' id='par_1_7' title="bbox 234 2310 1689 2627">
     <span class='ocr_line' id='line_1_31' title="bbox 294 2310 1689 2366; baseline -0.001 -15"><span class='ocrx_word' id='word_1_243' title='bbox 294 2310 504 2352; x_wconf 89' lang='lat' dir='ltr'>Fructum</span> <span class='ocrx_word' id='word_1_244' title='bbox 538 2312 705 2354; x_wconf 87' lang='lat' dir='ltr'>laboris</span> <span class='ocrx_word' id='word_1_245' title='bbox 731 2313 934 2366; x_wconf 78' lang='lat' dir='ltr'>quaesivi,</span> <span class='ocrx_word' id='word_1_246' title='bbox 964 2318 1013 2353; x_wconf 84' lang='lat' dir='ltr'>ut</span> <span class='ocrx_word' id='word_1_247' title='bbox 1041 2312 1261 2365; x_wconf 88' lang='lat' dir='ltr'>placerem</span> <span class='ocrx_word' id='word_1_248' title='bbox 1291 2310 1568 2352; x_wconf 89' lang='lat' dir='ltr'>melioribus:</span> <span class='ocrx_word' id='word_1_249' title='bbox 1597 2311 1689 2350; x_wconf 75' lang='grc' dir='ltr'><em>ἀνα-</em></span> 
     </span>
     <span class='ocr_line' id='line_1_32' title="bbox 234 2375 1686 2434; baseline 0.001 -18"><span class='ocrx_word' id='word_1_250' title='bbox 234 2375 410 2430; x_wconf 76' lang='grc' dir='ltr'><em>μάρτητοι</em></span> <span class='ocrx_word' id='word_1_251' title='bbox 430 2391 528 2419; x_wconf 90' lang='lat' dir='ltr'>mea</span> <span class='ocrx_word' id='word_1_252' title='bbox 548 2392 774 2433; x_wconf 89' lang='lat' dir='ltr'>nunquam</span> <span class='ocrx_word' id='word_1_253' title='bbox 796 2380 972 2434; x_wconf 88' lang='lat' dir='ltr'>putavi:</span> <span class='ocrx_word' id='word_1_254' title='bbox 995 2379 1183 2433; x_wconf 89' lang='lat' dir='ltr'>primum</span> <span class='ocrx_word' id='word_1_255' title='bbox 1205 2378 1405 2419; x_wconf 88' lang='lat' dir='ltr'>scientiae</span> <span class='ocrx_word' id='word_1_256' title='bbox 1426 2377 1686 2418; x_wconf 87' lang='lat' dir='ltr'>vestibulum</span> 
     </span>
     <span class='ocr_line' id='line_1_33' title="bbox 236 2444 1687 2500; baseline -0.001 -16"><span class='ocrx_word' id='word_1_257' title='bbox 236 2448 399 2494; x_wconf 82' lang='lat' dir='ltr'>statuo,</span> <span class='ocrx_word' id='word_1_258' title='bbox 423 2446 535 2486; x_wconf 87' lang='lat' dir='ltr'>scire</span> <span class='ocrx_word' id='word_1_259' title='bbox 554 2447 675 2499; x_wconf 92' lang='lat' dir='ltr'>quod</span> <span class='ocrx_word' id='word_1_260' title='bbox 690 2448 877 2488; x_wconf 89' lang='lat' dir='ltr'>nescias.</span> <span class='ocrx_word' id='word_1_261' title='bbox 915 2446 1253 2500; x_wconf 87' lang='lat' dir='ltr'>Reliquaturum</span> <span class='ocrx_word' id='word_1_262' title='bbox 1274 2444 1448 2484; x_wconf 88' lang='lat' dir='ltr'>interim</span> <span class='ocrx_word' id='word_1_263' title='bbox 1468 2455 1537 2483; x_wconf 91' lang='lat' dir='ltr'>me</span> <span class='ocrx_word' id='word_1_264' title='bbox 1554 2455 1687 2495; x_wconf 89' lang='lat' dir='ltr'>spon-</span> 
     </span>
     <span class='ocr_line' id='line_1_34' title="bbox 235 2508 1685 2566; baseline -0.001 -15"><span class='ocrx_word' id='word_1_265' title='bbox 235 2509 332 2560; x_wconf 91' lang='lat' dir='ltr'>deo,</span> <span class='ocrx_word' id='word_1_266' title='bbox 353 2515 395 2552; x_wconf 90' lang='lat' dir='ltr'>et</span> <span class='ocrx_word' id='word_1_267' title='bbox 415 2512 558 2565; x_wconf 90' lang='lat' dir='ltr'>plura,</span> <span class='ocrx_word' id='word_1_268' title='bbox 581 2514 619 2553; x_wconf 89' lang='lat' dir='ltr'>si</span> <span class='ocrx_word' id='word_1_269' title='bbox 636 2513 777 2555; x_wconf 84' lang='lat' dir='ltr'>DEUS</span> <span class='ocrx_word' id='word_1_270' title='bbox 795 2519 948 2555; x_wconf 88' lang='lat' dir='ltr'>votum</span> <span class='ocrx_word' id='word_1_271' title='bbox 964 2525 1110 2554; x_wconf 89' lang='lat' dir='ltr'>meum</span> <span class='ocrx_word' id='word_1_272' title='bbox 1120 2510 1299 2566; x_wconf 86' lang='lat' dir='ltr'>juverit,</span> <span class='ocrx_word' id='word_1_273' title='bbox 1317 2509 1531 2550; x_wconf 88' lang='lat' dir='ltr'>daturum.</span> <span class='ocrx_word' id='word_1_274' title='bbox 1566 2508 1685 2549; x_wconf 87' lang='lat' dir='ltr'>Bene</span> 
     </span>
     <span class='ocr_line' id='line_1_35' title="bbox 238 2576 804 2627; baseline 0.011 -11"><span class='ocrx_word' id='word_1_275' title='bbox 238 2576 355 2627; x_wconf 81' lang='lat' dir='ltr'>vale,</span> <span class='ocrx_word' id='word_1_276' title='bbox 376 2582 418 2619; x_wconf 82' lang='lat' dir='ltr'>et</span> <span class='ocrx_word' id='word_1_277' title='bbox 439 2580 671 2621; x_wconf 87' lang='lat' dir='ltr'>conatibus</span> <span class='ocrx_word' id='word_1_278' title='bbox 691 2581 804 2622; x_wconf 88' lang='lat' dir='ltr'>fave.</span> 
     </span>
    </p>
   </div>
   <div class='ocr_carea' id='block_1_3' title="bbox 1068 2663 1625 2707">
    <p class='ocr_par' dir='ltr' id='par_1_8' title="bbox 1068 2663 1625 2707">
     <span class='ocr_line' id='line_1_36' title="bbox 1068 2663 1625 2707; baseline -0.009 0"><span class='ocrx_word' id='word_1_279' title='bbox 1068 2667 1277 2707; x_wconf 70' lang='lat' dir='ltr'><strong>SAMUEL</strong></span> <span class='ocrx_word' id='word_1_280' title='bbox 1314 2663 1625 2703; x_wconf 76' lang='lat' dir='ltr'>DRESEMwS.</span> 
     </span>
    </p>
   </div>
   <div class='ocr_carea' id='block_1_4' title="bbox 726 2787 1184 2821">
    <p class='ocr_par' dir='ltr' id='par_1_9' title="bbox 726 2787 1184 2821">
     <span class='ocr_line' id='line_1_37' title="bbox 726 2787 1184 2821; baseline -0.007 -3"><span class='ocrx_word' id='word_1_281' title='bbox 726 2793 740 2815; x_wconf 66' lang='grc' dir='ltr'><strong><em>ε</em></strong></span> <span class='ocrx_word' id='word_1_282' title='bbox 765 2787 894 2820; x_wconf 84' lang='lat' dir='ltr'>Seneca</span> <span class='ocrx_word' id='word_1_283' title='bbox 909 2797 948 2821; x_wconf 82' lang='grc' dir='ltr'>ιι.</span> <span class='ocrx_word' id='word_1_284' title='bbox 965 2791 1118 2820; x_wconf 85' lang='lat' dir='ltr'>controv.</span> <span class='ocrx_word' id='word_1_285' title='bbox 1135 2787 1184 2816; x_wconf 91' lang='lat'>10.</span> 
     </span>
    </p>
   </div>
  </div>
 </body>
</html>
