1889 3194
558 334 621 362 DE
657 332 814 362 BELLO
846 330 1070 361 'I'ROJANO
1105 331 1197 361 LlB.
1231 331 1294 360 [V.

1556 319 1640 360 493

207 427 469 469 Commodat
489 430 563 467 aut
588 427 788 469 fremitus
811 426 956 476 armis,
976 430 1054 466 aut
1076 425 1167 466 otia
1186 425 1303 478 paci.

264 495 316 535 In
338 507 483 534 serum
503 493 716 546 perducta
731 506 895 543 senem,
916 504 1019 546 pars
1037 492 1195 533 ultima
1213 503 1352 533 canos

207 560 397 613 Colligit,
417 565 461 600 et
480 560 590 600 raris
610 560 834 600 sulcantur
854 564 1054 612 tempora
1073 558 1208 611 rugis,

207 628 470 679 Progressos
492 630 654 667 testata
675 626 790 667 dies:
821 626 975 679 procul
996 625 1147 666 exitus
1170 625 1270 672 aevi,

1559 622 1642 664 480

208 693 332 735 Mors
351 695 489 746 longe,
508 698 552 734 et
567 693 755 734 Lachesi
777 696 947 734 stamen
968 692 1104 733 vitale
1123 691 1342 732 ministrat

206 760 418 802 Nondum
438 760 559 801 fessa
581 772 724 800 soror:
754 763 800 800 at
818 759 909 800 fato
930 759 1070 812 major
1091 758 1275 811 Erinnys

207 827 471 880 Praecipitat
490 825 654 867 festina
675 826 857 866 ducem:
888 830 975 867 tres
998 838 1084 866 aere
1106 824 1358 879 propinquo

209 893 407 942 Haerent,
429 893 540 933 irata
558 892 734 933 Pelides
754 892 911 942 fronte,
929 892 1124 946 precanti

206 959 449 1013 Telephus,
468 960 659 1000 exanimi
679 958 898 999 Teuthras
916 971 925 997 ε

956 959 1120 1012 pallere
1145 956 1320 998 videres
1559 955 1644 996 485

208 1025 313 1075 Ora,
335 1039 483 1079 genas,
504 1038 743 1078 aurumque
763 1026 898 1066 mori:
931 1037 1058 1066 cruor
1079 1024 1195 1066 altus
1211 1025 1255 1065 in
1277 1034 1405 1064 auras

207 1091 360 1143 Exilit,
382 1098 422 1134 et
442 1093 577 1133 minio
598 1097 748 1133 rorant
766 1092 964 1133 tabulata
984 1091 1151 1132 fluenti.

208 1159 325 1201 Haec
343 1172 472 1213 super
492 1159 651 1211 exiguo
671 1159 858 1199 breviter
878 1158 1067 1200 collecta
1088 1157 1232 1210 sigillo

210 1225 326 1267 Fata
343 1225 440 1275 viri,
462 1226 560 1279 quis
579 1226 691 1278 regis
710 1224 868 1274 honos,
890 1224 991 1278 quis
1012 1224 1174 1265 funeris
1195 1226 1364 1272 auctor,

209 1290 341 1342 Quod
357 1292 505 1342 fatum,
521 1305 621 1346 quae
634 1304 784 1341 causa,
797 1296 1038 1345 patentque
1054 1291 1138 1331 hoc
1153 1289 1322 1342 singula
1337 1287 1501 1340 scripto
1520 1299 1528 1324 ε
1559 1286 1644 1327 490

265 1359 368 1400 Dux
390 1358 620 1407 Teuthras,
645 1358 803 1399 Moesis
822 1358 956 1399 decus
973 1357 1105 1408 arvis,
1126 1368 1286 1410 passus
1307 1353 1543 1402 Achillem,

208 1424 325 1465 Ense
346 1437 497 1465 necem
512 1425 658 1474 sensit,
680 1425 839 1478 sceptri
859 1424 1058 1465 defensor
1077 1423 1195 1464 aviti.

267 1491 514 1544 Postquam
534 1492 670 1532 busta
690 1491 817 1532 ducis
836 1491 956 1543 nigro
978 1490 1206 1544 deplanxit
1224 1489 1386 1529 honore

210 1556 323 1597 Fida
342 1570 514 1606 manus,
533 1561 780 1610 moestaque
800 1556 1017 1597 ululatum
1042 1568 1148 1597 voce
1168 1556 1335 1609 quievit

207 1624 425 1677 Supremo
441 1624 535 1677 jam
555 1624 640 1664 fine
659 1623 792 1674 Vale,
814 1623 1042 1664 redeuntia
1058 1623 1179 1664 ducit

1561 1618 1648 1659 495

208 1689 398 1742 Agmina
418 1689 612 1739 Pelides,
631 1690 761 1731 urbes
780 1689 944 1731 invitus
964 1690 1129 1731 amicas

207 1756 431 1810 Telephus
447 1761 490 1798 et
509 1757 658 1797 socios
677 1761 875 1798 recturus
897 1757 1108 1810 linquitur
1128 1767 1267 1809 agros.

264 1822 371 1876 Ipse
391 1823 567 1877 quidem
589 1824 690 1876 plus
712 1836 823 1877 pace
844 1824 979 1873 acies,
995 1824 1138 1864 minus
1160 1822 1253 1863 otia
1268 1821 1396 1862 bellis

208 1890 394 1940 Poscat,
416 1894 457 1931 et
476 1895 653 1932 armatae
673 1891 799 1931 malit
818 1890 1072 1931 discrimina
1092 1890 1198 1930 vitae

210 1956 301 2010 Spe
320 1957 505 2011 palmoe:
537 1961 580 1999 at
600 1957 756 2010 populi
777 1956 938 1998 dilecto
959 1957 1155 2010 principe
1175 1954 1281 1996 nudi

1565 1951 1649 1992 500

211 2023 451 2065 Moerentes
464 2024 607 2065 vicere
625 2035 794 2077 preces,
809 2027 858 2064 ut
878 2023 989 2075 regis
1008 2023 1138 2064 iniret

210 2089 449 2140 Excubias‚
468 2091 710 2143 molemque
730 2090 901 2132 datam:
932 2094 1080 2132 monet
1098 2090 1196 2142 ipse
1215 2087 1351 2129 futuri

858 2230 1000 2263 NOTAE

254 2307 316 2336 480
341 2304 455 2335 Procul
478 2303 580 2335 exitus
599 2303 670 2340 oevi,
685 2303 775 2334 Mors
798 2304 902 2345 longe]

211 2356 310 2395 Virg.
334 2363 385 2385 iv.
412 2354 484 2385 AEn.
511 2358 519 2371 ‘
533 2353 620 2384 Tum
638 2353 715 2393 quia
735 2362 799 2384 nec
818 2352 905 2393 fato,

212 2407 334 2438 merita
350 2416 412 2437 nec
430 2410 538 2436 morte
561 2404 706 2446 peribat,
727 2405 793 2435 Sed
810 2405 906 2435 mise-

213 2466 251 2488 ra
264 2460 342 2487 ante
359 2453 470 2495 diem‚'
486 2457 550 2487 &c.
593 2453 664 2485 Aut
679 2454 768 2485 enim
791 2454 800 2472 ‘
813 2453 912 2499 fato‚'ss

211 2510 271 2537 aut
287 2509 418 2544 natura,
435 2509 493 2535 aut
508 2514 588 2535 casu
605 2503 815 2535 moriuntur:
840 2514 908 2545 qua

212 2555 256 2586 de
274 2565 308 2586 re
325 2555 463 2585 Servius
480 2553 522 2585 ad
539 2554 596 2585 illa
610 2553 757 2594 Virgilii,
769 2558 802 2585 et
813 2553 905 2584 Nan-

211 2605 286 2636 nius
301 2604 429 2645 Syllog.
448 2613 483 2636 v.
497 2604 631 2635 Miscel.
642 2606 695 2634 17.
713 2602 905 2636 Casaubon.

213 2654 256 2685 ad
281 2654 378 2686 Suet.
405 2663 430 2685 1.
458 2652 553 2684 Dicit
575 2653 690 2693 itaque
714 2651 816 2692 poeta
838 2653 906 2684 tale

211 2703 312 2745 quid:
328 2712 387 2734 sua
406 2707 527 2743 morte,
542 2707 580 2733 ut
601 2702 731 2733 Seneca
746 2700 906 2742 loquitur,

212 2754 266 2784 vel
283 2753 442 2794 naturali,
455 2758 492 2784 ut
506 2752 650 2788 Plinius,
666 2761 731 2782 non
752 2755 804 2783 est
819 2760 906 2782 mor-

213 2808 305 2842 tuus,
315 2802 373 2833 sed
388 2803 546 2844 violenta,
561 2801 611 2834 καὶ
626 2801 682 2833 οὐκ
698 2799 761 2841 ἰδίῳ
773 2798 905 2841 θανάτῳ,

213 2852 232 2890 ἢ
249 2852 442 2893 πεπρωμένῳ.

1000 2306 1064 2335 492
1094 2301 1220 2342 Sceptri
1246 2300 1388 2338 defensor
1416 2296 1509 2337 aviti]
1547 2296 1653 2328 Καλὸν

960 2353 1125 2394 ἐπιτάφιον
1139 2352 1158 2390 ἦ
1172 2350 1322 2393 τυραννίς.

1000 2406 1062 2435 495
1086 2399 1382 2442 Supremojamfiue
1402 2397 1494 2437 Vale]
1518 2398 1653 2428 Servius

959 2453 1002 2484 ad
1024 2462 1154 2483 versum
1172 2451 1264 2491 Virg.
1280 2452 1289 2468 ‘
1303 2450 1374 2488 Sic,
1397 2458 1418 2480 o
1434 2448 1482 2478 sic
1504 2447 1652 2487 positum

960 2501 1055 2533 affati
1070 2500 1236 2532 discedite
1252 2497 1401 2539 corpus,'
1425 2497 1500 2528 AEn.
1515 2505 1555 2527 11.
1582 2497 1591 2513 ‘
1604 2495 1652 2526 af—

961 2551 1089 2587 famini,
1112 2555 1152 2581 ut
1181 2549 1249 2582 dici
1274 2547 1412 2580 mortuis
1434 2547 1532 2586 solet,
1555 2546 1654 2581 Vale,

960 2601 1057 2642 Vale,
1072 2599 1182 2631 Vale?
1224 2599 1282 2630 Ita
1305 2597 1430 2629 AEneas
1454 2604 1506 2627 xr.
1531 2595 1653 2626 ‘Salve

961 2654 1123 2682 aeternum
1139 2648 1231 2685 mihi,
1247 2647 1391 2679 maxime
1411 2645 1522 2680 Palla,
1543 2643 1655 2675 AEter·

959 2709 1107 2740 numque
1137 2697 1234 2730 vale.'
1292 2696 1381 2728 Vide
1408 2695 1451 2726 de
1480 2693 1653 2724 funeribus

958 2749 1226 2780 Kirchmannum
1238 2755 1297 2778 111.
1314 2749 1346 2778 9.
1362 2745 1420 2786 qui
1435 2744 1493 2775 illa
1504 2752 1547 2775 ex
1559 2741 1652 2774 Bris-

957 2799 1042 2830 sonii
1065 2807 1147 2830 vm.
1174 2797 1216 2829 de
1247 2795 1399 2829 formulis
1416 2804 1448 2836 p.
1464 2795 1538 2826 747.
1561 2797 1653 2824 tran-

957 2848 1103 2890 scripsit.
