1889 3194
406 307 557 339 PAULI
591 307 848 338 VINDINGII

148 406 294 443 notropa
318 400 434 442 fuerit,
456 401 597 443 reliquae
620 411 655 432 v.
686 401 844 442 Sperma-

149 458 251 493 tropa
275 458 310 483 et
340 453 548 492 Elaeotropa,
583 455 695 482 tamon
729 460 845 482 omnes

147 503 345 542 OEnotropae
363 502 518 540 audiunt,
535 512 581 532 sc.
597 501 685 542 quod
703 511 722 531 a
744 500 843 532 Libe-

148 561 186 582 ro
210 556 307 592 patre
334 552 396 582 hoc
419 552 596 591 privilegio
619 551 754 581 donatae
771 550 844 581 fue-

147 605 246 631 rant:
270 599 317 632 αἷς
332 601 349 631 ὁ
370 601 521 632 Διόνυσος
543 601 724 641 ἐχαρίσατο,
748 600 844 632 ὁπότε

145 650 312 686 βούλοιντο
341 649 435 691 οἶνον,
466 650 640 691 σπέρματα,
667 651 718 682 καὶ
740 650 845 682 ἔλαιόν

145 699 318 739 λαμβάνειν
344 701 424 732 κατὰ
448 701 505 733 τὰς
530 704 593 733 τῶν
617 700 775 740 ὀνομάτων
796 700 844 732 θέ-

143 761 220 788 σεις,
245 757 283 783 ut
308 751 418 793 iuquit
439 753 627 784 Enarrator
653 752 841 794 Lycophro-

147 811 214 834 nis.

410 885 501 917 LIB.
525 885 577 918 11.

188 951 206 991 ς
226 953 243 982 l
267 948 320 981 Ad
335 950 503 982 Moesorum
517 951 689 994 regionem]
703 952 766 990 Τὴν
777 957 842 984 Μυ·

143 1002 208 1032 σῶν
232 999 335 1041 ἀρχὴν
360 1007 457 1032 vocat
478 1002 602 1034 Strabo
627 1003 685 1034 lib.
710 1012 778 1035 xn.
799 1003 841 1034 de

141 1051 291 1091 Telepho
303 1051 455 1092 loquens,
470 1056 505 1083 et
515 1053 654 1084 Homer.
669 1053 766 1084 ’In-B.
777 1057 841 1084 Μυ-

142 1101 206 1132 σῶν
220 1099 253 1131 δὲ
265 1099 378 1142 Χρόμις
393 1100 485 1142 ἦρχε,
501 1102 590 1144 quod
605 1103 737 1135 Noster
752 1104 840 1135 dixit

142 1159 182 1181 ιι.
228 1150 408 1182 ‘Chromis
437 1152 586 1183 Midouis
617 1162 659 1183 ex
693 1152 841 1184 Moesiaff

141 1200 266 1232 Moesia
290 1201 419 1242 quippe
441 1206 475 1233 et
497 1202 624 1242 Mysia,
646 1202 758 1234 utilia
774 1203 841 1234 Eu·

140 1259 248 1290 ropae,
267 1250 342 1282 haec
367 1250 457 1281 Asiae
476 1251 647 1292 praecipue
662 1252 840 1292 competit,

140 1299 191 1330 ita
207 1299 343 1331 nomina
364 1301 550 1340 saepissime
576 1301 665 1332 inter
690 1310 727 1332 se
750 1311 840 1333 com·

139 1354 328 1390 mutantur,
355 1354 393 1381 ut
414 1351 469 1381 hie
495 1351 586 1391 apud
613 1351 789 1393 Nostrum,
805 1356 840 1383 et

141 1400 239 1432 alios.
275 1400 331 1431 Ita
353 1400 493 1432 Retaria
516 1401 690 1442 Mysorum
714 1402 839 1433 dicitur

140 1461 216 1491 quae
231 1450 321 1491 apud
338 1450 503 1482 Antonin.
525 1457 579 1483 est
602 1452 713 1492 Regio
735 1455 787 1483 14.
804 1453 837 1483 iu

139 1502 288 1541 Europa.
312 1501 356 1532 Et
373 1502 490 1533 Florus
506 1502 548 1533 de
559 1503 693 1542 populis
707 1512 725 1532 a
739 1503 837 1534 Cras-

140 1560 178 1582 so
194 1551 226 1581 in
242 1551 378 1591 Europa
391 1551 549 1591 devictis,
565 1560 615 1583 iv.
630 1555 681 1584 12.
707 1552 838 1594 Norici,

137 1601 259 1642 Illyrii,
275 1602 456 1641 Pannonii,
467 1603 758 1644 Dalmatae‚Mysi,
770 1605 836 1635 &c.

137 1651 194 1683 ubi
211 1651 310 1682 Moesi
323 1651 356 1682 in
373 1652 511 1692 Europa
527 1652 772 1693 intelliguntur.

182 1701 343 1742 Telephus,
357 1702 410 1742 qui
425 1708 491 1732 tum
505 1702 626 1733 Moesiae
643 1701 835 1743 Imperator]

136 1743 167 1782 A
188 1751 394 1782 Teuthrante
422 1751 563 1783 Cilicum
592 1756 628 1783 et
657 1753 833 1792 Mysorum

136 1808 214 1840 rege
230 1800 429 1841 adoptatus,
452 1801 507 1832 cui
523 1802 628 1832 etiam
642 1801 675 1832 in
693 1811 833 1843 regnum

137 1851 317 1882 successit.

178 1898 289 1939 Neque
315 1898 412 1930 versis
434 1899 484 1930 his
509 1902 599 1940 atque
620 1899 745 1939 instiga
757 1910 832 1940 par·-

132 1948 216 1988 cere]
240 1948 349 1989 Lege,
371 1952 381 1966 ‘
395 1949 516 1990 Neque
532 1950 638 1980 versis
658 1950 709 1981 his
724 1951 757 1981 in
780 1949 833 1982 fu·

134 1996 235 2038 gam!

177 2049 230 2088 §2
255 2047 304 2078 Ob
328 2047 516 2078 industriam
539 2047 652 2079 virium
677 2051 768 2088 utque
783 2048 832 2079 in-

131 2097 237 2137 genii]
271 2098 280 2114 ‘
295 2096 522 2128 Industriam'
548 2098 704 2129 Donatus
725 2098 832 2129 inter-

133 2151 302 2188 pretatur,
313 2147 322 2163 ‘
332 2147 506 2177 scientiam
517 2151 550 2177 et
561 2146 833 2187 providentiam:

133 2198 252 2229 Florus
282 2205 324 2228 11.
353 2199 405 2229 12.
434 2205 597 2237 expresse
628 2196 829 2228 industriam

133 2246 261 2278 viribus
296 2246 458 2287 opponit:
491 2246 749 2288 ‘Industriam,’
778 2247 829 2277 in-

132 2297 217 2338 quit,
255 2301 265 2314 ‘
289 2296 518 2328 Macedonum
563 2296 687 2328 viribus
723 2297 828 2328 Thra—

131 2356 222 2387 cum,
255 2345 418 2378 ferociam
447 2347 612 2378 Thracum
650 2347 829 2389 disciplina

131 2396 357 2428 Macedonum
372 2399 671 2437 temperaverunt.’

173 2446 421 2487 Societaaez'sjus]
444 2447 500 2478 Sic
523 2446 596 2487 ‘jus
612 2446 826 2479 familiarita-

131 2496 199 2530 tis?
230 2497 356 2530 sustin.
384 2505 450 2528 vu.
479 2506 554 2537 cap.
578 2499 608 2528 3.
630 2500 666 2527 et
692 2505 772 2529 xv1.
793 2501 826 2529 5.

130 2547 141 2564 ⁸
155 2546 241 2579 Jure
254 2546 494 2578 familiaritatis
508 2545 667 2577 admissi.'

172 2598 265 2629 More
276 2598 400 2638 patrio]
425 2597 522 2629 Infra
548 2596 592 2628 de
616 2606 709 2629 more
734 2597 826 2629 colli-

130 2647 232 2688 gendi
245 2648 375 2679 cineres
391 2647 547 2689 quaedam
564 2646 812 2679 adnotabimus.

172 2696 340 2738 Sepelivit]
363 2697 464 2728 Hanc
477 2697 659 2738 sepulturae
676 2706 791 2728 curam
807 2707 827 2728 a

129 2745 320 2786 Maioribus
349 2746 532 2778 Diomedes
559 2746 740 2785 hauserat3
774 2755 826 2778 re-

130 2794 331 2838 fertquippe
342 2797 469 2830 Justin.
485 2805 543 2828 111.
558 2800 590 2828 5.
607 2796 649 2828 de
664 2796 826 2829 militibus

131 2845 477 2887 Lacedaemoniorum,
493 2848 502 2865 ‘
516 2846 687 2888 Tantum,’
704 2846 827 2888 inquit,

213 2899 329 2941 Delph.
343 2903 374 2932 et
394 2899 469 2934 ναν.
488 2900 572 2932 Clas-

719 2899 808 2935 Dict.
825 2901 910 2935 Cret.
924 2903 977 2944 &sc-

883 305 1025 338 NOTAE
1060 306 1111 337 IN
1147 308 1245 338 mu.
1279 307 1332 338 11.
1507 297 1593 339 625

896 401 906 419 ‘
920 400 1075 432 ardorem
1093 400 1257 432 militibus
1275 399 1451 441 injecit,ut
1467 410 1532 432 non
1549 401 1592 434 de

894 452 1014 489 salute,
1032 451 1090 482 sed
1109 450 1151 481 de
1168 451 1348 491 sepultura
1363 451 1513 488 solliciti,
1526 457 1593 484 tes-

893 512 998 542 seras,
1013 502 1186 542 insculptis
1202 502 1270 532 suis
1286 506 1320 533 et
1337 506 1472 542 patrum
1487 503 1592 533 nomi-

893 552 1002 589 nibus,
1025 551 1147 583 dextro
1174 551 1313 582 brachio
1336 551 1538 592 deHgareut,
1555 557 1593 584 ut.

893 602 919 631 si
935 610 1051 632 omnes
1068 600 1247 631 adversum
1265 601 1418 641 proelium
1437 610 1592 632 consum-

893 651 1004 690 sisset,
1018 655 1052 682 et
1067 650 1228 690 temporis
1239 650 1349 690 spatio
1363 649 1502 682 confusa
1518 660 1594 682 cor-

893 710 1010 741 porum
1039 700 1245 731 lineamenta
1270 704 1398 741 essent,
1432 710 1474 731 ex
1505 700 1592 732 indi-

891 751 946 782 cio
977 750 1152 782 titulorum
1177 750 1267 782 tradi
1293 751 1482 792 sepulturae
1512 761 1591 793 pos-

892 799 990 832 sent.'

935 852 951 891 ξ
969 853 987 881 3
1011 850 1078 891 Ipsi
1093 851 1200 882 Duces
1215 851 1380 892 Principes
1394 851 1591 894 certaminis]

891 900 1032 931 Scilicet
1060 900 1126 940 ipsi
1154 902 1269 933 Duces
1301 901 1464 942 primipili
1493 901 1592 943 quasi

890 948 1042 989 fuerunt,
1059 951 1115 990 qui
1131 950 1230 991 primi
1252 951 1398 983 hostium
1415 950 1522 983 aciem
1543 951 1593 983 in-

891 999 1039 1040 fringere
1054 1000 1246 1031 tentabant.

945 1049 1130 1080 Teutranius
1144 1059 1184 1081 ex
1200 1050 1367 1081 Teutrante
1382 1052 1413 1081 et
1429 1051 1520 1089 Auge
1532 1059 1590 1090 ge-

889 1098 986 1137 nitus,
1007 1099 1117 1137 frater
1144 1099 1268 1140 Telephi
1293 1099 1448 1140 uterinus]
1475 1100 1590 1132 Uteri-

890 1157 969 1179 num
988 1149 1141 1189 apprime
1159 1149 1285 1180 Noster
1299 1149 1444 1181 addidit.
1489 1149 1589 1191 Auge

889 1199 1017 1239 quippe
1052 1204 1185 1239 patrem
1213 1199 1335 1231 Aleam
1366 1200 1500 1240 habuit,
1531 1200 1588 1241 qui

889 1249 1032 1280 eandem
1049 1249 1092 1280 ab
1113 1249 1266 1281 Hercule
1287 1259 1513 1291 compressam
1529 1250 1588 1281 de-

889 1299 1102 1339 prehendens
1131 1299 1225 1331 cistae
1250 1309 1317 1331 una
1341 1310 1418 1331 cum
1440 1300 1509 1332 filio
1523 1302 1588 1332 Te—

888 1349 987 1389 lepho
1004 1349 1200 1381 incluserat.
1248 1350 1416 1382 Teuthras
1437 1349 1587 1391 corpori-

887 1398 948 1430 bus
978 1399 1125 1431 inventis
1155 1399 1278 1441 Augen
1304 1409 1445 1431 uxorem
1475 1400 1588 1436 duxit,

886 1458 930 1480 ex
960 1460 1027 1491 qua
1053 1451 1275 1482 Teutranium
1301 1451 1467 1491 suscepit,
1489 1451 1587 1482 Tele-

886 1499 988 1540 phum
1017 1509 1096 1531 vero
1122 1500 1188 1531 sibi
1221 1501 1409 1541 adoptavit,
1433 1500 1586 1532 Hercule

885 1549 1050 1590 genitum,
1066 1555 1105 1582 ut
1121 1551 1249 1582 Noster
1264 1550 1365 1589 infra,
1382 1553 1415 1581 4.

931 1600 1014 1636 Quos
1027 1602 1187 1632 adversum
1199 1600 1295 1640 ierat]
1319 1602 1387 1632 Sic.
1405 1600 1585 1632 ‘Militiam

883 1650 1058 1682 Priamum
1099 1645 1277 1683 adversum
1311 1650 1496 1692 recusare,'
1522 1659 1585 1692 pro

883 1700 1045 1732 adversus
1062 1702 1250 1734 Priamum.

924 1750 974 1782 Ab
987 1752 1118 1782 instanti
1130 1751 1282 1792 pernicie]
1305 1751 1362 1783 Ita
1377 1760 1421 1783 11.
1436 1753 1491 1782 33.
1505 1751 1514 1767 ‘
1526 1749 1584 1782 In-

884 1805 1030 1832 stantem
1049 1801 1260 1842 perniciem.’
1283 1801 1508 1836 Instans,lioc
1518 1803 1584 1841 est,

883 1861 1043 1892 praesens.
1080 1851 1137 1882 Sic
1163 1851 1252 1892 apud
1275 1852 1438 1891 optimum
1465 1849 1585 1882 autho·

883 1910 967 1937 rem.
991 1902 1131 1942 (nomen
1152 1902 1231 1932 mihi
1261 1900 1408 1941 excidit)
1429 1899 1499 1931 scio
1528 1908 1582 1931 me

881 1950 1015 1991 legisse,
1027 1955 1036 1968 ‘
1045 1951 1193 1992 Tempus
1204 1950 1431 1991 praeteritum,
1442 1949 1581 1988 instans,

882 2004 918 2032 et
934 2000 1110 2032 futurum-⁹

924 2051 942 2091 ξ
963 2052 984 2080 4
1009 2051 1111 2085 Quum
1135 2052 1261 2090 utraque
1283 2049 1365 2090 acie]
1388 2049 1507 2080 Totam
1524 2057 1581 2089 pe-

882 2100 1013 2132 riodum
1027 2101 1075 2131 ita
1088 2100 1186 2140 lego:
1211 2102 1220 2118 ‘
1238 2109 1314 2131 cum
1331 2104 1474 2140 utraque
1489 2098 1581 2129 acies

880 2151 1015 2182 intenta
1031 2150 1065 2181 in
1080 2150 1234 2190 proelium
1248 2150 1330 2189 (vel,
1341 2149 1476 2180 intenta
1491 2158 1581 2189 proe-

879 2200 940 2240 lio,
959 2204 998 2232 ut
1014 2200 1023 2217 ‘
1039 2200 1128 2231 bello
1145 2198 1308 2231 intentus'
1324 2198 1398 2240 ιιι.)
1421 2200 1495 2230 sine
1511 2199 1580 2230 ulla

880 2250 1007 2291 requie,
1030 2249 1106 2289 jugi
1127 2249 1323 2288 certamine,
1355 2258 1396 2280 ac
1431 2249 1579 2281 strenuis

878 2300 1057 2332 adversum
1074 2309 1110 2331 se
1126 2299 1268 2331 ducibus
1282 2299 1512 2340 fatigaretur.’

920 2350 1094 2380 Multorum
1102 2349 1221 2380 dierum
1230 2349 1372 2390 navigio]
1389 2349 1398 2366 ‘
1407 2343 1506 2381 Mare
1519 2359 1578 2382 na-

877 2399 958 2440 vigii
982 2399 1137 2440 patiens.'
1152 2403 1162 2417 ‘
1177 2399 1210 2431 N
1214 2398 1371 2440 avigium’
1388 2408 1451 2440 pro
1466 2400 1578 2432 ‘navi-

877 2449 1039 2492 gatione!

920 2500 1016 2531 Moesi
1030 2501 1070 2531 acl
1092 2509 1126 2531 se
1140 2500 1276 2540 domum]
1300 2501 1428 2533 Locum
1452 2510 1495 2533 ex
1510 2501 1574 2533 Ca-

876 2551 961 2582 tullo
984 2550 1035 2582 vir
1059 2550 1181 2582 doctus
1205 2551 1408 2592 adscripsit:
1434 2551 1512 2582 ‘Ad
1537 2561 1574 2584 se

875 2601 1018 2642 quisque
1041 2610 1127 2642 vago
1153 2602 1279 2643 passim
1306 2602 1395 2644 pede
1418 2601 1574 2635 discede-

875 2650 986 2683 bant.'

916 2700 1017 2732 Multi
1041 2700 1203 2740 mortales]
1231 2701 1277 2733 Et
1303 2701 1367 2732 hoe
1397 2701 1571 2734 Sallustia-

874 2759 953 2781 num
966 2755 1032 2787 est,
1048 2760 1109 2792 pro
1123 2752 1131 2768 ‘
1142 2750 1356 2793 hominibus‚’
1372 2750 1382 2768 ‘
1392 2752 1552 2785 mortales
1564 2752 1575 2769 ’

874 2808 1012 2840 ponere.

918 2850 972 2889 §6
992 2850 1155 2883 Jactatum
1175 2850 1298 2892 magnis
1320 2851 1490 2893 doloribus]
1511 2852 1568 2885 Ita

1411 2908 1431 2936 2
1454 2905 1485 2936 R
