1889 3194
306 378 389 418 418

308 481 503 530 Occulit,
523 483 656 533 atque
677 479 789 521 aude
813 479 1035 533 praeconia
1055 490 1159 519 vera
1179 477 1344 518 mereri.

847 387 1050 418 JOSEPHI
1086 386 1252 417 lscANl

307 547 452 589 Hicne
471 548 586 588 nitor
603 546 831 601 Chalybis,
854 547 936 587 hoc
958 557 1113 586 aurum
1132 544 1297 585 hostile
1319 543 1492 584 decoris

307 614 601 666 Extorquebit
621 614 779 667 opem?
812 612 990 661 Nescis,
1012 611 1273 659 saevissima,
1295 609 1466 650 nescis:

304 680 358 720 In
381 680 576 734 Chalybe
595 679 747 720 horror
767 680 896 726 inest,
918 678 962 717 in
984 677 1160 718 casside
1180 676 1374 729 fulgurat
1395 688 1548 717 aurum
1566 690 1576 717 ε

305 746 359 786 In
380 747 544 799 capulo
565 744 781 786 crudescit
797 744 923 783 ebur:
953 742 1018 783 sic
1041 742 1178 783 docta
1198 744 1396 785 minaces

304 812 503 854 Delicias
524 810 663 860 affert,
680 816 724 851 et
744 809 836 850 vult
856 809 1079 862 placuisse
1102 808 1321 851 Minerva.

1661 810 1746 851 265

303 879 429 919 Tune
450 878 479 919 J
483 890 612 919 ovem
631 876 814 917 mentita
833 875 1031 928 patrem?
1063 888 1150 928 qua
1167 876 1328 928 pellice
1345 881 1493 919 nostra

304 945 359 985 In
379 944 522 986 lectos
541 943 727 984 audente
749 943 890 983 suos?
923 941 1002 982 sed
1022 947 1157 983 matre
1177 954 1324 983 carere

304 1010 521 1052 Creditur.

581 1009 620 1050 Ο
643 1009 854 1062 Superum
871 1008 1030 1062 pudor,
1051 1009 1204 1049 haecne
1224 1009 1421 1051 animosa
1436 1010 1630 1064 superbit

305 1077 450 1118 Solius
471 1076 720 1117 meminisse
738 1075 854 1116 viri?
886 1074 1065 1129 dicique
1088 1074 1240 1129 virago

303 1143 527 1184 Emeruit?
560 1142 685 1184 Certe
703 1141 900 1195 Superos
920 1141 1062 1182 invisa
1081 1141 1253 1194 fatigat,

303 1209 517 1251 Mortales
533 1209 766 1250 consumit.

302 1276 417 1329 Ergo
436 1288 582 1316 mares
603 1280 743 1316 vorat.

301 1342 389 1383 Vel
408 1343 513 1396 quia
533 1342 729 1383 Pallanti
742 1341 947 1395 jugulum
968 1341 1125 1383 scidit:
1156 1341 1260 1383 hinc
1282 1343 1416 1394 color,
1437 1343 1538 1384 inde

303 1410 475 1450 Dextra
489 1421 650 1450 nocens
667 1421 826 1449 nomen
848 1408 1016 1448 alterno
1032 1407 1133 1462 jure
1155 1412 1356 1450 meretur.

302 1476 473 1528 Tuque,
491 1475 569 1516 sed
587 1489 614 1516 o
636 1475 822 1524 facinus,
838 1480 960 1524 tune,
978 1475 1171 1528 inquam,
1186 1475 1374 1528 prodiga
1391 1488 1543 1526 sexus,

305 1542 510 1582 Foemina
528 1542 644 1595 plus,
666 1554 800 1594 quam
815 1541 916 1594 jura
936 1541 1095 1591 sinunt,
1115 1545 1160 1583 et
1180 1542 1354 1582 mollior
1374 1555 1520 1594 aequo,

303 1609 432 1648 Tune
453 1621 555 1660 ergo
572 1608 744 1656 Venus,
768 1620 874 1648 ausa
894 1608 1019 1647 venis
1034 1607 1081 1647 in
1101 1608 1284 1660 praemia
1301 1607 1455 1649 formae
1473 1609 1492 1648 ‘l

305 1675 376 1715 An
399 1676 543 1715 nescis
564 1676 635 1716 cui
647 1674 747 1728 jura
769 1674 884 1726 petis
905 1673 1184 1714 communia?
1244 1673 1331 1713 Sed
1352 1674 1456 1726 quis

305 1741 497 1782 Credet?
530 1745 596 1782 tot
615 1741 644 1782 J
651 1754 734 1781 uno
756 1740 926 1781 similes
946 1739 1104 1779 habet:
1135 1739 1267 1780 unica
1287 1739 1508 1792 quondam

304 1806 362 1848 Et
382 1808 514 1848 nullis
536 1808 750 1861 aequanda
770 1807 856 1847 fui:
898 1818 997 1846 cum
1020 1805 1205 1858 provida
1225 1805 1433 1846 mundum

825 1207 886 1249 At
906 1211 975 1249 est
994 1208 1234 1258 Mavortia,
1252 1209 1427 1252 dicunt:
1662 1144 1747 1186 27⁰

801 1273 863 1315 At
878 1274 1045 1324 Pallas,
1065 1275 1125 1316 sit
1145 1288 1155 1316 z
1186 1275 1265 1316 sed
1284 1277 1390 1329 quia
1409 1277 1561 1330 pallet,

1662 1475 1749 1517 275

1659 1805 1744 1848 280

306 1874 526 1927 Dirigeret
548 1873 723 1915 Natura
744 1885 886 1921 suum,
908 1872 1001 1912 sine
1023 1871 1206 1924 conjuge
1227 1871 1394 1924 conjux

303 1941 476 1990 Stabat,
495 1945 539 1980 et
559 1941 601 1981 in
621 1939 769 1980 florem
791 1939 909 1979 cultu
931 1941 1150 1978 crescente
1172 1950 1371 1978 severum

303 2007 460 2048 Stabat
482 2006 640 2056 adhuc,
661 2019 762 2046 cum
782 2005 846 2045 sic
867 2008 1005 2045 mater
1024 2003 1200 2045 Natura
1218 2017 1228 2042 ε
1251 2003 1372 2054 Quid
1394 2003 1550 2054 haeres,

907 2120 1151 2133 “nomm‘'

348 2191 407 2220 261
444 2188 509 2219 Hic
535 2198 644 2218 aurum
666 2187 721 2218 ed.
752 2187 854 2218 Basil.
881 2187 1056 2227 Spondan.
1082 2192 1118 2217 et
1144 2187 1339 2218 Moru—267
1365 2187 1404 2217 Ιη
1429 2186 1529 2218 luctus
1558 2187 1612 2218 ed.
1643 2188 1748 2219 Basil.

304 2230 475 2272 Spondan.
492 2235 527 2261 et
540 2231 738 2262 Moru—276
761 2229 874 2260 Sinone
892 2229 948 2260 ed.
966 2230 1070 2261 Basil.
1088 2229 1259 2270 Spondan.
1276 2234 1312 2260 et
1330 2229 1418 2260 Mor.

958 2334 1098 2367 NOTAE

346 2402 408 2430 264
434 2400 471 2430 In
494 2401 599 2440 capulo
623 2400 773 2431 crudescit
799 2400 888 2441 ebur]
912 2399 999 2431 Vide

305 2458 357 2480 ιν.
375 2452 450 2480 190.

347 2501 410 2529 267
433 2499 497 2530 Sed
509 2502 607 2529 matre
622 2509 726 2530 carere
744 2498 908 2538 Creditur]
933 2500 1000 2530 Ex·

307 2549 403 2588 ponit
429 2548 461 2579 in
481 2548 702 2588 sequentibus
727 2558 777 2580 vs.
794 2551 868 2579 365.
903 2549 1000 2579 Philo

306 2597 412 2629 refert
435 2598 476 2628 ad
504 2598 732 2637 septenarium
758 2607 932 2628 nnmerum
962 2598 999 2627 il-

307 2646 364 2676 lud
389 2646 431 2677 de
456 2646 600 2687 patrima
629 2646 772 2687 virgine,
795 2645 1000 2684 Κυσμοποιΐας

309 2703 342 2733 p.
358 2696 409 2724 17.

349 2745 411 2773 273
439 2743 494 2773 Vel
503 2744 574 2782 quia
587 2744 729 2776 Pallanti
735 2744 882 2783 jugulum
890 2744 999 2784 scidit]

309 2790 401 2822 Ante
431 2792 518 2822 enim
549 2793 700 2824 Tritonia
731 2794 835 2825 dieta.
880 2794 1000 2824 Festus

311 2845 440 2869 tamen:
467 2841 475 2855 ‘
494 2841 606 2871 Pallas
634 2842 790 2872 Minerva
815 2846 867 2873 est
895 2843 999 2881 (licta,

310 2889 398 2930 quod
422 2889 607 2920 Pallantem
625 2891 793 2931 gigantem
819 2891 998 2923 intersece-

1055 2400 1111 2439 rit,
1127 2400 1191 2440 vel,
1207 2399 1294 2430 sicut
1310 2398 1490 2439 putabant,
1505 2397 1595 2439 qilod
1612 2398 1643 2428 in
1669 2397 1752 2428 Pal·

1053 2450 1144 2481 laute
1172 2449 1296 2489 palude
1320 2441 1403 2480 nata
1426 2448 1500 2479 est!
1545 2447 1672 2479 Arnob.
1695 2456 1750 2479 ιν.

1053 2503 1062 2516 ’
1081 2500 1169 2530 Nam
1197 2499 1385 2529 Minervam
1411 2507 1465 2527 me
1492 2505 1565 2527 esse
1593 2497 1747 2536 genitore

1054 2558 1097 2579 ex
1126 2549 1283 2579 Pallante
1314 2551 1539 2588 procreatam,
1566 2546 1663 2576 testis
1695 2550 1748 2576 est

1053 2597 1160 2628 omnis
1191 2596 1366 2637 po‘e'tarnm
1393 2596 1526 2634 chorus,
1549 2594 1607 2634 qui
1633 2594 1747 2625 Palla-

1054 2646 1130 2678 dem
1153 2656 1205 2677 me
1230 2649 1418 2685 nuncupat,
1431 2644 1585 2675 derivato
1605 2653 1625 2674 a
1651 2649 1748 2684 patre

1054 2694 1277 2736 cognomine.'

1095 2747 1135 2776 27
1139 2748 1159 2775 6
1182 2743 1321 2775 Foemina
1333 2743 1415 2782 plus,
1429 2751 1518 2782 quam
1534 2741 1610 2780 jura
1625 2741 1747 2781 sinunt]

1056 2794 1202 2825 Velleius
1229 2802 1268 2823 ιι.
1291 2793 1300 2808 ‘
1318 2792 1387 2822 otio
1407 2801 1446 2822 ac
1472 2791 1620 2823 mollitiis
1648 2800 1747 2832 paene

1055 2843 1143 2875 ultra
1158 2841 1327 2874 foeminam
1343 2839 1470 2872 fluens.’
