1889 3194
329 310 414 351 606
501 321 643 352 No‘rAE
676 321 940 351 VARmRUM
974 321 1024 350 lN

332 414 382 445 nio
403 418 434 446 et
458 415 617 447 Arcesilan
636 414 886 454 consanguineis]
910 415 1023 445 Pene-

329 465 610 503 leum,Clouium,
621 465 844 502 Arcesilaum,
858 462 1025 494 Prothoe-

330 523 459 554 norem,
486 515 616 546 Leitum
644 514 767 546 fratres
797 514 919 555 partim
951 522 1025 553 ger-

330 573 461 601 manos,
479 565 599 603 partim
613 565 785 604 patrueles
798 563 900 594 fuisse
917 562 1026 593 discas

329 623 372 644 ex
395 614 548 644 Diodoro
564 615 676 645 Siculo
693 624 741 645 ιν.
757 617 810 645 69.
833 613 966 644 Βοιωτοῦ
991 612 1024 644 δὲ

323 664 445 694 Ἴτωνος
461 663 626 702 ’γενόμενος
640 663 810 694 ἐτέκνωσεν
819 662 899 694 υἱοὺς
907 663 1007 693 τέσσα
1014 680 1027 687 -

328 725 393 752 ρας,
405 713 616 751 Ἱππάλκιμον,
634 712 858 753 Ἠλεκτρύονα,
875 712 1022 751 Ἀρχίλυ·

329 774 396 802 κον,
409 763 458 793 καὶ
468 763 668 803 Ἀλεγήνορα.
684 761 801 793 τούτων
812 761 845 792 δὲ
860 761 1024 792 Ἱππάλκι-

328 824 384 849 μος
397 812 455 851 μὲν
476 813 622 852 ἐγέννησε
645 812 813 848 Πηνέλεον,
829 811 1025 852 ’Ἠλεκτρύων

329 862 362 892 δὲ
377 862 502 900 Λήϊτον,
517 862 693 903 Ἀλεγήνωρ
707 862 739 893 δὲ
755 862 898 901 Κλόνιον,
920 861 1025 902 Ἀρχί-

327 918 422 942 λυκος
452 910 484 941 δὲ
513 912 705 951 Προθοήνορα
733 912 783 943 καὶ
810 912 1025 952 Ἀρκεσίλαον,

328 960 400 991 τοὺς
415 960 463 990 ἐπὶ
474 961 582 1001 Τροΐαν
602 961 855 1002 στρατεύσαντας
869 961 1024 1000 ἡγεμόνας

328 1012 390 1041 τῶν
405 1009 547 1041 ἁπάντων
563 1014 717 1043 Βοιωτῶν.
757 1012 936 1043 Postrema
953 1013 1026 1044 liaec

329 1061 440 1092 firmat
455 1062 640 1102 Septimius
658 1061 760 1099 infra,
783 1065 834 1093 17.
857 1062 959 1093 ‘item
983 1072 1025 1093 ex

329 1112 418 1142 omui
434 1112 568 1142 Boeotia
590 1111 798 1148 Arcesilaus,
821 1112 1027 1151 Protlienor‚

329 1160 508 1200 Peneleus,
521 1162 647 1196 Leitns,
658 1163 806 1201 Clanius,
818 1172 919 1192 naves
931 1162 1028 1202 quin-

329 1211 490 1250 quaginta
507 1221 516 1240 :
531 1210 538 1222 '
563 1220 603 1241 ac
634 1212 806 1251 praecipue
835 1211 1025 1242 Homerus:

327 1261 465 1289 Βοιωτῶν
478 1258 536 1297 μὲν
551 1259 712 1296 Πηνέλεως
722 1259 772 1290 καὶ
786 1259 897 1297 Λήῖτος
911 1258 1025 1299 ἦρχον,

325 1310 523 1350 Ἀρκεσίλαός
550 1322 600 1349 τε,
626 1311 804 1351 Προθοήνωρ
820 1323 868 1350 τε,
892 1311 1027 1342 Κλόνιός

329 1371 379 1390 τε.

371 1413 444 1452 §14
469 1411 592 1442 vicaria
617 1411 729 1452 morte]
758 1410 909 1442 Alcestis
931 1411 1028 1441 nimi-

327 1470 399 1490 rum
415 1460 560 1491 Admeto
573 1459 745 1500 ἆνι-ίψυχος
763 1460 870 1491 facta.
919 1460 1027 1501 Hygi-

329 1520 393 1541 nus
417 1511 499 1541 Fah.
519 1513 594 1541 243.
628 1511 795 1542 ‘Alcestis
831 1510 929 1541 Pelei
957 1509 1028 1540 filia

330 1565 472 1600 propter
494 1560 677 1591 Admetum
699 1560 877 1600 conjugem
902 1560 1027 1590 vicaria

329 1616 438 1639 morte
458 1608 566 1640 obiit)
975 1616 977 1619 ⁴

371 1657 517 1696 sagittus
539 1658 660 1689 divinas
680 1658 843 1689 industriae
865 1660 1027 1698 proemium

329 1711 508 1737 cwsecucus
520 1707 581 1747 est]
598 1708 752 1748 Hyginus
769 1708 846 1738 Fab.
862 1710 934 1738 102.
946 1709 955 1725 ‘
971 1708 1027 1738 Ob

330 1755 363 1785 id
380 1755 577 1786 beneficium
596 1756 762 1787 Hercules
785 1766 861 1787 suas
885 1756 1027 1796 sagittas

330 1805 460 1836 divinas
479 1806 509 1834 ei
527 1805 690 1836 donavit!

376 1855 427 1884 Ea:
453 1855 572 1885 AEtolia
603 1855 827 1895 Thessandrus]
862 1856 952 1887 Usus
981 1856 1026 1887 ibi

329 1903 477 1943 hospitio
504 1903 629 1934 OEnei:
651 1904 747 1944 cujus
765 1905 923 1945 auspiciis
936 1915 1028 1946 coep·

331 1959 400 1984 tum
419 1955 507 1983 iuter
522 1953 673 1994 Tydeum
700 1960 735 1985 et
760 1955 957 1995 Polynicem
974 1965 1026 1986 so·

329 2004 545 2043 cietatisjus,
559 2010 702 2044 utroque
720 2004 760 2034 ad
777 2005 909 2036 Thebas
922 2006 1026 2036 inter-

329 2051 433 2087 fecto,
450 2062 526 2083 cum
546 2053 707 2084 Diomede
723 2053 821 2084 OEuei
834 2059 957 2094 nepote
971 2064 1027 2085 co·

328 2102 350 2131 li
384 2103 627 2142 perseveravit.
662 2102 748 2133 infra
783 2113 821 2134 n.
849 2107 881 2134 2.
938 2105 1026 2136 Nam

329 2161 404 2182 cum
422 2157 608 2182 conventus
634 2152 831 2183 Graecorum
858 2153 955 2193 Argis
977 2154 1025 2184 iu-

329 2202 540 2240 stitueretur,
567 2201 667 2232 OEuei
686 2204 802 2243 utique
818 2212 957 2243 regumn
971 2203 1025 2234 s'E·

330 2251 412 2282 tolia
427 2250 500 2282 fuit.
529 2260 578 2283 vt.
603 2255 635 2282 2.
657 2253 864 2284 Thessandri
888 2254 1025 2286 Thebae.

330 2309 354 2332 1.
372 2303 426 2331 17.

372 2350 510 2380 Martem
525 2353 615 2390 atque
629 2352 821 2382 concordiam
843 2352 949 2383 multis
969 2353 1025 2383 im·

329 2399 544 2430 mutationibus
557 2399 617 2430 sibi
629 2401 876 2442 aa'lzospitutere]
892 2402 924 2432 Si
940 2402 1023 2442 Sep-

331 2448 444 2479 timius
461 2449 509 2478 ita
522 2450 684 2489 scriptum
706 2450 853 2490 reliquit,
877 2459 943 2481 non
967 2452 1024 2481 im-

330 2499 451 2529 merito
476 2498 566 2530 forte
590 2499 676 2530 hauc
704 2501 908 2532 locutionem
935 2501 1025 2532 inter

329 2548 385 2579 τὰς
396 2547 475 2587 ἅπαξ
485 2547 631 2587 ῥηθέντας
643 2551 800 2580 retuleris
814 2561 823 2581 :
839 2551 934 2591 cujus
951 2561 1025 2582 sen·

332 2607 401 2627 sum
428 2598 516 2629 idem
544 2600 668 2630 extulit
694 2608 736 2630 ιι.
758 2603 809 2631 10.
833 2601 1024 2631 ‘Caeterum

331 2648 444 2678 Graeci
475 2649 589 2680 multis
620 2649 903 2681 immolationibus
934 2651 1025 2682 Deos

331 2697 502 2737 adjutores
521 2699 666 2738 iucoepto
684 2699 907 2731 invocantes:
957 2701 1025 2731 Ne-

331 2756 395 2787 que
423 2747 512 2777 aliud
543 2747 646 2779 fuerit
667 2750 675 2765 ‘
692 2749 782 2780 Deos
809 2749 1024 2789 adliospitare

331 2796 417 2834 sibi,’
447 2807 545 2837 quam
571 2798 645 2829 illos
672 2799 804 2839 precari
834 2805 872 2830 ut
899 2799 1023 2830 adveu-

331 2851 415 2885 tent,
439 2853 692 2890 praesentesque
707 2859 747 2881 ac
764 2850 905 2892 propitii
921 2850 1023 2882 sacri-

1060 321 1249 351 DtcTYM
1286 320 1601 352 CRETENSEM·

1076 413 1165 448 ficio,
1181 423 1221 444 ac
1237 413 1400 454 deinceps
1421 413 1544 454 coeptis
1569 412 1682 446 adsint
1699 423 1709 446 ι
1735 413 1776 446 iis

1079 463 1284 503 potissimum
1306 463 1460 494 formulis
1483 473 1567 504 quas
1599 464 1621 494 l.
1649 473 1674 495 ι.
1699 474 1776 496 ver-

1077 513 1194 544 borum
1211 513 1396 544 solennium
1417 513 1556 554 collegit
1571 513 1776 546 Brissouius.

1076 564 1085 580 ⁸
1103 563 1171 593 Vos
1191 572 1312 602 precor
1329 563 1402 601 Dii,
1427 568 1466 594 ut
1488 563 1585 594 nobis
1609 564 1775 600 volentes.

1077 612 1214 652 propitii
1231 611 1373 643 adsitis!
1408 614 1418 630 ‘
1432 611 1531 644 Adsis
1547 623 1567 644 o
1582 613 1719 645 tandem
1736 619 1774 645 et

1077 663 1217 703 propius
1235 669 1291 695 tua
1306 663 1456 695 Numina
1477 663 1613 696 firmes!
1654 664 1773 696 Tradi-

1078 720 1148 745 tum
1164 714 1254 745 euim
1270 714 1456 751 veteribus,
1472 714 1568 745 Deos
1583 714 1775 746 homiuibus

1077 764 1142 803 piis
1176 768 1212 794 et
1249 761 1372 794 bonam
1404 772 1541 794 causam
1579 762 1774 795 foventibus

1076 812 1294 852 ἐπιξενοῦσθαι,
1316 813 1471 853 hospites
1506 812 1594 852 fieri,
1629 814 1701 844 sive
1738 818 1776 845 ut

1077 863 1212 895 Glossae
1242 863 1517 895 Graeco-Latiuae
1546 863 1777 904 interpretau-

1077 918 1133 944 tur
1156 915 1166 931 ‘
1180 912 1366 951 hospitari!
1409 912 1628 952 Palaephatus
1642 913 1684 943 de
1696 912 1776 944 Ori-

1076 972 1160 994 one:
1185 961 1259 993 Ζεὺς
1281 961 1326 1003 δὲ,
1341 961 1391 993 καὶ
1407 963 1577 1000 Ποσειδῶν,
1595 961 1646 992 καὶ
1659 962 1773 1002 Ἐρμῆς

1076 1011 1316 1051 ἐπιξενωθέντες,
1332 1012 1424 1051 αὐτῷ,
1440 1022 1514 1042 mr.
1530 1017 1564 1043 λ.
1598 1011 1728 1042 Statius
1740 1012 1776 1042 in

1077 1062 1229 1093 Hercule
1246 1062 1468 1093 Surrentino:
1492 1062 1502 1079 ‘
1519 1060 1583 1091 Sed
1597 1059 1680 1092 felix
1697 1060 1776 1092 sim-

1078 1113 1223 1152 plexque
1231 1112 1363 1148 domus,
1374 1111 1597 1152 fraudumque
1611 1111 1774 1141 malarum

1078 1163 1205 1201 Inscia‚
1217 1167 1251 1193 et
1267 1162 1456 1202 hospitibus
1467 1161 1610 1201 Superis
1619 1160 1774 1202 dignissi-

1078 1222 1131 1243 ma
1149 1212 1270 1244 sedes!
1300 1213 1343 1243 Et
1359 1212 1459 1253 paulo
1476 1217 1553 1252 post
1568 1221 1577 1242 :
1599 1211 1675 1242 ‘Da
1690 1216 1777 1242 tem·

1079 1264 1184 1303 plum,
1209 1263 1394 1303 dignasque
1413 1262 1478 1293 tuis
1496 1260 1673 1292 conatibus
1690 1269 1778 1299 aras,

1079 1315 1155 1346 Quo
1171 1314 1278 1344 Pater
1292 1311 1669 1352 aetheriuS,mensisque
1686 1310 1776 1341 acci·

1080 1367 1115 1393 ta
1125 1364 1272 1394 Deorum
1285 1362 1410 1397 Turba,
1422 1367 1458 1392 et
1475 1361 1516 1391 ab
1533 1361 1669 1392 excelso
1683 1361 1775 1391 veni-

1079 1418 1113 1443 at
1131 1422 1225 1443 soror
1249 1412 1384 1452 hospita
1409 1410 1557 1451 templo-⁹
1600 1411 1710 1443 Quem
1727 1411 1775 1441 lo-

1078 1472 1153 1493 cum
1170 1462 1272 1493 etiam
1289 1461 1442 1492 Catullus
1459 1460 1609 1492 excoluit
1621 1461 1663 1491 de
1676 1461 1776 1500 Nup-

1080 1513 1134 1543 tiis
1152 1511 1247 1542 Pelei
1263 1522 1271 1542 z
1296 1514 1305 1529 ‘
1319 1512 1512 1542 Praesentes
1528 1519 1671 1551 namque
1694 1516 1774 1541 ante

1079 1562 1194 1592 domos
1210 1561 1356 1592 invisere
1368 1568 1478 1592 castas
1494 1559 1638 1600 Saepius,
1648 1566 1685 1592 et
1700 1569 1774 1591 sese

1079 1611 1209 1642 mortali
1252 1610 1435 1641 ostendere
1474 1615 1566 1641 coetu
1603 1609 1774 1641 Coelicolae

1078 1662 1224 1691 nondum
1241 1666 1356 1700 spreta
1369 1660 1497 1700 pietate
1514 1658 1694 1694 solebant.’
1710 1661 1776 1690 &c-

1078 1710 1182 1750 Apud
1200 1710 1367 1740 Romanos
1381 1709 1544 1749 peculiari
1567 1710 1676 1748 elogio
1693 1718 1776 1749 gens

1079 1760 1198 1791 Potita
1220 1759 1390 1799 ‘hospitio
1419 1759 1574 1790 Deorum
1603 1758 1777 1790 immorta-

1078 1810 1158 1840 lium
1183 1818 1279 1839 sacra
1296 1808 1303 1821 ’
1327 1808 1530 1844 habebatur,
1558 1812 1644 1838 teste
1678 1807 1775 1838 Livio

1079 1867 1133 1890 lx.
1151 1861 1203 1889 34.
1246 1859 1376 1890 Graecis
1392 1863 1503 1889 autem
1519 1856 1615 1889 Θεοὺς
1630 1856 1680 1888 ἐπὶ
1694 1856 1776 1896 ξένια

1079 1909 1198 1949 καλεῖν,
1222 1908 1372 1949 itemque
1400 1906 1496 1939 Θεοὺς
1522 1907 1625 1938 ἐλθεῖν
1648 1906 1698 1938 ἐπὶ
1717 1910 1777 1947 ξει-

1079 1957 1146 1988 νίαν
1174 1956 1339 1987 familiare
1363 1955 1446 1987 fuit:
1472 1957 1550 1988 inde
1574 1956 1718 1996 Θεοξένια
1739 1962 1776 1988 et

1077 2008 1164 2037 Θεῶν
1177 2005 1328 2046 παρουσία
1342 2008 1467 2046 passim
1485 2006 1599 2038 obvia.
1632 2006 1707 2037 Nisi
1724 2011 1774 2037 ta-

1078 2066 1154 2087 men
1168 2056 1222 2086 hic
1235 2056 1402 2086 editorum
1415 2055 1544 2096 pariter
1553 2061 1655 2096 atque
1668 2056 1776 2096 scrip·

1079 2110 1187 2137 torum
1212 2106 1454 2146 exemplarium
1481 2106 1634 2136 obstaret
1660 2105 1778 2136 autho-

1079 2156 1174 2191 ritas,
1198 2165 1260 2195 pro
1290 2154 1630 2193 ‘adhospitaveruut'
1658 2154 1780 2186 substi-

1079 2205 1240 2235 tuendum
1263 2213 1438 2235 censerem
1453 2205 1462 2220 ‘
1472 2203 1777 2236 adhostiaverunt!

1079 2255 1223 2285 Placare
1243 2254 1331 2285 enim
1347 2254 1443 2284 Deos
1458 2260 1493 2285 et
1508 2254 1709 2294 propitiare,
1724 2264 1776 2285 sa·

1078 2303 1303 2334 crificulorum
1319 2304 1420 2344 stylo,
1441 2308 1450 2321 ¹
1463 2304 1590 2335 ostiare
1614 2310 1649 2335 et
1672 2304 1776 2334 hosti·

1078 2352 1159 2383 are’
1181 2352 1373 2390 dicebatur,
1397 2353 1485 2393 quod
1513 2353 1631 2385 Servio
1656 2353 1775 2392 praeci·

1078 2411 1144 2441 pne
1160 2406 1313 2432 notatum
1329 2401 1370 2432 ad
1389 2402 1462 2433 AEn.
1477 2410 1518 2433 u.
1534 2403 1544 2419 ‘
1559 2402 1691 2440 Hostia,
1706 2403 1776 2433 vic·

1079 2453 1176 2490 tima;
1194 2453 1287 2482 dicta
1313 2452 1401 2492 quod
1430 2452 1487 2482 Dii
1509 2461 1571 2492 per
1587 2452 1676 2482 illam
1694 2452 1774 2482 osti-

1077 2506 1187 2537 entur,
1202 2501 1235 2532 id
1253 2507 1318 2541 est,
1332 2502 1417 2542 aequi
1432 2507 1464 2531 et
1479 2502 1615 2542 propitii
1632 2501 1770 2532 redden·

1078 2551 1157 2582 tur.’
1201 2550 1230 2581 A
1248 2550 1441 2591 significatu
1466 2553 1625 2590 genuino,
1649 2551 1690 2581 ad
1715 2561 1773 2582 no—

1079 2611 1169 2639 vum,
1193 2600 1251 2631 sed
1281 2600 1425 2631 vicinum
1455 2606 1579 2638 tamen,
1610 2606 1647 2631 ut
1677 2601 1773 2640 plura

1078 2650 1155 2689 alia,
1172 2648 1314 2680 deflexit
1339 2649 1493 2687 Plautus,
1517 2648 1667 2679 Rudent.
1686 2658 1709 2680 1.
1725 2660 1772 2680 sc.

1078 2700 1139 2730 ult.
1156 2698 1367 2730 sacerdotem
1381 2697 1522 2728 Veneris
1539 2697 1712 2734 inducens,
1729 2699 1771 2728 ad

1077 2758 1133 2780 eas
1158 2758 1234 2790 quae
1262 2748 1375 2779 vacuis
1396 2746 1549 2778 manibus
1565 2755 1632 2777 arae
1650 2756 1773 2787 appro-

1078 2799 1302 2840 pinquabant,
1329 2798 1518 2829 dicentem:
1542 2798 1622 2828 ‘vos
1645 2798 1773 2838 aequius

1077 2855 1151 2882 erat
1177 2848 1377 2881 candidatas
1401 2848 1519 2879 venire
1543 2847 1770 2890 bostiatasque
