1889 3194
618 658 759 715 AD
828 658 1462 718 LECTOREM.

316 994 391 1035 UT
428 996 545 1050 apud
576 1001 744 1039 veteres
775 1002 945 1041 statuas
977 1000 1088 1040 bene
1122 999 1388 1050 meritorum,
1422 1013 1534 1055 quas
1561 1000 1762 1041 Plinius²

314 1061 677 1106 humanissimam
699 1070 830 1108 vocat
850 1066 1146 1116 ambitionem,
1177 1067 1325 1121 capite
1345 1067 1493 1108 demto
1513 1068 1560 1108 in
1581 1067 1760 1108 alterius

314 1128 510 1180 formam,
531 1132 680 1183 surdo,
703 1138 751 1175 ut
771 1135 888 1175 idem
909 1134 985 1183 ait,
1012 1133 1244 1186 figurarum
1273 1134 1534 1184 discrimine,
1566 1134 1762 1175 solebant

312 1195 627 1250 μεταῤῥυθμίζειν,
662 1205 709 1241 et
744 1201 1075 1253 transfigurare;
1107 1200 1179 1241 vel
1214 1201 1342 1242 titulo
1374 1201 1554 1242 inducto
1583 1200 1761 1242 easdem

313 1264 506 1315 pessimo
536 1267 741 1321 exemplo
776 1266 1049 1322 μεταγράφειν,
1079 1280 1262 1321 eamque
1293 1268 1473 1309 laudem
1502 1268 1626 1309 alteri
1646 1273 1763 1309 tran-

313 1329 530 1383 scribere3
553 1333 618 1373 sic
639 1333 685 1373 in
705 1335 867 1375 statuis
886 1335 1171 1386 ingeniorum,
1193 1347 1294 1387 quae
1311 1334 1625 1388 rempublicam
1647 1334 1763 1375 fece-

314 1399 418 1436 runt
434 1396 684 1451 literariam,
704 1401 830 1442 libris
849 1401 966 1451 dico,
988 1401 1122 1442 alieni
1152 1402 1319 1443 laboris
1345 1402 1487 1451 sucos,
1520 1401 1762 1455 peregrinae

315 1461 466 1512 gloriae
487 1463 697 1519 choragos
729 1467 926 1521 reperiri,
956 1467 1034 1520 qui
1065 1468 1261 1522 pessimo
1282 1468 1478 1522 publico,
1498 1468 1677 1509 alterius
1696 1468 1763 1508 in-

317 1527 532 1571 dustriam
553 1544 646 1573 suae
669 1538 921 1587 supponant
950 1534 1155 1586 ignaviae,
1179 1534 1367 1575 alienum
1397 1535 1505 1588 quid
1531 1535 1576 1575 in
1597 1547 1763 1575 armum

317 1593 490 1647 tollant,
522 1598 645 1650 μάζαν
671 1615 718 1654 γε
747 1599 966 1654 μεμαχότες
993 1602 1056 1650 τὴν
1083 1602 1139 1641 ὑπ’
1161 1601 1281 1641 ἄλλου
1299 1599 1543 1656 μεμιγμένην,
1564 1600 1629 1641 καὶ
1647 1603 1766 1641 ἀλλο-

315 1658 440 1713 τρίοις,
462 1669 510 1704 ut
531 1664 729 1707 Isidorus
750 1667 815 1708 ait
838 1666 1084 1717 Pelusiota,
1112 1667 1405 1721 ἁνακλαζόμενοι
1426 1667 1558 1717 πόνοις,
1589 1667 1765 1721 jamdu-

317 1727 418 1768 dum
446 1737 528 1781 est‚
563 1745 663 1773 cum
698 1734 909 1774 bonarum
937 1734 1163 1776 literarum
1193 1735 1424 1789 conquesti
1453 1739 1554 1776 sunt
1575 1723 1765 1775 amasii.¹‘

317 1793 521 1839 Clemens
541 1798 870 1842 Alexandrinus
890 1800 1017 1842 selles
1039 1801 1255 1855 ejusmodi
1275 1802 1510 1852 literarias‚
1530 1801 1764 1843 Vitruvius

317 1860 466 1904 Pollio
488 1870 534 1906 et
564 1866 852 1909 Herodotusc
888 1872 1144 1910 enumerant
1174 1870 1356 1912 multas:
1390 1869 1445 1910 de
1480 1869 1642 1923 quibus
1662 1882 1765 1910 vere

318 1927 543 1982 Synesius,
574 1936 736 1988 ἡγοῦμαι
771 1934 801 1974 δ’
834 1934 1078 1990 ἀσεβέστερον
1106 1935 1352 1977 ἀποθανόντων
1384 1935 1519 1991 λόγους
1540 1934 1767 1986 κλέπτειν,ἢ

321 1994 507 2048 θοιμάτια,
527 1997 546 2039 ὃ
566 2002 739 2041 καλεῖται
760 2003 1045 2057 τυμβωρυχεῖντ
1068 2008 1114 2044 et
1142 2003 1339 2045 Plinius:
1362 2003 1546 2044 obnoxii
1566 2003 1764 2057 profecto

319 2066 385 2102 est
415 2066 549 2107 animi
584 2068 858 2124 infelicisque
892 2071 1070 2124 ingenii,
1107 2070 1375 2124 deprehendi
1404 2071 1448 2111 in
1473 2070 1589 2111 furto
1611 2071 1762 2122 malle,

320 2142 452 2181 quam
482 2137 677 2176 mutuum
711 2136 909 2188 reddere,
941 2150 1040 2178 cum
1068 2137 1310 2190 praesertim
1330 2150 1426 2178 sors
1446 2136 1520 2177 fiat
1539 2149 1597 2177 ex
1616 2149 1763 2178 usura.

319 2195 440 2239 Hinc
461 2200 584 2242 multi
605 2202 703 2255 jure
723 2204 998 2257 postliminii,
1021 2210 1068 2246 et
1087 2204 1319 2246 interdicto
1340 2203 1456 2245 unde
1485 2204 1547 2253 vi,
1567 2203 1613 2243 in
1631 2203 1764 2244 libro-

317 2275 411 2304 rum
439 2265 548 2307 istas
575 2269 730 2311 lamias
762 2277 806 2312 et
840 2272 1111 2326 ingeniorum
1148 2271 1351 2326 αἰγοθῆλας
1380 2275 1500 2312 recte
1535 2275 1668 2323 atque
1697 2282 1765 2311 ΟΥ·

318 2329 416 2372 dine
437 2333 505 2373 usi
536 2334 729 2378 fuerunt:
768 2350 911 2391 neque
944 2339 1024 2380 abs
1060 2351 1106 2379 re
1135 2338 1265 2386 foret,
1298 2338 1336 2378 si
1359 2341 1408 2377 ut
1427 2336 1532 2377 olim
1552 2335 1765 2377 adversus

318 2399 565 2450 capsarios,
587 2401 650 2442 ita
670 2415 697 2443 a
718 2409 877 2445 senatu
909 2404 1073 2447 Critico
1104 2406 1149 2445 in
1184 2404 1300 2453 illos,
1331 2403 1406 2457 qui
1428 2402 1575 2444 aliena
1595 2403 1764 2455 compi-

318 2464 424 2514 lant,
465 2466 709 2510 Praefectus
743 2470 940 2523 Vigilum
975 2473 1180 2514 daretur:
1216 2483 1366 2512 manes
1392 2472 1464 2509 τῶν
1484 2466 1696 2522 φιλοκάλων
1716 2469 1764 2510 id

318 2531 443 2571 unice
463 2533 708 2584 probarent,
744 2549 844 2578 cum
879 2539 1063 2592 quilibet
1096 2540 1233 2580 instar
1258 2535 1457 2577 Thaletis
1488 2538 1533 2576 et
1552 2533 1764 2576 Mamurii

361 2660 374 2675 ²¹
398 2665 528 2690 xxxiv.
554 2663 584 2692 4.
629 2661 716 2692 Vide
732 2672 772 2693 ea
787 2662 828 2694 de
846 2673 881 2694 re
899 2664 1015 2695 Sueto-
1112 2670 1125 2685 ἒ
1148 2664 1189 2696 In
1206 2664 1275 2696 vita
1300 2662 1451 2694 Homeri.
1495 2660 1583 2692 Vide
1599 2660 1700 2692 etiam
1720 2659 1763 2692 P.

317 2706 407 2736 nium
425 2716 482 2739 ιιι.
499 2714 533 2740 et
548 2710 666 2742 Dionis
693 2712 823 2743 Prnsaei
849 2714 1013 2754 insignem
1069 2713 1213 2745 Fabrum
1230 2712 1386 2753 Agonist.
1411 2720 1452 2742 ιι.
1475 2713 1528 2742 35.
1554 2709 1665 2751 Epist.
1690 2711 1764 2741 142.

317 2757 537 2793 Rhodiacam.
1067 2763 1257 2796 Fenestella
1272 2765 1325 2794 24.
1350 2761 1458 2792 Arist.
1476 2760 1553 2793 Em.
1570 2768 1619 2792 lv.
1637 2762 1666 2791 l.

361 2811 374 2833 ὓ
395 2812 519 2844 strom.
538 2821 584 2843 νῐ.
609 2815 682 2844 452.
710 2813 749 2844 In
767 2814 927 2854 prooemio
942 2823 1008 2845 vu.
