1889 3194
537 373 599 402 DE
637 370 790 401 BELLO
824 369 1049 400 TROJANO
1086 370 1178 400 Llss.
1213 370 1244 399 1.

1530 358 1611 399 391

168 464 493 520 Mortalemque
512 470 670 516 torum,
690 478 779 518 quo
800 464 999 518 principe
1021 463 1160 515 gloria
1181 463 1322 516 spirat

168 532 508 587 Myrmidonum,
531 545 660 586 quem
682 536 777 572 tota
797 530 888 571 suis
909 531 1105 571 obnoxia
1123 530 1229 571 fatis

166 600 339 641 Dorica
358 603 502 640 castra
521 603 702 640 canunt:
735 598 904 639 Danais
923 598 992 639 hic
1013 597 1147 638 debet
1168 596 1412 648 Achillem;

165 665 350 719 Ajacem
369 666 599 716 Telamon,
621 666 791 719 aequale
812 665 860 706 in
877 664 1034 718 praelia
1052 663 1232 706 fulmen.

1528 661 1613 702 340

167 732 344 773 Dividit
365 745 465 785 ergo
481 733 599 773 acies
621 733 739 785 aequi
758 730 1000 772 libraminis
1021 730 1157 772 instar

164 797 365 848 Alcides,
383 812 486 852 pars
507 800 551 840 in
572 798 791 853 Phrygios
811 801 978 840 armata
998 797 1203 847 Penates,

163 864 193 904 J
197 878 267 905 am
289 865 435 906 dictos
455 866 615 907 sortita
636 866 785 915 duces,
805 877 910 918 pars
931 878 1034 906 cura
1052 864 1218 906 relictae

164 930 340 972 Classis
361 931 558 985 disponit
579 945 680 973 cum
701 931 911 982 Nestore,
931 943 1122 985 parsque
1143 933 1299 972 secuta

162 997 604 1052 Amphitryoniaden,
626 999 762 1040 sociis
782 998 970 1052 partitur
991 998 1186 1051 utrisque

833 1064 909 1106 Sic
931 1064 1106 1117 agmine
1127 1063 1242 1104 trino

162 1064 394 1106 Excubias
411 1065 511 1106 hinc
534 1065 632 1106 inde
652 1078 773 1106 suas-

1528 994 1613 1034 345

162 1130 422 1172 Consulitur
441 1131 586 1184 bello;
619 1131 899 1185 patriumque
920 1135 1170 1171 armaverat
1190 1129 1344 1172 orbem

161 1198 383 1252 Principis
405 1198 599 1239 edictum
621 1198 801 1251 Phrygii
819 1211 829 1238 ι
860 1196 945 1238 ruit
966 1197 1106 1238 omnis
1128 1197 1174 1237 in
1196 1209 1316 1238 arma

161 1264 425 1305 Barbaries:
454 1264 729 1317 flammisque
749 1268 863 1305 rates
883 1275 1140 1304 consumere
1158 1263 1278 1312 fisus,

159 1330 217 1371 Et
240 1330 415 1371 Danaos
437 1343 668 1384 sparsurus
689 1331 832 1384 aquis,
849 1330 907 1371 ad
927 1330 1080 1371 littora
1102 1329 1296 1371 Martem

160 1397 267 1438 Dux
288 1397 471 1450 migrare
486 1396 619 1450 jubet
637 1411 645 1435 :
677 1402 879 1451 paretur:

1527 1328 1611 1369 350

911 1402 957 1438 et
976 1410 1115 1451 ocyus
1137 1410 1291 1438 omnes

159 1462 395 1504 Fluctibus
416 1464 614 1505 insiliunt
632 1478 641 1505 x
665 1464 812 1505 solitae
833 1464 896 1504 nil
919 1464 1009 1504 tale
1031 1463 1182 1504 timere

158 1529 377 1571 Nereides
399 1531 498 1571 visa
519 1543 637 1571 arma
655 1533 845 1583 stupent,
864 1531 1126 1584 horrentque
1146 1529 1390 1571 tumultum.

158 1596 225 1636 Hi
245 1596 342 1637 telis
362 1596 541 1646 instant,
563 1596 641 1636 alii
659 1597 758 1637 face
776 1610 786 1638 ε
818 1602 1004 1651 pectora
1024 1598 1175 1647 telum,

158 1662 257 1703 Fax
277 1676 449 1717 puppes
469 1663 631 1717 injecta
652 1664 778 1716 petit,
804 1664 1030 1705 cunabula
1052 1663 1238 1705 Mavors
1522 1662 1608 1703 305

158 1728 365 1783 Cypridis
381 1730 562 1772 infestat
583 1731 731 1780 armis,
752 1733 794 1771 et
810 1729 1015 1772 Lemnius
1035 1730 1152 1783 igne.

156 1795 286 1837 Tunc
305 1796 490 1850 primum
511 1797 639 1838 bellis
660 1798 811 1839 rubuit
830 1811 975 1839 mare:
1005 1797 1230 1851 sanguinis
1251 1796 1351 1838 illas

759 1924 1002 1938 oemoo

198 2012 261 2041 339
285 2009 443 2050 Pergama
461 2010 528 2041 Ms.
545 2019 653 2051 marg.
677 2013 787 2042 tonant
803 2010 872 2042 Ms.
888 2019 997 2050 marg.

811 2126 952 2160 NOTAE

153 2199 304 2242 geniem'
319 2199 484 2239 nominat,
501 2209 526 2231 1.
542 2199 761 2232 Achilleidos.

197 2251 259 2281 343
283 2249 368 2280 Pars
388 2258 462 2280 cura
477 2250 595 2281 relictae
615 2249 748 2290 Classis]
774 2251 853 2282 Non

155 2300 242 2331 male
256 2298 334 2337 jura
363 2299 469 2338 legas,
498 2304 538 2330 ut
563 2300 718 2340 Manilio,
742 2300 852 2340 ‘jura

155 2346 369 2389 capessunt?
386 2347 445 2379 sed
462 2353 496 2378 et
513 2348 522 2364 ‘
534 2357 616 2378 cura
628 2347 638 2361 '
655 2349 776 2379 bonum
788 2352 853 2389 est,

155 2400 205 2430 sic
235 2406 287 2429 ιν.
323 2396 332 2413 ‘
355 2397 409 2428 cni
435 2406 518 2428 cura
544 2397 691 2437 juvare?
749 2397 852 2429 Ovid.

155 2448 265 2489 Epist.
281 2447 402 2494 Pepel.
423 2446 432 2464 ‘
447 2446 627 2477 immundae
643 2455 726 2478 cura
741 2446 852 2479 fidelis

152 2498 270 2531 Μαι-ω]
295 2496 513 2538 ἐνέργητικῶς;
547 2501 587 2528 ut
613 2497 712 2538 Vin-g.
745 2497 754 2513 ‘
771 2507 852 2529 cura

154 2551 269 2582 Deum
291 2548 444 2589 effigies:
487 2548 624 2580 Sallust.
648 2547 658 2564 ‘
672 2548 802 2579 Marius
817 2549 851 2580 in

153 2607 309 2633 extremo
339 2599 474 2641 agmine
506 2598 671 2630 curabat)
725 2599 851 2639 Papin.

152 2652 162 2668 ‘
183 2652 337 2683 Noscere
362 2659 443 2680 cura
467 2648 593 2680 duces!
644 2648 698 2680 Sic
725 2649 852 2680 Noster

152 2700 250 2733 alibi:
275 2700 285 2717 ‘
297 2709 380 2731 cura
396 2699 552 2731 tridentis
565 2698 586 2731 :'
610 2699 621 2716 ‘
636 2700 690 2731 cui
705 2700 852 2740 curajn-

151 2761 232 2783 vare
248 2750 271 2782 :'
298 2751 307 2768 ‘
322 2750 425 2782 tertia
445 2759 527 2781 cura
544 2749 664 2780 vocat?
720 2748 850 2781 Auson.

150 2803 242 2844 Idyl.
254 2805 287 2834 9.
309 2801 319 2818 ‘
337 2801 391 2833 cui
416 2810 497 2832 cura
513 2799 671 2832 secundae
688 2800 797 2831 Sortis
814 2805 851 2831 et

152 2851 303 2894 aequorei
319 2851 423 2882 cessit
439 2850 549 2882 tutela
566 2849 748 2882 tridentis!
794 2850 851 2881 Ita

154 2903 257 2935 Ovid.
272 2902 415 2934 Metam.
433 2910 507 2933 Χιν.
541 2903 549 2918 ‘
569 2905 604 2932 et
621 2900 716 2932 abest
739 2905 850 2932 custo-

907 2200 966 2232 dia
993 2199 1105 2241 regis!
1154 2198 1256 2239 Saepe
1282 2196 1386 2228 etiam
1413 2198 1603 2234 παθητικῶςε

907 2252 916 2268 ‘
936 2257 995 2283 tua
1019 2251 1163 2282 maxima
1179 2259 1262 2281 cura
1276 2247 1399 2279 Tristis
1416 2248 1606 2285 Aristaeus,’

906 2302 1005 2342 Virg.
1036 2301 1196 2340 Propert.
1232 2299 1241 2315 ‘
1270 2297 1458 2330 Lanuvium
1489 2298 1605 2329 annosi

905 2355 1002 2382 vetus
1018 2354 1070 2381 est
1086 2349 1194 2380 tutela
1208 2345 1399 2378 Draconis)
1423 2347 1475 2377 De
1491 2347 1500 2363 ‘
1515 2346 1605 2377 Cura

904 2399 999 2431 Dea’
1011 2399 1086 2430 vide
1103 2397 1234 2439 Hygin.
1252 2396 1320 2428 fab.
1335 2398 1411 2427 220.
1435 2396 1535 2428 Quod
1553 2406 1604 2427 se-

903 2449 1033 2490 quitur,
1057 2448 1066 2464 ‘
1083 2447 1236 2488 disponit
1252 2455 1330 2477 cum
1348 2444 1521 2480 Nestore,’
1537 2445 1603 2486 sig-

904 2502 987 2529 nate
1015 2497 1156 2536 dictum,
1184 2499 1224 2527 nt
1249 2497 1259 2513 ‘
1280 2495 1370 2526 diem
1397 2494 1604 2535 disponere!

905 2548 996 2579 Vide
1012 2547 1155 2579 Herald.
1172 2545 1213 2577 ad
1228 2546 1334 2577 Mart.
1350 2545 1409 2577 lib.
1424 2554 1458 2575 v.
1473 2548 1527 2576 21.

948 2602 1010 2630 355
1025 2597 1186 2630 Cunabula
1199 2596 1331 2627 Mavors
1343 2594 1503 2636 Cypridis]
1514 2595 1603 2628 Quia

904 2659 947 2681 ex
962 2649 1046 2680 mari
1062 2646 1217 2679 oriunda.
1260 2645 1349 2677 Vide
1364 2654 1405 2676 ιι.
1419 2648 1495 2678 429.

948 2701 1010 2730 357
1049 2696 1223 2737 Sanguinis
1251 2695 1324 2726 illas
1352 2695 1471 2727 Murex
1497 2695 1601 2726 hausit

903 2749 989 2789 opes]
1015 2745 1290 2779 Comminiscitur
1307 2753 1467 2785 purpurae
1492 2744 1602 2785 prima

904 2798 1050 2830 natalia:
1077 2797 1144 2828 alia
1159 2795 1235 2827 vide
1253 2794 1344 2837 apud
1361 2795 1522 2826 Nonnum
1540 2803 1599 2825 XL.

905 2852 979 2881 310.
1012 2849 1188 2880 Pollucem
1205 2856 1229 2879 1.
1243 2850 1274 2878 4.
1290 2845 1346 2888 qui
1363 2845 1523 2877 Herculis
1544 2856 1599 2877 ca-

905 2908 982 2931 nem
998 2907 1111 2929 morsu
1127 2905 1286 2938 purpurae
1302 2895 1496 2937 rubentem,
1509 2896 1598 2927 colo·
