1889 3194
433 317 580 349 ³081AE
615 318 836 347 MERcEm
872 319 1011 349 NOTAE
1046 319 1097 348 ΙΝ
1136 319 1229 349 [ΑΒ.
1264 319 1308 347 V.

150 409 327 441 Pleionam
347 409 477 442 Oceani
493 410 593 443 filiam
618 410 759 449 faciunt,
783 422 843 442 ux-

150 468 242 490 orem
255 459 407 490 Dardani
426 460 568 491 Batcam
583 460 705 491 Teucri
727 460 842 499 filiam,

151 517 217 539 non
234 508 408 540 Olizonam
434 509 568 541 Phinei.
609 511 619 527 ‘
635 510 817 541 Hesionam
835 510 843 522 '

149 557 213 588 hoc
226 558 300 589 loco
311 558 388 589 libri
400 559 517 599 scripti
529 559 664 598 liabent,
677 569 742 590 nou
755 560 844 591 Plei-

152 617 261 643 onam,
275 613 313 639 ut
327 608 399 640 dixi
414 619 528 650 supra.

197 658 334 689 Olizonoe
359 659 492 698 Phinei]
525 659 629 695 Libri,
658 659 845 691 ‘obzonez'

151 706 239 737 dixit
255 717 356 747 supra
371 717 426 739 111.
443 708 552 739 Deest
569 718 649 740 vero
665 709 843 749 particula.

151 760 160 773 ⁸
173 755 270 796 quae,’
285 766 359 797 quae
374 758 605 789 Ericthonium
623 759 653 789 ei
669 758 813 790 dederit.

198 806 403 847 Cleomestra]
427 808 482 839 Ita
498 808 574 839 libri
591 809 708 840 nostri.
740 808 844 849 Apol-

151 854 270 886 lodoro
292 860 347 887 est
375 857 573 898 Cleopatra,
602 858 696 899 cujus
725 860 844 889 seriem

152 913 218 935 non
235 907 434 947 exsequitur
446 913 570 939 tamen.

196 954 414 996 Hicetaonem]
438 957 539 987 Hom.
555 957 598 989 Il.
615 962 647 989 Γ.
670 957 710 988 Οἱ
723 958 748 988 δ’
769 957 845 996 ἀμφὶ

152 1002 288 1044 Πρίαμον
298 1004 348 1035 καὶ
360 1004 510 1045 Πάνθοον,
520 1005 574 1044 ἠδὲ
588 1006 754 1046 Θυμοίτην,
763 1006 844 1045 Adpe-

152 1065 212 1084 πον
224 1066 273 1093 τε,
290 1053 427 1087 Κλύτιόν
441 1056 477 1091 θ’,
492 1055 651 1087 Ἱκετάονά
665 1056 694 1087 τ’
706 1056 780 1096 ὄζον
789 1057 844 1088 '‘A—

152 1115 236 1144 ρηος,
252 1104 440 1145 Οὐκαλέγων
454 1118 491 1137 τε
506 1106 555 1137 καὶ
577 1106 740 1147 Ἀντήνωρ.
784 1108 845 1138 La-

152 1159 206 1185 tet
223 1154 288 1186 hoc
310 1165 432 1187 nomen
452 1157 485 1187 in
506 1157 626 1188 mendo
643 1157 734 1198 apud
750 1157 844 1197 Apu-

153 1203 256 1235 leium
273 1205 315 1236 de
335 1205 410 1237 Deo
434 1206 606 1238 Socratis:
630 1209 640 1225 ‘
654 1217 719 1238 non
746 1217 843 1239 secus

153 1253 257 1284 etiam
282 1253 316 1284 iu
343 1255 491 1295 Trojano
508 1256 663 1287 exercitu
676 1266 776 1297 quum
796 1257 845 1287 di-

153 1302 324 1334 vinatione
341 1313 396 1335 res
420 1304 585 1346 indigent,
609 1311 705 1337 tacet
721 1307 777 1337 ille
793 1316 845 1337 sa-

153 1352 251 1392 piens
266 1358 416 1394 senatus,
430 1363 494 1386 nec
507 1354 611 1386 audet
627 1355 753 1397 aliquid
769 1365 844 1397 pro·

153 1402 311 1433 nuntiare
330 1403 382 1434 vel
398 1403 542 1443 Hector,
557 1405 611 1436 vel
636 1406 776 1445 Lampo,
792 1406 845 1436 vel

155 1452 298 1493 Clytius,
318 1454 378 1485 sed
408 1464 523 1486 omnes
549 1455 685 1487 silentio
716 1457 846 1487 auscul-

155 1507 231 1534 tant
246 1504 298 1535 vel
315 1504 447 1545 ingrata
465 1505 605 1546 auguria
631 1506 770 1545 Heleni,
794 1507 845 1537 vel

154 1553 323 1585 incredita
337 1555 498 1586 vaticinia
509 1555 731 1587 Cassandrae!
754 1556 846 1588 Quid

154 1601 298 1635 Hectori
324 1613 398 1635 cum
421 1604 572 1635 Senatu?
596 1605 651 1645 qui
667 1609 763 1636 certe
779 1615 847 1635 ma-

154 1662 212 1689 nu,
228 1654 288 1685 sed
310 1663 375 1686 uon
393 1655 482 1686 iuter
500 1654 573 1687 τοὺς
588 1656 699 1696 Trojae
715 1654 847 1694 δημογέ-

155 1715 274 1743 pom-as.
317 1705 411 1736 Libri
426 1705 547 1746 optimi
570 1715 653 1746 quos
675 1706 752 1736 olim
768 1715 847 1736 con-

156 1754 218 1785 tuli
253 1754 379 1786 habent
409 1764 476 1786 uno
514 1764 682 1786 consensu
719 1764 847 1794 omnes,

157 1803 167 1820 4
181 1804 235 1834 vel
257 1803 311 1835 bic
334 1804 450 1844 etiam,
466 1805 518 1835 vel
535 1805 674 1844 Lampo,
691 1804 745 1836 vel
769 1805 848 1844 Cly-

156 1853 222 1884 tias
238 1852 260 1884 :'
284 1863 347 1885 nec
374 1854 492 1885 dubito
522 1854 602 1895 quin
626 1854 647 1885 ii
672 1864 754 1895 quos
784 1853 848 1885 viri

157 1902 250 1934 docti
285 1903 454 1944 viderunt,
479 1908 514 1935 et
551 1913 594 1934 ex
632 1903 672 1934 iis
701 1902 848 1934 infinitas

157 1952 296 1984 mendas
318 1958 552 1993 correxerunt,
567 1953 709 1985 eandem
733 1954 848 1985 lectio-

158 2011 235 2034 nem
251 2003 439 2043 habuerint,
452 2003 510 2034 sed
528 2003 570 2034 ab
592 2003 630 2034 iis
653 2008 714 2034 aut
740 2002 848 2033 minus

160 2052 438 2093 animadversam,
452 2057 510 2083 aut
535 2053 671 2093 insuper
687 2052 848 2083 habitam.

160 2100 208 2132 At
224 2110 265 2132 ea
283 2101 413 2133 indicat
437 2101 630 2142 legendum,
651 2104 661 2119 ‘
677 2101 728 2132 vel
746 2101 850 2132 Hice-

160 2150 263 2182 taen!
307 2151 433 2192 Lampo
459 2151 507 2182 illi
532 2156 585 2182 est
608 2150 665 2191 qui
702 2150 850 2182 Homero

160 2202 330 2241 Lampus:
370 2206 405 2233 et
437 2206 531 2233 certe
559 2200 767 2242 Apollodoro
798 2205 852 2232 est

161 2249 304 2289 Λάμπων.

205 2301 420 2342 Bucozionem]
452 2301 496 2332 Et
521 2300 610 2331 hunc
635 2301 789 2340 agnoscit
806 2300 854 2332 A-

161 2351 369 2391 pollodorus.
413 2351 601 2382 Homerus:
626 2349 800 2381 Βουκολίων
829 2351 853 2381 δ’

163 2400 202 2438 ἦν
224 2399 286 2432 υἱὸς
318 2400 434 2439 ἀγαυοῦ
462 2400 682 2440 Λαομέδοντος,
714 2401 851 2440 Πρεσβύκ

163 2462 258 2482 τατος
278 2452 386 2491 γενεῇ,
410 2449 536 2482 σκότιον
557 2449 591 2481 δέ
613 2450 628 2481 ἑ
650 2448 775 2488 γείνατο
796 2450 851 2488 μή-

164 2513 234 2542 τηρ.

207 2553 252 2583 Et
267 2551 408 2591 AEsyete]
432 2551 542 2581 Locus
554 2549 728 2589 singularis
741 2549 783 2580 de
796 2558 853 2588 ge-

165 2610 249 2632 nere
266 2600 472 2639 Antenoris3
496 2608 594 2640 quem
619 2603 712 2629 certe
738 2598 854 2629 dolen-

164 2651 244 2683 dum
279 2649 346 2681 fuit
377 2649 667 2689 corruptissimum
699 2648 852 2688 vulgari:

163 2703 174 2721 4
188 2703 385 2742 Rursusque
402 2710 445 2732 ex
469 2700 678 2731 Cleomestra
693 2703 728 2729 et
751 2697 854 2729 Soete

166 2762 203 2784 se
219 2749 395 2792 genitum!
440 2749 579 2790 Scripsi,
602 2750 611 2766 ‘
627 2753 663 2780 et
679 2748 817 2788 AEsyete
836 2747 857 2779 :'

168 2811 267 2843 quem
281 2809 362 2831 sane
374 2804 506 2830 veteres
519 2798 703 2830 Antenoris
724 2803 856 2839 patrem

163 2855 368 2883 memorant.
393 2849 591 2881 Eustathius
607 2848 648 2880 ad
665 2847 745 2880 illud
756 2847 858 2880 Iliad.

1502 307 1583 348 591

894 417 927 443 B.
951 411 1063 451 Τύμβῳ
1078 412 1125 443 ἐπ’
1137 410 1297 452 ἀκροτάτῳ
1311 409 1465 446 Αἰσυήταο
1481 409 1587 450 ’γέρον-

893 471 956 492 τος·
980 463 1018 493 Ὅ
1032 462 1057 492 δ’
1072 461 1227 498 Αἷσυήτης
1243 459 1419 500 δημογέρων
1446 459 1587 499 ἀρχαῖος.

893 512 1067 551 παρώνυμος
1087 512 1159 541 ἴσως
1178 511 1223 548 τῷ
1245 510 1277 540 ἐν
1298 511 1363 540 τοῖς
1387 509 1454 548 ἑξῆς
1468 521 1528 539 που
1542 508 1587 539 αι’-

893 563 1022 601 συητῆρι
1039 561 1151 602 νεανίᾳ,
1172 558 1353 599 Ἀντήνορός
1375 564 1453 597 φασι
1483 558 1586 597 πατὴρ

895 611 944 642 καὶ
960 610 1206 649 Οὐκαλέγοντος.

1160 694 1251 726 Llss.
1266 694 1308 724 V.

938 762 989 801 §2
1028 761 1076 791 En
1091 760 1238 800 unquam]
1272 759 1327 789 Ita
1349 757 1480 797 scripsi,
1511 767 1586 788 cum

895 810 928 840 in
953 811 1097 850 vulgatis
1114 813 1216 845 esset,
1236 809 1246 825 4
1259 807 1390 848 quando
1403 807 1424 845 ;'
1448 807 1481 838 iu
1501 807 1588 837 Mss.

894 861 904 879 ‘
919 859 1112 900 nunquam.’
1139 858 1337 890 Terentius:
1352 858 1361 874 ‘
1376 858 1426 888 En
1441 867 1587 897 uuquam

895 909 1089 949 injuriarum
1133 908 1257 939 audisti
1299 907 1377 937 mihi
1426 907 1588 946 scriptam

896 959 1006 989 dicam
1021 957 1043 988 ?’
1068 959 1112 989 Et
1138 958 1194 988 alii
1211 966 1317 997 saepe,
1337 962 1374 988 ut
1396 957 1587 987 notavimus

897 1007 937 1038 ad
956 1008 1115 1039 Nonium.

939 1059 986 1098 §5
1015 1058 1161 1088 Com-ithus
1169 1059 1261 1096 utque
1271 1055 1388 1095 Idoeus]
1413 1055 1468 1086 Ita
1481 1055 1588 1095 scrip-

897 1107 924 1137 si
940 1116 958 1137 e
976 1107 1079 1138 libris.
1102 1107 1244 1138 Tzetzes
1262 1107 1294 1136 in
1312 1106 1586 1146 Lycophronem:

895 1156 949 1187 Ἐκ
962 1157 987 1186 δ’
1000 1155 1201 1196 Ἀλεξάνδρου
1215 1155 1245 1186 οἷ
1258 1153 1399 1185 πλείονές
1422 1160 1500 1193 φασι
1514 1153 1588 1184 τέσ-

896 1218 990 1247 σαρας
1003 1204 1173 1241 τετοκέναι,
1195 1204 1351 1245 Βούνικον,
1378 1203 1522 1245 Κόρυθον,
1538 1203 1589 1234 Ἀ-

895 1255 1004 1296 γαυὸν,
1020 1255 1071 1287 καὶ
1086 1256 1207 1286 Ἰδαῖον.

939 1307 1092 1337 Exertius
1116 1304 1334 1344 disserturum]
1368 1304 1515 1336 Omnino
1541 1304 1590 1334 ita

897 1356 1134 1388 scribendum:
1160 1366 1235 1387 nam
1266 1355 1354 1396 quod
1382 1356 1482 1394 vulgo
1511 1353 1590 1384 ede-

897 1406 1011 1444 batur,
1030 1406 1234 1436 ⁸exercitum
1247 1402 1483 1438 deserturum?
1497 1413 1590 1443 pror-

896 1465 952 1485 sus
968 1455 1147 1486 absurdum
1161 1459 1213 1485 est
1228 1464 1238 1492 3
1261 1462 1323 1484 uec
1341 1453 1460 1484 melius
1476 1452 1509 1483 in
1522 1453 1590 1482 Da·

896 1505 994 1536 nielis
1022 1505 1119 1544 libro,
1149 1503 1323 1534 ‘exterius
1349 1502 1552 1534 disertorum
1570 1502 1592 1532 ι’

898 1560 934 1584 at
950 1554 983 1584 in
1002 1554 1202 1588 Petaviano‚
1227 1552 1401 1583 ‘exercitis
1427 1552 1591 1582 dissertu-

898 1603 996 1635 rum.'
1040 1603 1085 1634 At
1102 1604 1213 1643 paullo
1231 1607 1304 1641 post
1322 1601 1449 1631 diserte
1466 1601 1591 1632 Danie-

898 1653 938 1684 lis
966 1653 1052 1684 liber
1071 1652 1185 1690 habet,
1210 1656 1305 1692 ‘quae
1328 1650 1506 1681 adversum
1531 1659 1590 1681 eos

898 1712 959 1743 pro
974 1703 1083 1742 patria
1098 1701 1248 1732 exertius
1263 1699 1501 1730 disseruisset!
1523 1701 1592 1730 Ex-

898 1759 983 1792 erte,
1000 1762 1061 1792 pro
1077 1751 1253 1785 audacter,
1272 1748 1497 1784 confidenter,
1514 1759 1591 1780 cum

899 1803 1121 1833 altercatione
1143 1811 1153 1839 ς
1189 1800 1363 1840 elegantia
1398 1799 1495 1839 hujus
1530 1809 1589 1829 sae-

899 1851 981 1883 culi.

942 1902 960 1941 ς
983 1904 1003 1932 8
1028 1899 1165 1940 Theano]
1187 1898 1242 1929 Ita
1271 1897 1486 1928 scribendum
1516 1907 1591 1928 cum

899 1951 1008 1989 libris,
1021 1959 1086 1980 nou
1101 1946 1288 1980 ‘Tlieanae.’
1328 1947 1468 1978 Theano
1481 1957 1593 1977 sacer-

901 2001 962 2032 dos
994 2001 1157 2031 Minervae
1188 1997 1332 2029 Iliensis.
1364 1997 1465 2028 Hom.
1492 1997 1534 2028 Il.
1559 2001 1592 2029 z.

900 2050 962 2088 Τὴν
972 2049 1033 2090 ’γὰρ
1051 2051 1149 2089 Τρῶες
1162 2046 1272 2084 ἔθηκαν
1292 2046 1453 2083 Ἀθηναίης
1474 2046 1594 2087 ἱέρειαν.

900 2100 968 2132 Sed
984 2109 1057 2130 eam
1082 2099 1250 2130 Homerus
1271 2097 1396 2137 ubique
1411 2096 1593 2127 Antenoris

902 2159 1040 2181 uxorem
1056 2149 1153 2180 facit.
1197 2152 1205 2166 ‘
1220 2146 1386 2178 Precibus
1410 2146 1441 2176 vi
1457 2145 1595 2181 mixtis,’

903 2206 997 2232 recte
1013 2201 1046 2231 iu
1064 2200 1150 2231 libro
1169 2198 1331 2229 Danielis.

946 2252 1016 2290 §10
1039 2250 1173 2288 Legatos
1187 2247 1285 2287 viros]
1309 2247 1363 2277 lta
1392 2246 1480 2284 libri,
1506 2247 1594 2287 opti-

903 2310 976 2338 me;
999 2304 1034 2330 ut
1052 2299 1171 2330 mulier
1187 2297 1359 2335 meretrix,
1375 2296 1494 2327 mulier
1509 2306 1595 2337 prae-

904 2349 983 2388 fica,
997 2353 1033 2379 et
1050 2358 1162 2388 supra,
1179 2352 1316 2378 senecta
1333 2350 1427 2375 aetaS.

948 2401 965 2439 ς
993 2402 1031 2430 12
1055 2398 1193 2428 lucensis
1216 2396 1351 2427 omnium
1375 2395 1596 2435 tabernaculis]

904 2448 962 2480 Ita
990 2455 1084 2479 recte
1108 2447 1208 2478 libri:
1238 2452 1336 2476 notus
1359 2444 1488 2475 militiae
1511 2455 1595 2485 mos,

904 2498 1102 2529 incenderev
1123 2495 1342 2526 tabernacula
1390 2493 1596 2524 discessuros

905 2548 1043 2579 milites.
1086 2546 1255 2578 Homerus
1274 2545 1307 2574 in
1328 2543 1448 2574 eadem
1464 2552 1510 2579 re,
1528 2544 1596 2574 Od.

904 2602 942 2630 Θ.
984 2596 1098 2628 Βάντες
1120 2595 1289 2627 ἀπέπλειον
1314 2594 1373 2634 πῦρ
1398 2593 1430 2623 ἐν
1459 2593 1598 2635 κλισίῃσι

903 2646 1068 2684 βαλόντες.

949 2698 1053 2728 Multo
1075 2696 1145 2726 cino
1161 2698 1250 2734 atque
1269 2691 1386 2732 somno]
1413 2692 1595 2733 Virgilius:

905 2749 915 2766 4
930 2747 1101 2779 Invadunt
1117 2746 1235 2777 urbem
1251 2753 1366 2776 somno
1382 2744 1525 2784 vinoque
1545 2753 1596 2775 se·

908 2795 1062 2838 punitam-²

951 2846 1004 2879 Aa
1014 2856 1101 2878 aram
1115 2845 1205 2878 Jovis
1219 2848 1290 2877 ante
1302 2843 1478 2885 oedtjficiale]
1488 2841 1544 2874 Sic
1557 2842 1596 2874 li-
