1889 3194
243 591 660 668 NOTAE
736 583 1572 665 VARIORUM

885 780 935 810 IN

444 922 823 981 DICTYOS
891 922 1384 980 CRETENSIS

364 1091 463 1140 DE
516 1091 748 1140 BELLO
799 1091 1139 1141 TROJANO
1196 1089 1471 1139 LIBROS.

473 1402 505 1450 J
510 1399 683 1449 OSIAE

193 1503 411 1550 Consanum
427 1517 525 1557 liujus
542 1518 689 1548 auctoris
705 1516 769 1548 fnit
786 1517 886 1548 histo-

192 1568 274 1597 riam
299 1567 376 1597 betti
392 1567 530 1607 Trojani
547 1567 589 1598 ab
612 1568 684 1607 ipso
710 1567 806 1598 initio
833 1578 885 1597 us-

191 1626 258 1657 que
282 1616 323 1647 ad
351 1617 547 1648 Graecorum
576 1617 700 1647 ducum
738 1616 886 1647 reditum

192 1667 355 1706 scribere,
371 1667 500 1698 omissis
515 1671 550 1697 et
567 1667 726 1697 resecatis
750 1666 789 1696 iis
809 1676 885 1707 quae

193 1716 235 1748 de
251 1716 390 1748 deorum
407 1717 524 1757 pugnis
539 1716 688 1747 fabulose
703 1717 886 1756 vulgaban-

194 1771 261 1802 tur,
288 1772 323 1798 et
346 1777 422 1808 quae
453 1767 518 1798 alia
538 1766 750 1807 τερατεύματα
775 1767 886 1808 poetae

194 1816 407 1855 addiderant,
423 1828 498 1858 quae
514 1817 615 1849 fidem
635 1818 814 1849 elevabant
831 1828 887 1849 an-

192 1866 388 1907 tiquissimae
417 1872 453 1898 et
489 1868 633 1899 maxime
660 1869 885 1899 memorandae

194 1915 394 1946 Graecorum
410 1916 648 1961 expeditionis,
673 1926 770 1958 quam
792 1924 887 1948 recte

194 1964 400 1996 Plutarchus
431 1972 531 1997 vocat
555 1965 730 1998 κάλλιστον
757 1966 809 1998 καὶ
833 1966 887 2006 με’-

194 2024 307 2052 vim-011
319 2016 376 2052 τῆς
389 2015 542 2047 Ἑλλάδος
557 2015 660 2056 ἔργον.
694 2017 792 2049 Quod
807 2027 886 2049 sane

194 2063 249 2094 hic
263 2064 418 2104 scriptor,
432 2066 580 2106 quisquis
597 2067 652 2097 ilie
669 2065 749 2106 fuit,
766 2077 889 2107 magna

195 2113 399 2152 eruditione,
424 2115 568 2154 ingenio,
591 2125 631 2146 ac
651 2116 782 2156 judicio
800 2126 887 2156 prae-

195 2163 305 2200 stitit3
339 2172 413 2194 nam
438 2174 647 2205 quaecunque
675 2166 717 2197 ab
743 2166 889 2206 antiquis

195 2212 363 2244 historicis
384 2223 424 2244 ac
441 2214 549 2253 poetis
562 2215 595 2245 ἐν
609 2217 650 2255 τῇ
671 2217 792 2256 Τρωϊκῇ
815 2216 886 2246 ὑπο·

196 2260 279 2292 θέσει
294 2267 326 2293 et
344 2263 377 2292 ἐν
390 2263 456 2294 τοῖς
471 2263 592 2295 νόστοις
606 2267 778 2297 celebrata
794 2273 886 2305 sunt,

197 2321 238 2342 ea
263 2312 393 2352 singula
417 2313 596 2353 diligenter
635 2322 799 2346 executus
823 2322 886 2350 est,

196 2362 245 2392 ita
260 2367 297 2392 ut
314 2360 386 2392 fieri
405 2369 589 2402 potuerunt
612 2364 684 2395 sine
700 2365 883 2395 miraculo:

195 2412 230 2442 in
254 2413 434 2451 praecipuis
462 2412 647 2444 Homerum
675 2420 822 2450 secutus,
850 2421 887 2445 ut

195 2462 392 2493 nominatim
405 2464 438 2493 iu
455 2463 651 2493 recensione
664 2464 796 2494 navium
810 2473 886 2504 quae

196 2512 338 2543 Graecos
354 2512 458 2543 duces
471 2517 649 2551 vexerunt,
664 2518 699 2543 et
713 2513 886 2553 copiarum

196 2571 272 2602 quae
287 2562 442 2602 Trojanis
460 2562 610 2593 subsidio
632 2572 777 2594 venere:
802 2564 887 2594 iniis

194 2622 270 2653 quae
293 2612 443 2644 Homero
459 2613 699 2653 praetermissa,
715 2613 789 2643 aliis
809 2622 888 2643 auc-

194 2662 327 2693 toribus
343 2662 514 2703 insistens,
529 2662 577 2693 ita
595 2667 707 2693 tamen
730 2667 767 2693 ut
782 2663 814 2692 in
837 2662 886 2692 di·

195 2712 301 2743 versis
314 2713 491 2744 sententiis
506 2722 705 2745 consensum
730 2711 801 2744 fere
817 2722 886 2743 ma-

193 2761 277 2801 joris
302 2763 410 2802 partis
432 2762 572 2794 referat.
616 2762 804 2794 Conciones
827 2763 886 2794 ad-

197 2810 250 2842 dit
264 2811 426 2852 illustres,
451 2818 486 2844 et
510 2813 577 2844 alia
596 2819 796 2844 ornamenta
819 2812 886 2842 liis-

195 2861 290 2892 toriae
307 2863 528 2898 lucidissima:
553 2863 780 2895 elocutionem
794 2871 884 2901 vero,

738 1400 1067 1448 MERCERI
1122 1401 1171 1448 N
1175 1400 1356 1447 OTAE.

939 1521 977 1547 ut
992 1516 1064 1556 ejus
1079 1515 1192 1546 sa‘cnii
1209 1525 1275 1555 quo
1291 1513 1427 1553 scripsit
1444 1512 1633 1544 trahentem

940 1567 1102 1607 quasdam
1129 1565 1256 1603 sordes,
1284 1565 1330 1594 ita
1355 1563 1550 1605 distinctam
1567 1562 1634 1590 ele-

941 1617 1143 1656 gantissimis
1160 1614 1297 1646 floribus
1310 1624 1350 1644 ex
1365 1612 1501 1652 optimis
1518 1616 1552 1641 et
1578 1620 1634 1640 an-

941 1666 1138 1706 tiquissimis
1155 1664 1387 1705 scriptoribuS.
1427 1662 1482 1692 De
1498 1667 1635 1691 auctore

941 1717 1014 1756 ipso
1031 1716 1108 1746 nihii
1127 1715 1213 1746 certi
1229 1714 1297 1744 dici
1321 1718 1434 1754 potest
1452 1723 1460 1743 :
1487 1711 1636 1752 quisquis

941 1766 967 1796 is
981 1765 1059 1805 fuit,
1076 1765 1221 1795 adscivit
1237 1763 1401 1794 facienti-<e
1419 1762 1499 1792 fidei
1514 1771 1635 1792 nomen

939 1816 1067 1846 illustre
1094 1816 1216 1855 Dictys
1234 1814 1362 1845 Cretici
1386 1813 1560 1843 Idomenei
1581 1822 1636 1841 co-

940 1866 1045 1906 mitis,
1061 1871 1098 1896 ut
1114 1871 1150 1896 et
1170 1866 1256 1895 alter
1273 1864 1405 1894 libellus
1421 1862 1477 1903 qui
1500 1861 1561 1892 sub
1579 1871 1635 1891 no-

940 1917 1031 1946 mine
1049 1915 1186 1945 Daretis
1198 1914 1338 1954 Phrygii
1352 1919 1387 1943 et
1403 1912 1551 1943 Cornelii
1568 1911 1636 1942 Ne-

940 1966 1029 2006 potis
1048 1964 1247 2004 interpretis
1272 1962 1521 1999 circumfertur,
1537 1971 1635 2001 quem

940 2025 1003 2055 ego
1018 2016 1116 2053 longe
1139 2013 1332 2044 inferiorem
1349 2022 1471 2043 censeo
1491 2011 1637 2051 judicio,

940 2064 1143 2103 eruditione,
1160 2069 1194 2094 et
1211 2064 1282 2102 ipso
1295 2063 1438 2101 eloquio.
1465 2061 1560 2091 Ideni
1578 2071 1636 2090 no—

940 2123 1016 2144 men
1048 2113 1171 2153 Dictys
1202 2112 1384 2142 ementitus
1415 2109 1527 2141 fuerat
1552 2110 1636 2140 alius

940 2163 1087 2203 scriptor
1102 2163 1157 2203 qui
1169 2162 1292 2193 Graece
1310 2160 1448 2191 eandem
1463 2160 1635 2190 historiam

941 2219 1110 2252 texuerat,
1124 2214 1219 2252 cnjus
1236 2212 1363 2243 mentio
1387 2211 1476 2252 apud
1499 2211 1635 2242 Suidam

940 2272 974 2297 et
990 2267 1155 2298 Joannem
1176 2267 1335 2296 'rzetzem
1355 2275 1362 2294 :
1388 2264 1445 2294 sed
1468 2263 1507 2301 is,
1522 2263 1636 2300 credo,

942 2317 1026 2346 alius
1049 2326 1068 2347 a
1093 2322 1227 2346 nostro:
1258 2325 1332 2344 nain
1349 2314 1437 2354 apud
1461 2314 1552 2344 illum
1577 2313 1634 2343 (Ε-

944 2376 1031 2396 none
1058 2366 1174 2396 audita
1201 2372 1309 2395 morte
1334 2365 1471 2395 Paridis
1496 2373 1634 2403 suspen-

943 2415 998 2446 dio
1013 2417 1158 2454 seipsam
1173 2415 1274 2450 tollit,
1291 2423 1365 2454 quae
1382 2413 1470 2453 apud
1484 2419 1634 2442 nostium

941 2475 1003 2506 per
1018 2474 1194 2496 moerorem
1213 2463 1395 2494 deficiente
1419 2462 1529 2493 animo
1555 2472 1635 2493 con-

940 2515 1034 2546 cidit.
1081 2515 1125 2544 Et
1149 2513 1254 2543 multa
1280 2512 1404 2543 indicia
1419 2517 1497 2542 sunt
1514 2511 1634 2541 Latine

941 2564 1119 2604 scripsisse
1150 2569 1310 2601 nostrum,
1344 2571 1409 2593 non
1443 2571 1485 2592 ex
1510 2561 1634 2592 Graeco

942 2615 1098 2651 vertisse,
1109 2618 1145 2643 et
1160 2612 1284 2643 habere
1298 2623 1315 2642 :t
1330 2610 1463 2642 Graecis
1473 2609 1532 2648 τὴν
1544 2610 1634 2649 ὕλην,

940 2673 960 2694 a
975 2663 1105 2694 Latinis
1122 2662 1243 2692 multas
1257 2660 1422 2692 dictiones
1443 2670 1632 2702 expi·essaS‚

940 2713 1114 2753 praecipue
1131 2722 1151 2743 a
1161 2710 1333 2742 Sallustio.
1345 2710 1500 2750 Septimii
1512 2719 1632 2741 nomen

939 2760 1084 2803 praefert
1096 2761 1242 2801 epistola
1254 2759 1404 2791 Arcadio
1416 2759 1558 2800 scripta,
1573 2759 1632 2790 sed

939 2822 1012 2843 eam
1028 2821 1093 2843 non
1117 2810 1230 2842 inveni
1257 2810 1289 2840 in
1310 2809 1395 2841 Mss.
1410 2818 1473 2840 nec
1496 2808 1632 2839 videtur

939 2862 1088 2903 antiqua.
1132 2861 1278 2900 Tempus
1304 2868 1369 2900 quo
1398 2859 1534 2900 scripsit
1559 2867 1631 2890 cre·
