1889 3194
498 339 645 371 ³081AE

208 443 281 465 sum
299 432 431 464 initium
444 432 519 464 libri
538 443 547 470 ;
570 437 644 463 erat
661 432 747 463 enim
773 431 807 462 in
832 441 901 462 om-

207 484 303 514 nibus
324 483 423 514 editis
440 488 474 513 et
491 483 626 523 scriptis
639 481 904 522 exemplaribus,

206 533 216 549 ‘
231 532 330 564 Atrei
347 543 429 572 opes
444 532 464 563 :'
487 538 523 563 et
540 542 630 572 mox,
643 533 652 549 ⁴
670 532 795 563 Atreus
812 540 901 562 nam-

208 593 273 624 que
289 593 331 613 ex
348 583 463 614 Minoe'
478 582 496 614 :'
527 588 561 614 et
587 583 662 614 hinc
683 583 837 622 vulgatus
851 590 902 612 er·

209 642 265 664 ror
289 632 610 672 Grammaticorum,
635 632 678 663 de
700 632 831 662 duobus
857 630 902 661 A-

209 682 304 713 treis.
350 682 535 722 Rescripsi,
570 684 579 699 ‘
594 683 707 713 Cretei
720 681 740 714 :’
769 686 904 722 poterat

210 738 246 762 et
261 733 270 749 ‘
288 732 400 762 Cratei
420 731 442 762 :'
474 742 551 763 nam
575 732 715 763 Creteus
734 731 805 762 sive
824 732 904 763 Cra-

209 785 286 812 teus
317 791 402 812 unus
428 792 446 812 e
472 782 601 813 Minois
628 782 719 818 filiis,
741 782 904 812 maximus

209 836 305 872 natu,
322 837 357 862 et
384 833 477 871 regni
505 842 701 863 successor:
727 842 826 872 quem
850 831 905 862 alii

211 880 500 920 perOCretheum
529 882 668 921 malunt,
693 881 751 912 sed
778 885 906 912 errant.

212 929 344 970 Κρηθεὺς
366 930 453 961 AEoli
479 931 580 970 filius,
595 931 764 962 Salmonei
791 930 906 962 frater.

211 978 261 1011 At
283 979 419 1019 Κρητεὺς
434 981 560 1012 Minois
581 981 682 1020 filius,
697 981 830 1011 nomine
847 982 905 1012 im·

212 1029 324 1069 posito
342 1029 384 1060 ab
409 1030 518 1060 insula
533 1030 567 1061 in
585 1040 649 1071 qua
674 1031 830 1071 regnavit
853 1040 908 1070 pa·

211 1082 276 1113 ter,
311 1089 331 1110 a
369 1089 438 1119 qua
466 1084 502 1109 et
535 1080 642 1110 Creta
664 1079 789 1111 Asterii
826 1079 907 1119 filia,

213 1137 312 1168 quam
350 1127 575 1169 Asclepiades
604 1129 695 1170 apud
725 1129 908 1171 Apollodo-

213 1187 286 1208 rum
305 1176 390 1209 facit
415 1178 542 1209 Minois
563 1188 718 1217 uxorem,
747 1184 783 1210 et
805 1180 909 1210 Creta

212 1225 284 1257 filia
311 1227 544 1263 Deucalionis,
575 1228 751 1259 Idomenei
790 1238 907 1260 soror:

214 1275 444 1316 Apollodorus
476 1277 704 1309 Bibliothecae
731 1288 772 1309 11.
829 1282 909 1319 Κρα·

213 1325 290 1358 τέως
302 1325 334 1357 δὲ
348 1327 405 1357 τοῦ
419 1326 540 1359 Μίνωος
549 1328 679 1367 Ἀερόπη
688 1327 739 1359 καὶ
751 1328 910 1367 Κλυμένη,

214 1377 266 1408 καὶ
288 1378 498 1417 Ἀπημοσύνη,
518 1379 569 1411 καὶ
583 1380 772 1418 Ἀλθημένης
784 1381 841 1412 υἱοὶ
862 1380 910 1420 Ὑί-

214 1438 330 1459 νυνται.
375 1428 525 1469 Χρωμένῳ
547 1429 580 1461 δὲ
600 1432 717 1470 Κρητεῖ
733 1431 799 1470 περὶ
816 1443 910 1462 κατα-

215 1478 354 1518 στροφῆς
365 1479 422 1508 τοῦ
431 1478 514 1517 βίου,
526 1481 593 1510 &c.
620 1480 687 1510 Sed
699 1480 761 1510 hoc
773 1480 911 1520 insignis

216 1527 321 1567 Regis
351 1537 471 1559 nomen
499 1529 615 1560 nescio
643 1539 709 1570 quo
739 1529 811 1562 fato
837 1530 910 1562 fere

215 1577 340 1618 ubique
369 1578 547 1618 insigniter
584 1584 794 1620 corruptum,
820 1581 909 1621 apud

215 1626 326 1666 ipsum
363 1626 606 1668 Apollodorum
632 1629 783 1668 pluribus
815 1631 909 1666 locis,

216 1677 307 1716 apud
341 1678 573 1717 Lycophronis
603 1679 840 1721 interpretem,
876 1686 911 1712 et

218 1727 300 1758 alios
313 1728 532 1767 Tragicorum
544 1729 753 1762 scholiastes.

260 1776 459 1808 Deucalionis
469 1778 659 1819 Idomeneus,
669 1780 750 1811 ulter
758 1779 856 1820 Moli]
870 1781 913 1811 Et

216 1826 288 1857 haec
301 1827 444 1866 pessime
459 1827 649 1859 edebantur
663 1833 776 1870 antea,
788 1834 823 1860 et
833 1829 912 1860 inde

218 1875 393 1917 fingebant
425 1877 510 1908 duos
555 1878 771 1918 Idomeneos,
810 1889 912 1910 unum

218 1926 448 1965 Deucalionis,
458 1928 600 1958 alterum
615 1928 769 1960 Molinm.
785 1929 913 1960 Verum

220 1981 274 2007 est
289 1976 397 2007 Minoi
411 1976 498 2008 filios
515 1976 618 2009 fuisse
635 1979 808 2014 Creteum,
820 1980 914 2010 Deu-

220 2026 398 2062 calionem,
410 2027 590 2067 Glaucum,
606 2028 839 2067 Androgeum.
869 2029 915 2059 Α-

221 2076 415 2116 pollodorus
430 2087 438 2108 ε
462 2077 564 2109 Μίνως
581 2077 615 2109 δὲ
631 2077 756 2119 Κρήτην
768 2080 918 2110 κατοικῶν

221 2126 337 2167 ἔγραψε
351 2127 471 2166 νόμους,
487 2128 538 2160 καὶ
552 2128 655 2167 ’γήμας
668 2129 835 2170 Πασιφάην
857 2130 918 2168 τὴν

221 2176 330 2208 Ἡλίου
340 2177 391 2208 καὶ
404 2177 583 2217 Περσηΐδος,
595 2179 626 2216 ἢ,
637 2179 677 2210 ὣς
687 2179 918 2218 Ἀσκληπιάδης

221 2226 312 2266 φησὶ,
338 2227 461 2268 Κρήτην
485 2228 545 2265 τὴν
565 2229 723 2269 Ἀστερίου
751 2230 916 2270 Θυγατέρα,

222 2278 334 2308 παῖδας
346 2276 405 2315 μὲν
426 2276 577 2309 ἐτέκνωσε
595 2278 751 2320 Καστρέα,
768 2279 917 2310 Δευκαλί-

223 2339 298 2367 ωνα,
312 2328 466 2367 Γλαῦκον,
480 2328 681 2369 Ἀνδρόγεων.
706 2330 826 2361 Scribe
838 2334 918 2370 Κρα-

223 2375 292 2412 τέα,
320 2377 373 2407 vel
399 2376 534 2417 Κρητέα,
557 2383 593 2409 ut
618 2378 651 2408 in
677 2380 918 2419 sequentibus3

225 2426 379 2465 quamvis
392 2426 480 2457 idem
492 2427 650 2458 mendum
664 2428 754 2467 apud
772 2428 920 2460 Isacium

225 2481 260 2507 et
277 2475 371 2511 alios,
384 2481 421 2507 ut
438 2476 538 2506 modo
554 2476 709 2508 diximus.
737 2477 920 2517 Apollodo-

225 2535 282 2556 rus
297 2535 357 2556 suo
373 2535 466 2557 more
485 2526 680 2566 progeniem
696 2532 842 2568 quatuor
857 2526 920 2558 fili-

225 2584 320 2605 orum
351 2575 474 2606 Minois
497 2575 614 2606 ordine
640 2581 828 2615 enumerat,
843 2577 923 2608 inci-

227 2625 324 2664 piens
339 2633 358 2656 a
375 2624 600 2664 Crete0‚dein
614 2634 758 2665 pergens
767 2625 809 2657 ad
826 2626 922 2657 Deu-

228 2675 406 2714 calionem,
431 2675 508 2706 inde
532 2675 575 2706 ad
591 2675 782 2707 Glaucum:
805 2679 923 2707 Δευκα-

226 2724 313 2756 λίωνι
322 2725 348 2756 δ’
359 2724 502 2764 ἐγένοντο
514 2723 683 2763 Ἰδομενεύς
693 2736 731 2756 τε
742 2724 792 2756 καὶ
805 2724 924 2765 Κρήτη,

174 2765 180 2776 ’
228 2774 281 2806 καὶ
302 2774 388 2807 νόθος
405 2776 423 2806 ὁ
447 2777 569 2807 Μῶλος.
612 2776 751 2807 Γλαῦκος
769 2774 802 2807 δὲ
825 2776 843 2806 ὁ
866 2774 924 2806 Μί-

229 2837 315 2866 νωος,
331 2827 395 2857 &c.
412 2826 467 2857 ubi
482 2825 620 2865 insignis
638 2825 793 2857 defectus
806 2826 841 2856 in
854 2835 924 2857 om-

230 2876 327 2910 nibus
353 2876 624 2917 exemplaribus:
658 2885 734 2907 nam
765 2886 924 2917 quaecun-

678 337 899 369 MERGERI
934 337 1073 367 NO‘l'AE
1107 337 1158 366 IN
1196 337 1289 366 LlB.
1323 337 1355 366 1.

1562 325 1645 367 551

951 440 1017 472 qne
1039 430 1081 461 de
1110 429 1305 469 Idomeneo,
1331 429 1445 466 Creta,
1474 427 1581 467 Molo,
1612 431 1648 457 et

951 481 1025 519 ejus
1041 480 1109 510 filio
1134 480 1287 510 Merione
1311 487 1371 508 sno
1397 487 1487 508 more
1504 477 1649 516 scripse-

953 534 1018 569 rat,
1043 528 1303 560 interciderunt.
1363 527 1476 557 Molus
1515 525 1649 556 videtur

952 579 1073 610 nothus
1102 577 1207 608 fuisse
1241 576 1473 613 Deucalionis,
1503 580 1539 605 et.
1566 574 1650 604 scri-

953 629 1099 660 bendum
1125 626 1176 658 καὶ
1201 626 1288 658 νόθος
1307 627 1323 656 ὁ
1352 627 1476 664 Μῶλος,
1502 629 1538 656 ut
1563 625 1649 654 male

953 683 1068 709 noster
1091 687 1167 708 eum
1193 677 1396 717 participem
1428 675 1522 714 regni
1548 674 1652 705 faciat

954 729 1151 766 Idomeneo,
1162 727 1293 758 scilicet
1303 727 1380 766 quia
1392 725 1425 756 in
1441 725 1582 756 Homeri
1597 735 1652 754 ca-

954 780 1066 819 talogo
1082 778 1201 809 ducem
1223 787 1299 808 eum
1317 775 1532 807 Cretensium
1561 776 1651 814 lege-

954 833 1008 860 rat
1038 838 1110 859 cum
1135 833 1254 868 patruo
1281 827 1478 858 Idomeneo.
1526 824 1653 863 ‘Motu'

954 888 1021 909 non
1035 880 1044 895 ‘
1060 876 1210 915 Molius:
1227 881 1322 908 recte
1339 876 1417 907 libri
1434 875 1555 906 nostri.
1582 875 1654 906 Ho-

955 938 1039 960 mer.
1062 928 1103 960 ΙΙ.
1120 932 1158 958 Κ.
1201 926 1393 966 Ἀμφιδάμας
1415 925 1448 957 δὲ
1464 925 1561 964 Μόλῳ
1576 926 1654 956 δῶκε

954 978 1085 1018 ξεινήϊον
1100 976 1186 1016 εἶναι,
1202 977 1305 1017 Αὐτὰρ
1328 978 1345 1008 ὃ
1367 976 1505 1017 Μηρίονῃ
1522 977 1616 1007 δῶκεν
1631 973 1654 1015 ᾧ

955 1026 1038 1058 παιδὶ
1048 1029 1189 1067 φορῆναι.

1002 1079 1159 1119 Clymenoe
1195 1081 1226 1108 et
1256 1076 1386 1116 Nauplii
1409 1076 1594 1107 Palamedes
1625 1079 1656 1106 et

960 1128 1064 1168 OEox]
1091 1127 1243 1158 Pessime
1259 1126 1438 1167 edebatur,
1452 1130 1461 1143 ⁴
1479 1127 1655 1165 Clymenae

959 1183 993 1208 et
1012 1177 1151 1217 Nauplii
1168 1175 1255 1207 filius
1272 1176 1476 1207 Palamedes
1500 1180 1536 1206 et
1553 1173 1657 1206 AEasff

959 1227 1051 1259 Libri
1075 1227 1208 1267 scripti,
1234 1226 1430 1266 ‘Clymenae
1455 1231 1489 1256 et
1516 1225 1657 1264 Nauplii

959 1277 1047 1308 filius
1061 1276 1261 1307 Palamedes
1275 1282 1309 1306 et
1323 1274 1412 1315 Ajax
1426 1275 1448 1306 :'
1462 1285 1480 1306 e
1496 1284 1561 1315 quo
1578 1274 1659 1309 feci,

962 1327 1060 1358 OEax.
1103 1325 1353 1366 Apollodorus:
1390 1324 1554 1363 Κλυμένην
1563 1326 1663 1362 γαμεῖ

961 1376 1130 1416 Ναύπλιος,
1165 1375 1217 1406 καὶ
1245 1375 1364 1406 τέκνων
1398 1376 1501 1415 πατὴρ
1536 1374 1658 1414 ’γίνεται

960 1426 1073 1457 Οἴακος
1104 1425 1154 1457 καὶ
1191 1424 1406 1463 Παλαμήδους.
1473 1425 1539 1455 Ubi
1571 1426 1659 1456 male

961 1476 1079 1515 edunt,
1089 1475 1238 1516 ”Ορακος.
1285 1475 1329 1506 At
1346 1481 1439 1506 recte
1457 1475 1546 1506 infra
1563 1475 1660 1506 initio

960 1536 1010 1558 vr.
1041 1529 1051 1545 ‘
1069 1528 1157 1559 OEax
1181 1527 1322 1567 Nauplii
1354 1526 1441 1557 filius
1465 1527 1659 1558 Palamedis

959 1576 1102 1608 frater?
1126 1577 1214 1608 idem
1237 1577 1359 1618 ubique
1374 1577 1566 1608 occurritin
1583 1578 1661 1618 My-

962 1627 1102 1658 ceuensi
1128 1627 1281 1659 historia.
1341 1627 1428 1659 Vide
1462 1629 1660 1669 Euripidem

962 1677 1099 1709 Oreste.

1006 1728 1097 1760 Dicta·
1114 1728 1287 1770 Creteidoe]
1314 1729 1489 1759 Librorum
1517 1729 1661 1769 scripto-

963 1788 1035 1809 rum
1058 1788 1144 1809 unus
1169 1779 1178 1795 ‘
1197 1779 1307 1809 dictus
1332 1788 1374 1809 ex
1393 1778 1590 1810 Creteida:'
1616 1779 1662 1809 al-

965 1834 1030 1868 ter,
1042 1833 1051 1846 ‘
1067 1829 1188 1869 Dictys
1200 1838 1241 1860 ex
1256 1829 1418 1860 Creteida
1429 1839 1437 1860 :
1448 1828 1456 1841 ¹
1473 1829 1572 1868 vulgo
1586 1828 1664 1859 ede-

964 1880 1078 1918 batur,
1100 1881 1109 1898 ‘
1128 1880 1249 1920 Dictys
1270 1889 1312 1910 ex
1337 1879 1448 1910 Cretae
1470 1879 1532 1910 lda
1547 1879 1573 1909 :’
1596 1889 1663 1919 quo

964 1930 1044 1972 quid
1061 1930 1172 1970 potuit
1189 1930 1337 1969 ineptius
1353 1929 1454 1969 fingi?
1475 1940 1549 1971 quae
1574 1929 1662 1961 enim

967 1990 1044 2020 pars
1056 1980 1160 2020 Dicty
1178 1980 1211 2010 in
1234 1980 1296 2010 hac
1314 1979 1493 2017 divisione,
1508 1985 1542 2009 et
1566 1989 1665 2019 quor-

965 2039 1037 2059 sum
1062 2029 1147 2067 lraec,
1172 2029 1182 2046 ‘
1199 2038 1240 2059 ex
1258 2029 1372 2059 Cretae
1400 2028 1501 2059 Ida?’
1522 2029 1664 2068 Scripsi,

966 2078 976 2094 ‘
993 2076 1076 2108 dicti
1108 2077 1313 2109 Creteidae:’
1336 2077 1463 2118 quippe
1487 2087 1562 2108 cum
1586 2087 1665 2108 mox

966 2128 1252 2168 Agamemnonem
1271 2132 1305 2158 et
1325 2128 1519 2158 Menelaum
1538 2126 1666 2157 referat

966 2178 1078 2209 dictos
1095 2177 1248 2213 Atridas,
1265 2178 1322 2218 qui
1346 2184 1444 2208 erant
1467 2177 1666 2216 Plisthenis,

967 2228 1009 2258 ad
1042 2227 1220 2267 tegendam
1251 2227 1495 2258 obscuritatem
1531 2226 1666 2266 paterni

968 2277 1128 2315 nominis;
1165 2277 1347 2307 verisimile
1376 2281 1428 2306 est
1458 2276 1575 2306 eadem
1615 2285 1666 2306 ra-

969 2328 1061 2359 tione
1083 2326 1268 2365 addidisse,
1291 2326 1510 2357 Palamedem
1531 2330 1566 2357 et
1585 2325 1666 2356 (Ea-

969 2387 1043 2409 cem
1061 2376 1201 2416 Nauplii
1223 2376 1331 2407 dictos
1348 2376 1525 2406 Creteidas
1543 2376 1584 2405 ab
1603 2385 1666 2406 avo

969 2431 1122 2458 materno
1147 2426 1284 2464 Cremo,
1308 2435 1384 2456 cum
1407 2425 1502 2465 origo
1525 2431 1668 2465 paterna

970 2477 1175 2508 essetmulto
1187 2474 1376 2516 ignobilior.
1399 2475 1568 2514 Nauplius
1578 2475 1667 2505 enim

971 2531 1172 2558 mercaturae
1209 2525 1306 2555 laude
1339 2524 1450 2564 potius
1480 2523 1668 2554 censendus

972 2586 1072 2618 quam
1084 2576 1154 2606 ulla
1169 2575 1236 2606 alia
1252 2579 1349 2605 arte:
1373 2584 1480 2615 eoque
1497 2574 1545 2604 illi
1564 2575 1669 2606 tradi-

972 2631 1016 2657 1ae
1031 2637 1050 2657 a
1063 2626 1201 2664 Cremo,
1217 2625 1430 2656 oraculorum
1451 2623 1597 2664 praefata
1611 2633 1667 2654 ve-

973 2677 1052 2715 rito,
1068 2675 1147 2706 filiae
1165 2684 1247 2716 quas
1265 2674 1497 2705 venumdaret.
1533 2673 1670 2714 Apollo-

974 2726 1093 2756 dorus:
1118 2723 1266 2765 Ἀερόπην
1286 2722 1319 2754 δὲ
1340 2721 1391 2754 καὶ
1408 2721 1573 2761 Κλυμένην
1588 2727 1668 2764 Κρη.

971 2774 1044 2806 τεὺς
1058 2773 1207 2813 Ναυπλίῳ
1216 2772 1336 2804 δίδωσιν
1350 2771 1394 2804 εἷς
1406 2771 1574 2813 ἀλλοτρίας
1587 2771 1672 2809 ἠπεί-

972 2836 1042 2866 ρους
1053 2823 1287 2862 ἄπεμπωλῆσαι.
1297 2822 1393 2854 Idem
1403 2833 1411 2854 :
1424 2822 1531 2861 Αὔγην
1540 2821 1565 2853 δ’
1576 2821 1670 2854 ἔδωκε

974 2873 1122 2914 Ναυπλίῳ
1144 2874 1188 2914 τῷ
1203 2874 1391 2905 Ποσειδῶνος
1405 2871 1560 2914 ὑπερόριον
1573 2873 1669 2913 ἀπεμ-
