1889 3194
214 265 300 307 376
731 277 933 307 JOSEPH!
971 277 1137 307 isCANJ

214 369 352 411 Nulla
373 371 495 423 prius
518 374 745 412 consumta
766 372 874 412 refer
892 386 902 413 ;
934 372 1043 413 ferat
1063 372 1162 425 ipse
1183 376 1411 412 cruentum

214 436 352 487 Quod
372 437 546 490 peperit
566 437 719 486 satum,
740 439 968 491 primaque
988 438 1214 491 superbiat
1237 439 1318 478 ira.

211 502 324 544 Fata
346 504 541 553 obstant,
563 503 785 544 hominum
806 504 1041 557 praedatrix
1064 503 1260 557 Atropos
1280 508 1414 545 arcet.

213 570 325 611 Plus
346 570 520 623 Superi,
541 583 674 624 quam
694 570 786 611 sata
808 575 997 623 queunt:
1019 571 1142 611 trabs
1161 570 1375 611 Thessala
1398 570 1543 612 Divos
1603 571 1662 612 95

210 636 476 686 Praesentes,
498 650 613 690 quos
635 637 752 686 fecit,
772 637 930 677 habet:
964 640 1210 677 contemtus
1230 638 1274 677 in
1293 637 1432 678 antris

211 704 515 757 Hippotades,
535 705 581 744 in
602 704 730 756 aquis
750 704 920 751 Triton,
944 703 987 743 in
1009 716 1180 744 carcere
1200 703 1356 753 Corus,

210 770 315 812 Hac
336 776 429 811 rate
451 775 669 823 praerepta
691 783 887 810 summos
904 770 1122 810 senuisset
1144 771 1186 811 in
1209 784 1361 812 annos.

211 836 393 891 Quippe
416 837 559 877 Deum
580 837 778 890 genitore
799 840 931 886 metu,
953 850 1074 878 mens
1096 851 1216 878 caeca
1238 839 1404 879 creavit

209 903 358 944 Ditem
380 904 558 948 umbris,
580 903 698 944 coelo
721 903 931 955 Superos,
949 911 991 944 et
1012 905 1187 945 numina
1206 908 1360 957 ponto.

1573 905 1659 946 100

264 969 361 1011 Vix
382 970 527 1023 pelagi
549 983 718 1010 sensere
740 970 897 1020 minas,
913 970 1110 1024 jamque,
1128 972 1273 1021 AEole,
1290 972 1497 1022 clamant,

209 1037 354 1085 AEole‚
375 1041 509 1089 tuque
530 1037 634 1077 dato
656 1037 823 1077 mulces
845 1038 920 1090 qui
940 1038 1106 1079 coerula
1125 1042 1316 1090 sceptro,

207 1103 435 1144 Undarum
461 1103 671 1156 Neptune
691 1107 860 1157 potens,
881 1104 983 1144 date
1006 1117 1165 1144 numen
1186 1105 1321 1145 ituris.

207 1170 256 1211 Si
279 1169 475 1220 reduces,
497 1170 663 1211 meritis
684 1183 843 1211 nomen
864 1171 1107 1212 sacrabitur
1126 1171 1229 1211 aris.

815 1299 934 1311 eeeeee

247 1365 289 1394 92
316 1363 471 1394 cecidisse
488 1364 555 1399 Ms.
573 1373 678 1403 marg.
715 1363 801 1394 Vide
818 1368 888 1395 not.

939 1298 1056 1310 eeeeee

863 1478 1009 1510 NOTAE

246 1557 288 1586 92
314 1554 412 1585 Nulla
436 1554 526 1594 prius
547 1556 705 1584 consumta
731 1553 829 1593 refer]
860 1553 900 1584 In

204 1617 266 1639 ora
291 1606 382 1646 libri,
408 1606 563 1637 cecidisse.
605 1606 760 1647 Utroque
775 1605 902 1646 signifi-

204 1657 275 1688 cari
300 1660 404 1696 puto:
443 1655 706 1695 Symplegadum
735 1655 819 1695 ictu,
848 1657 902 1686 vel

204 1716 382 1742 concursu,
399 1705 540 1745 primam
551 1714 670 1735 navem
681 1704 803 1736 factam
816 1713 909 1745 esse,

204 1766 301 1798 aeque
325 1756 445 1786 mirum
470 1764 660 1795 novumque
686 1753 771 1795 fore,
799 1764 838 1785 ac
861 1755 902 1785 is-

203 1811 273 1838 tam
290 1815 409 1837 navem
427 1805 568 1845 primam
584 1803 700 1835 fuisse.

244 1860 286 1888 95
313 1857 390 1887 Plus
413 1854 539 1894 Superi,
568 1863 659 1894 quam
679 1854 754 1891 fata
773 1853 902 1894 queunt]

202 1915 244 1938 ιι.
260 1908 334 1937 575.
371 1910 379 1923 ¹
398 1905 491 1935 Fatis
518 1905 608 1934 nulla
631 1903 738 1942 fides:
761 1903 826 1934 alio
850 1913 902 1934 re-

203 1960 337 1996 spectu,
351 1959 385 1985 et
399 1955 462 1985 alia
475 1955 600 1993 lingua.
624 1954 779 1985 Sumtum
792 1963 871 1986 vero
882 1963 902 1984 a

202 2005 441 2047 Papin.'rheb.
454 2013 478 2036 1.
488 2005 538 2034 ‘et
549 2013 666 2034 vocem
679 2002 750 2034 fata
759 2013 902 2044 sequun-

204 2056 284 2089 tur.'
309 2056 423 2087 Μοῦνοι
438 2053 470 2085 δὲ
486 2054 548 2085 θεοὶ
560 2053 614 2090 ῥέα
628 2053 732 2084 πάντα
746 2053 900 2086 δύνανται.

203 2106 357 2147 Oppian.
401 2105 566 2146 Cyneget.
588 2113 639 2135 ιν.
656 2105 770 2134 Manum
786 2103 818 2135 δὲ
838 2104 901 2135 θεοὶ

201 2154 257 2196 ῥέα
281 2154 370 2186 πάνθ’
386 2154 522 2194 ὃρόωσιν.
554 2153 784 2194 Augustinus:
810 2156 819 2172 ‘
837 2155 901 2186 Fa-

202 2210 275 2237 tum
287 2210 339 2237 est
350 2215 416 2236 vox
433 2205 553 2235 divinae
566 2203 708 2235 mentis:
734 2204 824 2235 nullo
836 2205 901 2236 ita-

202 2265 269 2297 que
285 2265 462 2287 causarum
478 2254 595 2286 ordine
610 2254 644 2285 in
659 2253 810 2285 ordinem
826 2254 901 2285 red-

201 2305 333 2346 igitur!

245 2358 289 2386 96
311 2355 500 2393 Praenes,
520 2352 696 2394 quossecit,
712 2352 817 2393 habet]
841 2352 898 2384 Μί-

201 2416 294 2443 μησις
323 2404 524 2445 Virgiliana.
561 2403 837 2443 Repraesentare,
867 2402 901 2433 id

203 2460 268 2492 est,
285 2455 357 2485 sine
381 2463 475 2484 mora
491 2453 641 2491 exigere.
665 2453 760 2484 Suet.
783 2453 901 2484 Claud.

202 2506 255 2536 34.
272 2503 328 2534 ubi
344 2503 421 2534 vide
438 2502 582 2534 Casaub.

247 2553 428 2583 Contemtus
441 2552 474 2582 in
488 2551 589 2582 antris
606 2551 813 2592 Hippotades,
827 2552 899 2593 Sym]

201 2600 260 2633 Ita
285 2601 404 2631 festive
429 2601 551 2631 Vitalis
582 2601 756 2631 Blesensis
781 2601 815 2632 in
839 2611 900 2633 sua

203 2649 398 2681 Aulularia:
423 2650 433 2666 ‘
446 2649 473 2679 si
486 2649 622 2689 sapient
634 2649 899 2690 homines,men-

203 2699 296 2731 dicet
306 2697 405 2729 turba
417 2696 590 2737 Deorum,'
605 2700 670 2730 &c-

245 2751 288 2779 98
312 2747 385 2778 Hac
414 2750 482 2778 rate
506 2751 662 2787 proerepta
689 2757 823 2779 summos
851 2758 898 2780 se-

203 2799 319 2832 nuisset
334 2798 367 2829 in
381 2797 491 2838 annos]
514 2798 638 2839 Papin-
662 2797 756 2838 sylv.
782 2807 839 2830 111.
863 2799 898 2831 in

956 1553 1142 1595 Propemp.
1156 1553 1256 1585 Metii
1273 1554 1421 1586 Celeris:
1436 1555 1446 1573 ‘
1460 1553 1550 1585 Ante
1566 1558 1657 1587 rates

957 1605 1056 1635 solito
1069 1604 1251 1645 torpebant
1269 1614 1408 1645 aequora
1423 1604 1564 1644 somno‚’
1579 1607 1645 1637 &c.

998 1657 1040 1685 99
1059 1655 1181 1695 Quippe
1194 1655 1295 1685 Deum
1308 1654 1451 1693 genitore
1465 1654 1565 1695 metu]
1576 1655 1656 1686 Θεοῦ

957 1703 1057 1743 ἐτίμα.
1108 1704 1218 1735 Multa
1242 1705 1346 1735 habes
1369 1704 1457 1744 apud
1481 1704 1658 1745 Etymolo-

957 1755 1021 1793 gici
1041 1760 1234 1785 mit-torem:
1260 1753 1338 1785 vide
1354 1753 1492 1784 Festum
1509 1753 1655 1785 inDeus.

956 1804 1058 1835 Plato
1088 1814 1107 1834 a
1135 1802 1202 1834 θέω.
1248 1804 1356 1834 Clem.
1380 1801 1481 1834 Alex.
1506 1801 1592 1834 θεοὺς
1621 1803 1658 1834 ἐκ

954 1854 1012 1884 τοῦ
1053 1852 1132 1885 θέειν
1162 1851 1372 1891 ὀνομάσαντες
1400 1851 1475 1883 τοὺς
1507 1850 1651 1892 ἀστέρας.

955 1904 1044 1935 Vide
1068 1909 1103 1934 et
1126 1903 1291 1935 Nazianz.
1316 1902 1416 1933 Orat.
1446 1904 1500 1933 35.
1517 1912 1552 1942 p.
1575 1904 1652 1933 589.

955 1955 1170 1986 Phornutus:
1194 1953 1273 1985 Δέος
1294 1952 1355 1984 ἀπὸ
1375 1953 1433 1989 τῆς
1463 1950 1588 1991 θέσεως,
1618 1962 1651 1993 q.

955 2006 1093 2046 θετῆρας.
1129 2004 1326 2043 Petronius,
1341 2004 1351 2021 ‘
1369 2003 1504 2034 Primus
1520 2003 1553 2033 in
1570 2003 1653 2034 orbe

954 2056 1046 2087 Deos
1063 2055 1145 2086 fecit
1162 2055 1261 2085 timor
1273 2053 1292 2085 :'
1317 2063 1392 2094 quae
1419 2053 1561 2084 totidem
1579 2063 1654 2084 ver-

954 2104 1005 2136 bis
1032 2105 1123 2145 apud
1150 2104 1273 2144 Papin.
1295 2112 1351 2134 ιιι.
1373 2103 1540 2134 Thebaid.
1586 2103 1654 2134 Pe-

953 2155 1064 2186 tronio
1088 2155 1205 2186 tribuit
1230 2154 1389 2194 Fulgent.
1414 2152 1594 2183 placiades
1625 2162 1651 2184 1.

953 2204 1101 2245 Mytliol.
1124 2214 1156 2244 p.
1181 2205 1253 2234 129.
1296 2202 1455 2235 Juvenal.
1472 2203 1541 2233 Sat.
1567 2211 1653 2234 xui.

954 2253 964 2270 ‘
980 2255 1044 2285 Est
1060 2254 1143 2284 alins
1166 2257 1320 2284 metuens
1344 2261 1386 2283 ne
1409 2252 1536 2283 crimen
1553 2261 1653 2291 poena

953 2308 1113 2344 sequatur
1132 2313 1138 2331 :
1175 2303 1243 2333 Hie
1283 2307 1383 2342 putat
1420 2311 1494 2332 esse
1533 2301 1653 2332 Deos)

953 2353 1062 2385 Clem.
1072 2353 1173 2384 Alex.
1189 2361 1228 2383 11.
1245 2353 1320 2383 276.
1334 2351 1402 2382 δέος
1423 2349 1458 2382 δέ
1471 2350 1539 2382 ἐστι
1553 2350 1652 2391 φόβος

954 2403 1045 2436 θείου.

998 2456 1058 2485 103
1087 2453 1247 2484 Undarum
1263 2451 1409 2490 Neptune
1422 2450 1546 2490 potens]
1571 2450 1650 2481 Fre-

954 2507 1099 2544 quenter
1129 2502 1177 2532 ita
1205 2499 1331 2540 poetae.
1377 2500 1387 2516 ‘
1410 2498 1498 2529 Diva
1528 2503 1650 2538 potens

952 2550 1153 2590 nemorum,’
1179 2549 1301 2589 Papin-
1331 2548 1340 2565 ‘
1357 2547 1561 2579 Umbrarum
1589 2558 1648 2588 po.

953 2602 1052 2639 tens,'
1084 2599 1202 2633 Claud.
1235 2597 1432 2628 ‘Tnbarum
1463 2606 1647 2628 armornm-

951 2661 1018 2693 que
1037 2647 1180 2691 potens,’
1196 2647 1273 2678 vai.
1287 2646 1380 2677 Flac.
1403 2647 1413 2663 ‘
1431 2645 1570 2677 Pietate
1587 2656 1647 2687 po-

952 2699 1053 2739 tens,’
1089 2699 1202 2731 Plaut.
1225 2697 1235 2714 ‘
1254 2695 1344 2726 Dive
1361 2694 1648 2736 tridentipotens:

951 2750 1065 2782 Silius.
1089 2750 1099 2767 ‘
1113 2747 1204 2780 Diva
1220 2749 1339 2787 potens
1352 2743 1480 2785 Cypri,'
1502 2743 1627 2777 Horat.
1679 2739 1683 2744 '
