1889 3194
697 401 763 430 An
798 398 1079 430 LECTOREM.
1526 385 1611 426 357

164 497 345 538 inventa
365 508 447 537 sua
464 495 657 537 efflictim
677 497 813 536 amet:
845 492 1002 535 Po'etae
1033 490 1252 545 inprimis,
1273 494 1323 531 ut
1343 491 1389 530 et
1408 487 1609 529 Philoso-

165 563 280 617 phus
301 567 498 614 testatur,
529 563 662 610 πάντες
691 564 870 616 ἀγαπῶσι
903 563 1052 613 μᾶλλον
1087 559 1138 599 τοὶ
1165 559 1283 598 αὐτῶν
1311 555 1420 610 ἔργα,
1441 552 1561 608 ὥσπερ
1583 558 1613 594 οἱ

165 631 281 684 γονεῖς
313 629 376 669 καὶ
410 633 441 669 οῖ
473 628 633 678 ποιηταί.
694 628 932 669 Fortunam
966 627 1076 667 hanc
1114 623 1260 666 Po'eta
1288 627 1451 671 noster,
1484 635 1615 675 quem

166 709 285 737 nunc
306 696 389 737 tibi
411 697 582 746 damus,
602 696 816 737 benevole
838 695 1008 743 Lector,
1034 693 1258 735 hominum
1279 690 1440 744 injuria
1459 688 1614 729 nescio

168 776 225 804 an
244 763 413 804 incuria
433 776 596 817 passus
613 764 693 805 sit:
725 761 959 804 nominalia
989 760 1111 801 illius
1141 761 1323 807 mutata,
1347 757 1496 798 debita
1515 755 1615 795 laus

169 830 393 871 oblivione
414 835 610 880 tenuata,
631 833 673 871 et
693 833 743 870 ut
763 827 998 870 earundem
1021 827 1254 868 Musarum
1270 824 1514 880 symmista,
1533 821 1617 862 for·

167 900 286 937 tasse
306 896 435 937 etiam
453 895 661 951 σύγχρονος
673 895 942 945 GuntheruS,
963 894 1072 948 quia
1085 894 1342 947 Ligurinum
1359 890 1613 943 scripserat,

168 962 312 1004 factus
343 967 413 1004 est
436 964 696 1016 Ligurinas:
732 964 798 1004 sic
825 962 1011 1011 Noster,
1030 963 1106 1016 qui
1126 966 1220 1002 erat
1239 959 1268 1002 J
1272 957 1468 1012 osepbus
1491 955 1618 996 Isca-

169 1042 268 1079 nus,
282 1029 510 1071 Cornelius
531 1030 685 1084 Nepos
704 1030 850 1072 factus
868 1035 952 1080 est,
968 1029 1072 1083 quia
1089 1028 1328 1081 Nepotem,
1346 1025 1437 1079 qui,
1452 1027 1504 1063 ut
1521 1021 1618 1075 opi-

169 1097 242 1138 nio
264 1098 554 1151 quorumdam
567 1104 650 1148 est,
666 1098 873 1139 Daretem
889 1096 1052 1138 Latina
1068 1101 1187 1137 veste
1205 1094 1424 1141 induerat,
1445 1091 1487 1131 in
1500 1087 1618 1129 Po‘e·

170 1165 210 1205 si
232 1178 315 1206 sua
336 1170 519 1206 secutus
548 1169 651 1207 erat.
713 1165 916 1206 Suboluit
944 1163 1211 1217 quibusdam
1234 1162 1272 1201 οὐ
1295 1160 1385 1215 χθὲς
1416 1158 1479 1198 καὶ
1499 1154 1617 1210 πρώην

169 1244 259 1273 non
276 1245 374 1274 esse
393 1233 504 1274 hunc
527 1231 749 1286 Nepotem
769 1233 906 1282 illum,
928 1231 1002 1285 qui
1024 1243 1160 1272 ausus
1183 1235 1280 1271 erat

572 1299 701 1341 Unus
721 1299 936 1341 Italorum

402 1367 543 1408 Omne
566 1380 711 1408 aevum
730 1366 870 1407 tribus
892 1365 1119 1418 explicare
1145 1365 1318 1405 chartis.

227 1433 355 1476 Alios
376 1438 518 1475 tamen
538 1433 657 1483 novi,
680 1433 758 1487 qui
785 1432 896 1473 illud
929 1436 1144 1473 assertum
1177 1432 1325 1471 ibant:
1357 1430 1523 1484 quippe
1543 1431 1586 1472 ni
1602 1433 1621 1472 ’ἒ

173 1515 274 1543 cum
296 1515 380 1543 sua
407 1500 459 1542 C.
481 1500 697 1541 Sallustio
728 1500 951 1549 inscribat,
980 1512 1077 1540 cum
1100 1496 1290 1538 Athenis
1322 1498 1473 1539 Daren
1499 1510 1625 1550 repe-

170 1570 294 1619 risse,
315 1568 520 1618 vertisse,
541 1580 621 1608 sua
639 1571 811 1608 asserat
840 1566 1044 1621 epistola.
1071 1561 1099 1605 ὦ
1122 1564 1285 1616 βοιωτοὶ,
1304 1565 1351 1612 ὡς
1377 1563 1518 1619 σφόδρα
1540 1563 1622 1604 ἐστὲ

170 1634 320 1685 βοιωτοῖ
333 1636 342 1677 !
378 1635 560 1676 credant
591 1634 655 1675 illi
685 1637 729 1675 et
748 1634 942 1676 fruantur
963 1646 1047 1674 suo
1069 1646 1224 1682 errore,
1255 1633 1360 1673 mihi
1381 1632 1487 1674 talia
1506 1645 1626 1673 cam-

171 1717 243 1757 pae
264 1703 382 1745 Solis
403 1707 444 1743 et
464 1701 617 1743 Naevii
639 1701 914 1742 Buttubatta.
974 1699 1287 1742 Contradicunt
1306 1700 1463 1753 stylus,
1479 1698 1625 1739 imita-

171 1771 250 1820 tio,
266 1774 308 1811 et
327 1769 638 1824 αὐτεπάγγελτος
659 1768 772 1822 ipse,
796 1769 872 1821 qui
892 1768 947 1809 de
970 1767 1160 1817 Nerone,
1174 1766 1227 1808 de
1249 1765 1498 1807 Christiana
1519 1765 1621 1815 fide,

173 1838 228 1879 de
247 1835 524 1892 ματαιοτεχνῖᾳ
556 1836 850 1885 oraculorum,
881 1835 935 1875 de
964 1834 1153 1875 Arthuro
1172 1833 1398 1888 inspergit.
1459 1833 1512 1873 In
1532 1846 1622 1874 rem

175 1905 354 1958 quidem
386 1905 477 1945 ista
507 1905 631 1954 satis,
662 1916 819 1944 nomen
855 1906 1003 1944 tamen
1032 1903 1078 1943 in
1109 1902 1355 1956 quaestione
1378 1904 1484 1949 erat,
1507 1899 1625 1953 quod

173 1985 251 2013 nec
273 1972 367 2013 Soli
380 1970 662 2025 quaerendum
683 1971 804 2020 dare,
818 1983 901 2011 nec
922 1983 1086 2019 maneS,
1107 1974 1158 2010 ut
1178 1969 1251 2010 ille
1274 1968 1477 2017 Homeri,
1498 1968 1626 2008 inter-

173 2051 341 2092 rogare,
360 2052 442 2079 nec
465 2052 492 2079 a
519 2038 653 2079 nostri
685 2038 841 2079 saeculi
865 2035 1096 2089 πολυμαθέσι
1118 2037 1285 2078 discere
1316 2036 1456 2089 potui.
1513 2035 1561 2074 ‘O
1592 2034 1627 2073 ἐν

173 2104 296 2160 ἁγίοις
315 2105 532 2156 Caselius,
551 2118 642 2146 rem
665 2105 771 2146 mihi
801 2105 1061 2159 expeditam
1094 2103 1407 2158 promittebat:
1445 2102 1525 2143 sed
1547 2102 1628 2142 im-

174 2173 368 2227 peditam
386 2173 576 2226 reliquit.
636 2172 900 2213 Decurrenti
921 2171 1027 2212 mihi
1048 2171 1236 2225 paginas
1267 2170 1453 2224 aliquot,
1481 2166 1626 2219 οἴκοθεν,

176 2239 298 2292 quod
320 2240 455 2289 aiunt,
485 2241 502 2278 ὁ
533 2238 691 2294 μάρτυς,
713 2239 794 2279 sub
811 2239 967 2280 umbra
988 2251 1035 2280 se
1056 2238 1182 2279 visus
1202 2242 1272 2279 est
1287 2236 1539 2278 ostendere:
1564 2236 1628 2277 ait

178 2307 292 2347 enim
313 2317 366 2347 11.

464 2372 509 2413 N
513 2385 570 2414 on
589 2376 740 2414 nostra
761 2373 989 2414 Britannia
1008 2372 1226 2414 Rhenum.

235 2439 372 2491 Quod
395 2452 498 2492 ergo
523 2440 705 2493 pensius
729 2440 967 2481 aestimanti
987 2440 1168 2480 unicum
1190 2440 1432 2491 supererat,
1455 2436 1627 2477 Britan-

178 2521 333 2548 norum
347 2506 521 2556 rudera,
543 2510 705 2556 scruta,
716 2509 758 2547 et
779 2506 988 2560 quicquid
1011 2506 1184 2546 illorum
1201 2509 1359 2546 nactus
1372 2517 1504 2554 eram,
1524 2517 1629 2545 ocu-

176 2575 233 2616 lis
267 2574 566 2622 decumbam,
597 2574 788 2627 aliquem
825 2586 1010 2627 sperans
1043 2572 1161 2613 illius
1197 2571 1351 2612 honori
1381 2574 1426 2611 et
1463 2571 1627 2612 nomini

178 2646 542 2690 assurrecturum,
577 2653 680 2681 nam
714 2647 763 2681 ut
791 2640 1088 2681 Philostratus
1120 2639 1178 2680 ad
1213 2637 1396 2679 Areum:
1430 2637 1540 2686 σοφοὶ
1563 2654 1627 2678 σο-

179 2709 267 2757 φοὺς
282 2707 472 2758 σώζουσιν,
494 2705 541 2747 ἂν
557 2704 643 2747 ὦσιν
665 2706 789 2756 σοφοί.
851 2707 942 2748 Sed
957 2707 1041 2747 nisi
1061 2706 1194 2760 plane
1211 2705 1453 2746 luscitiosis
1467 2709 1511 2746 et
1526 2705 1629 2746 Ho-

177 2777 354 2818 mericis
374 2775 518 2817 oculis
538 2788 646 2816 usus
676 2788 790 2825 sum,
823 2773 986 2816 frustra
1014 2774 1077 2814 ibi
1096 2773 1176 2814 fui.
1235 2772 1279 2813 A
1299 2773 1521 2814 veteranis
1541 2774 1626 2814 ita-

179 2857 264 2897 que
295 2843 351 2884 ad
384 2843 653 2884 luculentam
692 2842 811 2883 illam
851 2840 1088 2883 Cambdeni
1123 2841 1397 2882 Britanniam
1438 2840 1594 2882 diverti
1613 2855 1621 2881 :

179 2910 336 2952 exinde
356 2911 517 2952 mentis
533 2923 644 2952 meae
666 2909 877 2960 habitum,
899 2914 947 2951 ut
967 2908 1039 2949 ille
1060 2908 1138 2958 ait,
1162 2907 1321 2961 gaudio
1343 2907 1625 2962 splenduisse
