1889 3194
290 345 374 387 438

812 357 1011 388 JOSEPHI
1049 357 1212 389 lSCANl

292 449 495 491 Illustres
520 450 689 503 superis
711 451 871 505 epulas
890 451 1045 492 molita
1064 456 1267 505 potestas

290 516 511 558 Sacrificis
531 517 706 558 bibulos
726 518 957 559 lictoribus
977 519 1152 560 instruit
1170 520 1308 572 ignes,

289 583 493 636 Totaque
516 583 790 624 thuricremis
812 584 1041 625 Panchaia
1063 585 1201 638 spirat
1216 586 1259 626 in
1281 587 1380 637 aris,

1680 586 1737 627 10

289 649 483 690 Venales
504 652 671 690 emtura
691 650 817 690 Deos
834 663 844 691 ε
876 653 922 691 at
943 663 1112 705 pauper
1131 664 1283 693 acerra

939 803 1084 836 NOTAE

288 892 340 918 est
364 892 493 928 taurus,
514 888 592 929 quia
608 889 709 920 moris
735 893 809 921 erat
825 889 981 921 victimas

288 946 463 977 coronare,
481 943 516 968 et
532 947 657 969 cornua
674 938 841 979 inaurare,
858 949 923 981 qua
939 940 981 970 de

285 995 321 1016 re
339 986 467 1026 prolixe
483 987 554 1027 agit
566 987 704 1019 doctiss.
727 989 925 1020 Paschalius
938 990 980 1021 de

287 1035 410 1067 Coron.
425 1044 474 1066 lv.
494 1039 545 1067 16.
559 1038 623 1067 διε.
669 1037 791 1078 Papiu.
808 1039 911 1070 etiam
933 1040 981 1070 in·

285 1083 387 1115 ferias
416 1090 576 1117 coronat:
600 1087 708 1117 ‘Tum
735 1086 809 1119 fera
823 1089 982 1120 coeruleis

286 1134 411 1165 intexit
439 1144 565 1166 cornua
590 1136 714 1168 sertis.’
761 1137 807 1169 Et
830 1138 910 1179 quia
939 1138 982 1169 de

287 1194 411 1215 corona
429 1189 463 1215 et
479 1185 568 1216 illius
593 1185 787 1218 doctissimo
804 1188 982 1219 laudatore

288 1233 440 1269 diximus,
469 1243 534 1265 non
551 1235 610 1266 abs
627 1245 664 1266 re
681 1237 747 1268 erit
772 1238 862 1269 illius
888 1248 981 1270 erro-

287 1293 358 1314 rem
374 1289 514 1315 notare:
530 1293 556 1316 ι.
574 1288 603 1316 l.
615 1285 680 1318 ait:
703 1289 712 1304 ⁶
726 1287 802 1320 Quo
818 1298 915 1319 sensu
930 1289 980 1320 di-

287 1332 390 1363 cimus
407 1332 531 1374 κορωνὶς
547 1335 604 1365 τοῦ
617 1335 697 1370 βίου.
735 1337 813 1368 Hoc
824 1339 981 1379 exemplo

286 1383 433 1414 Proteus
450 1385 518 1423 ille,
533 1386 591 1426 qui
611 1386 701 1427 apud
717 1388 902 1419 Lucianum
919 1399 981 1430 per

284 1433 397 1472 iguem
413 1434 515 1473 petiit
537 1435 691 1475 gloriam,
716 1437 801 1469 dicit
817 1447 852 1469 se
868 1448 980 1470 aureae

286 1482 365 1513 vitae
393 1492 530 1514 auream
560 1486 754 1517 coronidem
793 1487 978 1527 imponere.

286 1532 396 1564 Quam
426 1542 544 1564 vocem
581 1535 704 1566 nostris
740 1538 979 1577 complacitam

284 1580 397 1612 video.
437 1581 602 1615 Ovidius:
631 1585 640 1601 ⁴
652 1584 749 1616 Unde
778 1587 979 1619 Coronidem

286 1629 484 1662 circumflua
498 1632 658 1672 Tybridis
689 1634 749 1665 alti
770 1635 889 1667 Insula
912 1638 979 1668 Ro-

285 1681 405 1711 muleae
416 1681 520 1712 sacris
533 1683 818 1723 adjeceriturbis.’
830 1685 840 1700 '
864 1686 911 1718 At
921 1689 979 1718 Co·-

284 1732 406 1761 ronides
421 1731 524 1762 Ovid.
539 1738 592 1763 est
607 1733 832 1775 AEscu1apius,
848 1735 979 1776 Apolli-

283 1780 334 1810 nis
362 1784 398 1811 et
426 1780 603 1812 Coronidis
628 1781 730 1823 filius,
763 1789 800 1815 ut
824 1785 981 1818 scribunt

283 1828 512 1868 Apollodorus
538 1839 595 1860 111.
619 1833 689 1862 171.
724 1835 760 1863 et
789 1832 881 1873 Hyg.
910 1833 979 1866 fab.

284 1881 359 1909 202.
397 1879 580 1920 Repugnat
607 1886 640 1911 et
653 1882 791 1921 syllabae
805 1892 982 1917 mensurae.

284 1928 390 1960 Mart.
408 1937 445 1960 x.
470 1929 525 1960 ‘Si
542 1930 663 1960 nimius
694 1931 822 1968 videor,
843 1942 983 1974 seraque

284 1979 444 2009 coronide
457 1979 600 2020 longus!
622 1980 713 2011 Talis
726 1986 777 2012 est
790 1983 983 2015 emendatio

282 2028 374 2059 illius
391 2029 423 2059 iu
441 2030 515 2060 loco
540 2030 691 2070 Papinii,
706 2032 762 2072 qui
783 2041 849 2063 vn.
872 2033 977 2065 Theb.

283 2078 292 2093 ‘
301 2083 336 2108 et
348 2077 486 2108 brachia
499 2079 637 2118 planctu
651 2080 758 2120 Nigra
770 2079 904 2121 ferens:
916 2092 979 2123 pro

287 2127 296 2143 ‘
309 2127 464 2158 brachia'
491 2128 576 2168 legit
602 2129 612 2146 ‘
626 2129 776 2169 lumina‚'
805 2133 913 2170 male3
943 2133 977 2163 iu

285 2176 378 2207 luctu
395 2177 483 2208 enim
504 2187 571 2208 non
598 2182 727 2209 tantum
753 2181 872 2211 oculos
899 2180 978 2213 fati-

282 2235 376 2265 gare,
393 2227 451 2257 sed
469 2231 504 2258 et
521 2237 634 2268 genas,
650 2233 685 2260 et
703 2230 836 2260 brachia
853 2231 978 2263 lassare

282 2276 469 2316 radereque
486 2279 585 2308 moris
602 2284 686 2309 erat.
730 2280 819 2312 Vide
840 2281 978 2322 Papini-

281 2335 336 2356 um
354 2326 386 2356 in
401 2327 501 2366 sylvis
516 2328 815 2368 Epicediis,Theb.
830 2340 864 2362 v.
877 2338 913 2362 et
928 2342 978 2364 vr.

281 2380 316 2405 et
334 2376 462 2415 prolixe
480 2377 598 2408 Desid.
616 2378 732 2410 Heral.
750 2379 793 2410 ad
811 2389 852 2412 11.
873 2383 977 2414 Mart.

282 2424 346 2464 Ep.
359 2427 413 2455 40.
437 2423 505 2456 Sed
520 2426 572 2457 hae
583 2428 727 2467 guttulae
739 2437 836 2469 aquae
850 2440 916 2462 non
928 2432 977 2463 in-

281 2473 413 2505 fuscant
426 2475 536 2505 vinum
550 2476 632 2507 illud
648 2476 828 2510 Paschalii.

323 2527 343 2554 9
358 2524 517 2565 Sacrificis
531 2526 647 2557 bibulos
667 2527 825 2560 lictoribus
846 2530 978 2562 instruit

278 2572 382 2612 ignes]
423 2575 541 2605 Lictor
576 2575 631 2606 hic
661 2581 713 2607 est
742 2578 976 2618 Victimarius,

282 2621 380 2662 Popa
394 2624 587 2663 eustratius,
604 2624 768 2666 ἴερονόμος,
785 2627 894 2668 ροὸῑίε
910 2631 975 2661 eti-

282 2680 334 2700 am
357 2671 520 2712 minister,
538 2679 574 2704 ut
593 2674 693 2706 Dion.
711 2676 886 2710 Halicarn.
902 2680 977 2717 ὑπη·

281 2718 380 2757 ρέτης.
414 2721 559 2752 Festus:
583 2724 592 2739 ‘
607 2723 790 2756 Flaminius
804 2727 977 2766 lictorest‚

283 2769 339 2807 qui
370 2769 516 2801 Flamini
544 2772 635 2803 Diali
672 2783 843 2807 sacrorum
875 2787 978 2810 causa

284 2822 409 2855 proesto
424 2822 498 2849 est!
540 2820 596 2852 Sic
623 2822 751 2854 Noster
772 2833 820 2855 lv.
852 2826 978 2859 ‘ambit

281 2865 455 2898 lictoribus
483 2870 584 2908 aras‚’
612 2873 685 2903 244.
708 2877 742 2903 et
771 2874 834 2905 hoc
857 2876 913 2908 lib.
940 2886 977 2909 x.

1033 890 1109 920 216.
1134 893 1189 920 ‘et
1210 889 1304 931 larga
1319 890 1468 921 cumulat
1493 890 1660 930 promissa
1683 900 1736 922 se-

1036 938 1133 970 curi.’
1163 939 1302 979 Dictys,
1314 949 1414 980 quem
1430 939 1555 970 Noster
1572 939 1666 980 sequi
1683 949 1735 970 so-

1035 990 1096 1029 let,
1108 998 1150 1020 ιι.
1166 993 1219 1021 62.
1235 989 1244 1006 ‘
1257 990 1322 1020 His
1340 990 1424 1022 actis
1436 989 1667 1029 Agamemnon
1684 988 1735 1020 af-

1037 1038 1126 1069 ferre
1142 1039 1288 1070 hostiam
1311 1040 1451 1070 lictores
1472 1039 1595 1079 jubet!
1638 1040 1735 1071 Mac-

1037 1088 1158 1119 tabant
1174 1094 1286 1120 autem
1301 1089 1412 1119 securi
1429 1089 1483 1120 vel
1499 1089 1621 1120 cultro.
1658 1089 1735 1120 Val.

1038 1138 1179 1169 Flaccus
1191 1147 1215 1170 1.
1224 1143 1324 1170 vocat
1337 1138 1507 1178 bipennem.
1530 1138 1632 1170 Ovid.
1643 1139 1736 1170 Fast.

1038 1197 1096 1219 111.
1108 1190 1161 1219 84.
1173 1189 1182 1205 ‘
1195 1197 1237 1218 ex
1249 1188 1428 1219 adamante
1441 1187 1607 1219 securim.’
1631 1188 1734 1219 Ovid.

1039 1236 1180 1268 Metam.
1198 1246 1239 1268 11.
1266 1236 1335 1267 fab.
1353 1239 1404 1268 12.
1427 1236 1609 1268 ‘lactentis
1637 1237 1735 1268 vituli

1036 1287 1206 1327 Tempora
1217 1287 1375 1318 discussit
1391 1287 1483 1318 claro
1497 1297 1582 1318 cava
1594 1287 1734 1318 malleus

1033 1337 1129 1369 ictu.'
1145 1338 1268 1368 Festus
1282 1337 1421 1368 ‘acierin
1433 1337 1441 1350 ’
1456 1337 1617 1368 nominat.
1631 1337 1640 1354 ‘
1653 1337 1736 1368 Aci-

1033 1387 1124 1422 eris,'
1140 1387 1200 1423 ait,
1218 1387 1365 1418 ‘securis
1382 1396 1481 1422 aerea,
1497 1396 1562 1428 qua
1581 1387 1614 1418 in
1630 1386 1735 1418 sacri-

1032 1436 1117 1467 ficiis
1148 1437 1334 1468 utebantur
1374 1435 1595 1468 sacerdotes.'
1637 1436 1732 1468 Suet.

1031 1487 1146 1518 Tiber.
1160 1486 1412 1527 ‘secespitam.’
1451 1487 1589 1525 Pollux,
1614 1487 1735 1525 κοπίδα,

1032 1535 1180 1575 σφαγίδα,
1198 1537 1389 1576 Etymolog.
1417 1536 1585 1575 Stephani
1601 1544 1734 1576 noceres,

1032 1585 1118 1624 ἀξίνη
1131 1584 1323 1625 ἱεροφάντου,
1334 1587 1407 1624 lege
1423 1585 1546 1624 ‹ze-ieris,
1562 1595 1605 1616 ex
1618 1586 1733 1617 Festo.

1034 1636 1220 1667 Nominant
1244 1641 1282 1666 et
1305 1635 1448 1666 πέλεκυν.
1490 1635 1605 1676 Apoll.
1624 1636 1732 1667 Rhod.

1032 1685 1181 1725 ῥόπαλον.
1228 1685 1334 1716 Plura
1358 1685 1401 1716 de
1427 1685 1625 1716 victimariis
1655 1684 1732 1716 vide

1033 1735 1122 1774 apud
1139 1733 1292 1774 Magium
1309 1743 1348 1764 11.
1366 1736 1396 1765 4.
1416 1743 1448 1773 p.
1467 1736 1561 1764 1405.
1588 1733 1732 1765 Fabrum

1034 1783 1068 1814 in
1085 1783 1241 1822 Agonist.
1269 1791 1310 1814 11.
1327 1785 1380 1814 15.
1412 1783 1519 1814 Polit.
1531 1783 1661 1814 Miscel.
1677 1786 1731 1815 60.

1036 1834 1183 1865 Casaub.
1214 1834 1256 1864 ad
1279 1833 1484 1864 Athenaeum
1507 1833 1565 1864 lib.
1588 1841 1664 1864 xlv.
1677 1835 1733 1864 22.

1036 1883 1145 1913 Tanta
1156 1892 1235 1914 vero
1247 1883 1444 1923 superstitio
1457 1883 1631 1923 gentilium
1644 1887 1732 1923 erat,

1037 1938 1156 1964 utnon
1170 1937 1301 1964 tantum
1312 1932 1479 1972 egregias,
1489 1933 1560 1963 sive
1573 1937 1646 1964 toto
1657 1942 1731 1973 gre-

1038 1992 1079 2023 ge
1097 1983 1257 2023 selectas,
1271 1981 1371 2023 (quas
1384 1982 1480 2012 Suet.
1490 1983 1500 2000 ‘
1513 1982 1732 2022 excogitatis-

1030 2033 1131 2063 simas
1143 2032 1152 2045 '
1175 2032 1342 2070 nominat,
1358 2031 1457 2062 Philo
1478 2030 1668 2071 ὁλοκλήρους
1682 2031 1734 2062 καὶ

1030 2083 1207 2121 παντελεῖς,
1230 2086 1266 2112 et
1281 2081 1339 2122 qui
1356 2089 1412 2111 eas
1428 2081 1657 2121 inspectabat,
1670 2092 1731 2119 μω-

1029 2131 1199 2171 μοσκόπον,
1215 2131 1275 2162 lib.
1294 2130 1336 2161 de
1352 2130 1574 2171 Agricultura
1590 2141 1623 2171 p.
1639 2130 1731 2171 160.)

1030 2181 1214 2220 offerrent;
1249 2180 1310 2212 sed
1340 2184 1376 2211 et
1405 2181 1543 2212 nomina
1572 2181 1730 2213 victimas

1033 2232 1230 2264 ducentium
1243 2240 1405 2272 prospere
1414 2230 1628 2271 legerent‚ut
1639 2231 1732 2262 Plin-

1033 2285 1087 2313 28.
1104 2282 1254 2323 loquitur
1268 2291 1276 2311 ε
1300 2290 1368 2322 qua
1384 2279 1426 2311 de
1442 2289 1478 2310 re
1492 2279 1566 2312 Jos,
1580 2280 1733 2321 Scaliger

1033 2332 1067 2363 in
1086 2332 1286 2372 Conjectau.
1303 2333 1357 2362 83.

1077 2384 1117 2412 10
1136 2383 1272 2421 Totaque
1284 2380 1481 2411 thuricremis
1491 2380 1653 2412 Panchaia
1665 2381 1731 2421 spi-

1031 2435 1084 2461 rat
1096 2431 1129 2462 in
1145 2431 1227 2471 aris]
1241 2430 1339 2470 Virg.
1353 2438 1393 2461 11.
1407 2430 1534 2470 Georg.
1551 2431 1560 2448 ‘
1573 2430 1730 2471 Totaque

1030 2480 1203 2511 thuriferis
1219 2479 1394 2511 Panchaia
1409 2479 1505 2510 dives
1522 2479 1659 2511 arenis.'

1088 2532 1126 2560 ll
1163 2530 1292 2561 Venales
1331 2532 1452 2559 emtum
1488 2527 1589 2568 Deos]
1635 2529 1730 2561 Scite

1031 2578 1151 2619 Chrys.
1169 2579 1271 2610 Hom.
1288 2580 1340 2608 17.
1356 2577 1388 2607 in
1406 2577 1531 2608 Mattli.
1550 2586 1582 2616 p.
1600 2579 1673 2609 178.
1688 2578 1727 2608 τὸ

1029 2627 1118 2670 κνίσῃ
1133 2626 1349 2668 θεραπεύεσθαι
1369 2624 1487 2665 σφόδρα
1511 2624 1632 2665 ἀνάξιον
1648 2628 1730 2668 θεοῦ,

1029 2678 1132 2718 ὥσπερ
1154 2677 1205 2709 καὶ
1218 2676 1257 2707 τὸ
1271 2674 1431 2716 ψελλίζειν
1454 2674 1578 2714 ἀνάξιον
1599 2677 1728 2716 φιλοσό-

1028 2735 1100 2769 φου.
1143 2730 1251 2760 Clem.
1264 2728 1363 2759 Alex.
1377 2727 1501 2758 strom.
1513 2735 1578 2758 vn.
1594 2730 1670 2760 515.
1683 2739 1727 2760 ex

1029 2780 1241 2811 Pherecrate
1254 2778 1287 2809 in
1298 2778 1386 2808 huuc
1403 2786 1537 2809 sensum
1549 2778 1655 2810 multa
1669 2780 1727 2811 ad-

1031 2829 1140 2871 ducit,
1155 2834 1191 2861 et
1205 2838 1264 2860 sua
1280 2826 1492 2868 superaddit.
