1889 3194
279 307 364 348 600

280 410 388 442 ventis
418 412 592 455 principis,
620 418 658 446 ut
687 418 863 455 spectator
897 415 971 455 ipse

279 460 439 492 videlicet
452 472 584 494 suarum
610 463 709 496 fieret
729 465 970 506 exequiarum3

278 510 337 541 sed
356 520 437 542 vero
461 513 670 545 tantumdem
694 525 766 545 esse
789 524 829 545 ac
848 515 874 545 si
897 513 970 544 dix-

277 560 378 592 isset:
404 563 463 593 ‘ut
489 563 573 595 vidit
598 563 744 596 cadaver
760 564 878 596 suum.’
900 564 970 595 Ad-

279 619 365 642 verS.
388 620 454 643 vu.
471 615 501 643 1.

320 661 337 700 ς
356 663 394 691 17
420 661 563 693 Maxime
583 664 663 702 quod
678 663 711 694 in
726 664 790 694 suis
805 664 904 694 indies
918 665 970 695 de·

266 710 448 751 ficientibus
468 712 615 754 auxiliis]
639 714 699 744 Est
715 713 887 745 abundans
911 723 968 753 po-

274 760 374 791 situm
390 759 427 790 τὸ
437 761 480 799 in,
493 766 530 792 ut
544 763 632 801 apud
644 763 756 803 plnres
770 762 964 802 scriptores.

273 810 498 841 Tertullianus
508 810 550 841 de
564 811 702 843 Testim.
716 812 826 843 Auim.
838 820 870 843 v.
883 813 892 829 ‘
903 811 964 844 Ju-

275 861 380 901 daeos,
396 860 430 890 in
456 870 597 901 quorum
619 862 766 893 oleastro
791 861 883 892 insiti
909 871 963 892 su-

272 910 370 942 mus.'
412 910 557 951 Septim.
586 921 636 943 lv.
682 914 692 930 ‘
707 912 849 943 Interim
881 912 963 943 Tro-

266 960 340 1000 jani
385 960 605 992 vehementer
643 971 783 1002 pavere,
819 962 963 993 maxime

270 1009 357 1051 qnod
372 1009 404 1040 in
420 1008 486 1039 suis
497 1009 603 1040 indies
615 1010 852 1042 deficientibus
869 1011 961 1042 auxi-

269 1060 322 1091 liis
347 1068 453 1090 novus
480 1058 640 1092 adversus
662 1069 697 1092 se
714 1060 810 1092 miles
826 1069 962 1102 parare·

450 319 593 352 NOTAE
626 320 892 352 VARIORUM
924 321 976 352 ΙΝ
1010 321 1203 352 DICTYM
1235 320 1548 352 CRETENSEM.

1025 414 1104 446 tur.’
1148 414 1298 455 optatus
1314 414 1399 446 Afer
1415 423 1450 446 v.
1472 415 1483 433 ⁴
1498 413 1717 447 Insectamini

1024 466 1058 496 in
1084 473 1244 504 personas
1255 464 1447 496 hominnm.’
1488 464 1586 505 Vir-g.
1598 464 1672 497 Ecl.
1684 467 1717 496 7.

1023 515 1032 531 ⁴
1046 514 1117 545 Hos
1140 514 1312 555 Corydon,
1339 514 1413 545 illos
1425 512 1599 545 referebat
1613 514 1648 545 in
1662 523 1715 546 οι·-

1024 564 1102 594 dine
1129 563 1287 603 Thyrsis!
1330 563 1396 594 His
1409 563 1491 594 locis
1507 568 1663 604 superest
1676 572 1716 595 ea

1024 613 1154 653 vocula,
1179 613 1250 644 aliis
1272 612 1388 644 deesse
1411 616 1537 654 potest.
1581 612 1717 644 Vitruv-

1023 671 1105 693 νιιι.
1115 665 1165 694 13.
1182 661 1192 679 ‘
1206 662 1306 695 Quod
1321 662 1444 702 legitur
1458 662 1571 694 Ponto
1584 666 1620 693 et
1632 660 1716 692 Asia

1023 717 1075 743 est
1086 712 1217 744 atrum)
1261 712 1331 743 Par
1345 716 1396 742 est
1411 712 1499 753 quod
1514 711 1604 743 idem
1619 710 1715 752 Apu-

1022 762 1106 793 leius
1128 762 1208 793 alibi
1234 762 1328 798 dicit,
1359 761 1417 793 ‘iu
1448 762 1554 794 verba
1581 760 1714 797 fidere:

1020 821 1054 852 p.
1074 814 1146 843 139.
1191 812 1370 844 Quomodo
1387 812 1511 852 legitur
1525 811 1614 852 apud
1632 810 1715 842 Hie·

1017 869 1192 902 ronymum
1217 861 1258 892 ad
1287 862 1521 893 Sabinianum:
1544 861 1713 902 ‘Angelo-

1018 919 1091 941 rum
1115 910 1262 951 strepitu
1283 910 1431 952 desuper
1456 911 1654 943 concinente
1675 911 1710 942 in

1017 961 1137 993 eadem
1148 961 1251 993 verba
1260 961 1418 994 testaris)
1427 961 1572 994 Advers.
1583 969 1711 993 xxxiv.

1016 1013 1067 1041 15.
