1889 3194
342 307 426 348 (308

343 410 546 441 Thessandri
562 410 726 450 meminit,
742 410 820 451 qnia
836 410 868 441 in
885 410 958 450 ipsa
981 419 1038 440 ex-

344 461 514 500 peditione
539 461 670 491 occisus
691 464 869 500 antequam
892 459 934 490 ad
957 459 1037 489 Tro·

338 510 411 550 jam
429 510 624 548 veniretur-3
651 519 712 540 nec
725 510 894 540 Thebanae
909 508 1037 547 classis,

343 560 423 600 quia
446 560 626 590 Veteribus
652 559 778 590 Thebae
802 568 899 599 aeque
916 567 955 588 ac
973 557 1036 588 Co-

343 610 472 640 rinthus
497 609 634 650 'l‘rojani
657 609 734 639 belli
760 612 912 639 exsortes
935 607 1036 637 lrabe-

344 658 479 689 bantur.
533 658 738 689 Scholiastes
777 656 1008 696 Lycophronis
1026 666 1034 686 :

342 708 455 746 Λοιμοῦ
461 706 675 747 κατασχόντος
681 706 740 743 τὴν
746 704 893 743 Ἐλλάδα,
902 704 1037 745 ἔχρησεν

342 759 359 789 ὃ
372 757 459 798 Θεὸς,
485 757 526 788 τὰ
545 759 602 788 τοῦ
613 756 764 797 *Έκτορος
779 755 860 787 ὀστᾶ
869 755 989 794 κείμενα
1003 756 1037 786 ἐν

342 808 461 847 ὂφρυνῷ
472 807 557 846 τόπῳ
572 808 629 843 τῆς
642 805 751 846 Τροΐας
765 807 966 844 μετενεγκεῖν
986 804 1037 835 ἐπί

340 869 409 889 τινα
417 855 680 893 πόλινἜλληνίδα
688 856 721 886 ἐν
726 856 800 896 τιμῇ
808 855 851 893 μὴ
859 856 1035 894 μετασχοῦ-

342 917 402 937 σαν
415 908 472 943 τῆς
488 905 537 936 ἐπὶ
545 905 643 935 Ἴλιον
663 903 836 944 στρατείας.
859 904 889 935 οἱ
909 903 942 934 δὲ
958 904 1036 934 *Ἐλ-

341 963 435 993 ληνες
453 955 591 996 εὑρόντες
613 955 686 986 τοὺς
711 956 744 986 ἐν
758 954 904 986 Βοιωτίας
918 953 1037 991 Θήβαις

341 1007 383 1045 μὴ
404 1005 686 1047 στρατευσαμένους
702 1005 752 1036 ἐπὶ
761 1005 872 1045 Ἴλιον,
893 1003 1035 1043 ἐνεγκόν-

341 1069 394 1089 τες
407 1057 447 1088 τὰ
457 1058 513 1088 τοῦ
523 1057 618 1095 ἥρωος
633 1056 764 1096 λείψανα
776 1054 879 1086 ἔθεντο
894 1054 963 1095 περὶ
977 1054 1037 1092 τὴν

342 1106 543 1138 Οἰδαποδείαν
557 1105 679 1146 κρήνην.
707 1107 762 1137 De
780 1106 935 1136 Cadmeis
949 1104 1034 1135 haud

341 1157 443 1188 dubie
460 1155 714 1196 intelligendum
729 1155 792 1186 hoc
808 1159 860 1195 est
871 1155 1037 1196 quiTlies-

343 1206 465 1238 sandro
495 1205 680 1236 interfecto
715 1202 847 1235 Thebas
876 1204 1036 1244 remigra-

342 1262 434 1289 runt.
446 1257 525 1288 vid.
537 1256 705 1288 Diodorus
717 1255 818 1287 Sicul.
828 1255 973 1286 Bibl.1v.
982 1257 1035 1286 68.

340 1312 377 1338 et
392 1310 444 1338 69.

386 1357 494 1396 Neque
516 1356 631 1396 pretio,
652 1364 746 1395 neque
760 1354 886 1394 gralia]
909 1354 1035 1386 Sallus-

342 1406 408 1437 tius
433 1407 509 1437 Cat.
533 1408 587 1437 49.
611 1406 620 1422 ‘
639 1405 707 1436 Sed
731 1405 850 1435 iisdem
876 1405 1034 1445 tempori-

340 1456 404 1487 bus
420 1448 613 1488 Q.Catu'lus
625 1460 660 1485 et
670 1455 731 1485 Cn.
743 1454 822 1484 Piso
835 1463 944 1494 neque
958 1463 1034 1494 pre-

341 1505 450 1545 cibus,
488 1514 598 1544 neque
634 1504 754 1544 gratia,
783 1513 892 1545 neque
921 1505 1034 1544 pretio

342 1555 539 1586 Ciceronem
570 1555 743 1594 impellere
774 1553 940 1594 potuere,’
970 1555 1034 1585 διο.

342 1609 518 1642 utrumque
534 1612 576 1633 ex
595 1604 630 1633 L.
648 1602 746 1633 Attio
773 1608 956 1642 sumptum,
979 1603 1034 1644 qui

342 1654 430 1694 apud
461 1653 662 1683 Diomedem
701 1662 725 1684 1.
765 1652 806 1683 de
833 1652 1006 1684 Anomalis
1023 1664 1031 1685 :

343 1705 353 1721 ⁴
367 1704 456 1734 Nam
471 1711 581 1742 neque
597 1702 719 1741 pretio,
733 1703 857 1743 Neque
874 1703 1036 1741 amicitia,

344 1761 455 1793 neque
482 1751 513 1782 vi
540 1751 668 1792 impelli
683 1761 792 1792 neque
809 1762 911 1792 prece
929 1752 1036 1793 quitu’

343 1801 442 1832 sum.’

388 1850 532 1883 Phatidis
547 1850 744 1881 Sidoniorum
765 1851 880 1892 Regis]
900 1851 1034 1882 Merce-

343 1900 429 1931 riani
441 1900 547 1932 Codd.
563 1902 572 1917 ‘
584 1900 722 1939 Frigio‚’
738 1905 773 1930 et
785 1902 793 1917 ‘
805 1900 940 1940 Frigie‚’
954 1900 1036 1940 Arg.

341 1955 349 1967 ‘
361 1950 523 1990 Phrygii!
537 1949 717 1981 Glossema
733 1949 764 1980 id
779 1950 936 1990 puto,sed
948 1949 1035 1990 qnod

340 2000 382 2031 ad
411 2009 524 2030 veram
551 2000 730 2030 lectionem
749 2000 834 2030 viam
858 2005 1035 2031 monstrat.

341 2050 512 2089 Scriptum
543 2049 677 2080 scilicet
707 2048 841 2080 fuerat:
880 2050 889 2066 ‘
907 2050 1035 2080 Balidis

340 2100 551 2131 Sidoniorum
568 2098 680 2139 regiS‚'
695 2103 730 2129 et
748 2100 817 2130 sive
838 2100 926 2130 inter
951 2100 1035 2130 line-

341 2159 390 2187 as,
405 2149 523 2180 sivein
540 2149 688 2188 margine
704 2154 923 2180 annotatum:
947 2151 955 2166 ‘
969 2149 1035 2179 Ba-

338 2199 379 2230 lis
397 2199 469 2230 Rex
487 2197 658 2238 Phrygie,'
682 2207 749 2238 quo
775 2199 915 2234 scholio,
939 2198 1035 2229 Grae-

341 2249 390 2280 cis
411 2252 507 2279 certe
530 2247 787 2286 Glossographis
804 2257 869 2278 non
885 2247 1034 2287 incogni-

340 2303 389 2337 to,
400 2297 552 2328 Balidem
563 2296 713 2336 Phrygia
727 2297 838 2334 lingua
850 2305 963 2336 regem
976 2306 1035 2327 no-

342 2353 412 2378 tare
443 2346 708 2386 significabatur.
754 2347 922 2377 Nimirum
948 2346 1035 2377 indi-

340 2397 416 2428 dem
432 2396 565 2428 Glossae
582 2396 714 2434 author,
730 2396 819 2426 unde
843 2396 1034 2436 Hesychius

341 2447 458 2477 sumsit
470 2457 477 2477 ε
490 2445 606 2483 Βαλήν·
614 2445 771 2482 βασιλεύς.
780 2446 937 2486 Φρυγιστί.
954 2447 1034 2477 Plu-

340 2497 448 2528 tarch.
472 2497 514 2527 de
544 2497 767 2534 Fluminibus,
782 2496 839 2527 ubi
856 2496 899 2527 de
914 2495 1033 2536 Sagari

341 2546 500 2587 Phrygiae
518 2546 690 2587 loquitur:
714 2544 892 2585 παράκειται
905 2544 938 2576 δὲ
953 2545 1036 2584 αὐτῷ’

341 2596 409 2635 ὄρος
434 2596 629 2631 Βαλληναΐον
654 2594 858 2635 καλούμενον,
880 2595 953 2636 ὅπερ
968 2594 1035 2626 ἐστὶ

340 2645 654 2686 μεθερμηνενυόμενον
672 2646 847 2681 βασιλικόν.
892 2645 1035 2678 Referas

339 2697 404 2726 huc
421 2702 454 2726 et
473 2696 697 2735 Euphorionis
715 2696 953 2734 testimonium,
974 2696 1033 2726 sed

338 2746 406 2776 levi
434 2746 556 2777 mendo
582 2751 819 2787 expurgatum,
845 2745 934 2786 apud
961 2745 1034 2776 AEs-

341 2794 429 2833 chyli
453 2794 660 2826 Scholiasten
676 2796 709 2826 in
723 2796 820 2826 Pers.
834 2798 909 2826 606.
930 2794 1035 2832 βαλὴν

341 2842 358 2871 ὁ
380 2842 528 2877 βασιλεὺς
548 2842 686 2884 λέγεται.
730 2842 885 2884 Εὐφορίων
908 2842 944 2875 δέ
956 2849 1033 2884 φησι

514 318 653 348 NOTAE
688 318 949 348 VARIORUM
986 318 1032 347 ΙΝ
1072 317 1264 346 DICTYM
1298 316 1609 346 GRETENSEM.

1087 408 1221 450 Θουρίων
1235 408 1311 440 εἶναι
1320 409 1380 447 τὴν
1391 407 1564 440 διάλεκτον.
1578 418 1640 450 pro
1651 408 1783 449 Θουρίων

1088 460 1153 499 leg.
1170 458 1297 499 Θυρίων.
1334 460 1379 490 Et
1396 459 1486 499 apud
1501 458 1619 499 Tyrios
1635 458 1786 499 quidem,

1086 509 1253 544 Sidonios,
1276 513 1378 549 atque
1406 509 1439 538 iu
1466 508 1658 538 universum
1681 507 1780 538 Phoe-

1086 558 1194 596 uices,
1209 558 1357 598 itemque
1373 557 1462 598 apud
1481 557 1618 598 Poenos,
1630 561 1666 588 et
1677 556 1784 597 Phry-

1086 617 1158 647 gas,
1175 607 1365 647 promiscuo
1381 607 1414 638 in
1432 615 1506 647 usu,
1523 615 1713 647 quanquam
1726 615 1783 636 va-

1087 659 1136 689 rie
1154 657 1291 697 inflexa,
1313 657 1426 688 videas
1453 657 1586 688 nomina
1609 656 1705 692 Rani,
1722 660 1782 687 Βα-

1085 708 1159 746 λὴν,
1180 707 1322 746 Βαλλὴν,
1346 705 1451 742 Βάλις,
1469 706 1557 737 unde
1574 705 1698 737 Abibal
1715 706 1782 746 Ty-

1086 759 1208 789 riorum
1227 758 1313 798 Rex,
1330 762 1365 787 et
1382 757 1414 787 in
1432 757 1546 788 Sacris
1572 755 1708 786 Ithobal
1731 755 1784 786 Si-

1086 807 1272 846 doniorum,
1297 806 1464 838 Jezebelis
1494 810 1604 846 pater.
1649 806 1696 836 Ut
1724 814 1782 836 au-

1087 862 1155 888 tem
1179 866 1197 887 a
1219 855 1345 890 Βαλλὴν
1359 856 1563 894 Βαλληναΐος,
1585 854 1634 885 sic
1649 859 1684 885 et
1701 858 1783 885 Βαλ-

1085 905 1223 944 λώνυμος
1238 905 1327 945 apud
1348 906 1531 936 Diodorum
1549 913 1642 936 xvu.
1668 906 1723 935 46.
1747 904 1782 935 in

1087 955 1345 986 Abdolonimum
1367 965 1388 986 a
1411 955 1541 986 Latinis
1558 954 1781 995 scriptoribus

1086 1015 1279 1037 conversus.

1130 1055 1228 1093 Magn
1234 1064 1282 1084 um
1297 1057 1388 1093 atque
1403 1053 1585 1094 insperabile
1597 1054 1717 1085 cunctis
1731 1064 1781 1085 re·

1086 1106 1218 1136 medium
1239 1105 1447 1145 excogitavit]
1468 1105 1582 1146 Sprio
1599 1105 1781 1136 Africanus

1086 1155 1128 1186 ad
1152 1155 1305 1188 Quirites
1328 1155 1417 1195 apud
1443 1155 1591 1186 Gellium
1608 1156 1653 1187 N.
1670 1155 1711 1186 A.
1726 1165 1780 1187 lv.

1088 1208 1141 1236 18.
1157 1205 1303 1236 ‘Pacem
1321 1210 1355 1235 et
1365 1205 1539 1235 victoriam
1558 1205 1652 1236 vobis
1663 1205 1782 1247 peperi

1088 1254 1349 1295 insperati—ilem?

1132 1305 1211 1339 Quae
1225 1304 1256 1334 in
1272 1314 1384 1344 magno
1398 1304 1468 1335 coeli
1482 1307 1568 1336 motu
1588 1304 1667 1335 oriri
1685 1305 1782 1335 solent

1087 1354 1312 1393 consenescere]
1330 1354 1465 1386 Sallust.
1477 1353 1559 1394 Jug.
1569 1357 1621 1385 35.
1632 1356 1642 1372 ⁸
1654 1354 1783 1385 Avidus

1089 1405 1214 1437 Consul
1236 1404 1315 1435 belli
1349 1403 1506 1444 gerundi,
1529 1403 1658 1435 moveri
1680 1413 1780 1444 quam

1088 1463 1266 1484 senescere
1303 1454 1415 1484 omnia
1452 1452 1621 1485 malebat!
1683 1453 1780 1484 Idem

1087 1503 1176 1544 apud
1207 1502 1418 1533 Priscianum
1443 1510 1480 1533 x.
1509 1503 1519 1520 ‘
1537 1503 1601 1533 nisi
1628 1512 1704 1534 cum
1731 1503 1781 1533 ira

1086 1552 1166 1584 belli
1182 1551 1421 1583 desenuisset!

1129 1603 1147 1643 ς
1169 1604 1210 1632 22
1246 1602 1430 1632 Reseraeum
1462 1604 1508 1631 est
1538 1600 1659 1641 coelnm]
1697 1600 1783 1642 Arg.

1085 1653 1096 1670 ‘
1112 1658 1302 1683 serenatum
1315 1650 1337 1682 ε’
1354 1650 1442 1691 quod
1457 1660 1476 1681 a
1490 1650 1695 1682 Glossatoris
1711 1661 1781 1682 ma·

1086 1711 1130 1732 nu
1155 1707 1217 1732 est.
1266 1701 1404 1732 Luci-et.
1420 1709 1446 1731 1.
1469 1702 1478 1717 ‘
1495 1701 1569 1731 Tibi
1596 1701 1710 1732 rident
1735 1710 1780 1731 ae-

1085 1761 1191 1793 quora
1205 1751 1313 1791 ponti,
1325 1751 1571 1791 Placatumque
1584 1751 1670 1782 nitet
1682 1749 1782 1781 diffu—

1085 1812 1123 1833 so
1140 1801 1262 1832 lumine
1279 1801 1418 1831 coelum:
1444 1801 1531 1832 Nam
1549 1800 1687 1831 simulac
1703 1809 1780 1840 spe-

1086 1851 1157 1881 cies
1173 1849 1347 1890 patefacta
1364 1854 1417 1880 est
1433 1858 1536 1880 verna
1555 1848 1635 1889 diei,
1660 1850 1705 1880 Et
1729 1858 1780 1879 re-

1085 1906 1200 1931 serata
1224 1899 1315 1939 viget
1339 1898 1496 1939 genitalis
1518 1907 1600 1929 aura
1624 1898 1777 1937 Favoni,‘

1086 1953 1151 1982 &c.
1221 1950 1453 1988 Agamemnon
1484 1948 1525 1979 ad
1558 1947 1779 1979 Calchantem

1086 2000 1176 2041 apud
1195 2001 1315 2030 Senec.
1333 1999 1366 2029 in
1381 1998 1502 2028 Troad.
1527 1998 1612 2029 hanc
1632 2002 1779 2038 tempes-

1085 2055 1189 2082 tatem
1217 2054 1395 2089 spectans:
1426 2049 1436 2065 ‘
1458 2049 1509 2079 Tu
1539 2048 1596 2088 qui
1622 2048 1778 2088 Pelasgae

1085 2101 1197 2131 vincla
1214 2098 1343 2130 solvisti
1363 2097 1442 2137 rati,
1463 2098 1646 2138 Mon-nsque
1671 2096 1779 2137 bellis,

1087 2154 1159 2181 arte
1176 2150 1233 2191 qui
1249 2146 1376 2179 referas
1393 2145 1538 2178 Polum?

1352 2231 1444 2263 LIB.
1464 2230 1516 2262 11.

1129 2300 1147 2339 ξ
1162 2301 1181 2329 3
1206 2297 1339 2329 Interim
1355 2296 1541 2328 Teutranius
1554 2304 1595 2327 ex
1612 2294 1780 2327 Teutrante

1086 2352 1117 2380 et
1132 2349 1224 2387 Auge
1246 2347 1386 2388 genitus]
1408 2347 1593 2386 Postquam
1609 2345 1778 2385 Telephus

1078 2400 1150 2440 jam
1167 2409 1186 2429 a
1200 2399 1386 2430 Teutrante
1404 2398 1437 2428 in
1457 2395 1617 2427 familiam
1635 2399 1670 2426 et
1684 2404 1778 2436 spem

1086 2449 1180 2489 regni
1206 2448 1385 2488 adoptatus
1411 2446 1543 2478 suisset.
1588 2445 1778 2485 Stephanus

1085 2497 1128 2528 de
1144 2497 1296 2528 Urbibus
1311 2496 1344 2527 in
1367 2495 1594 2527 Teuthrania:
1618 2495 1636 2525 ὁ
1649 2493 1780 2535 Τεύθρας

1085 2547 1119 2579 δὲ
1142 2547 1201 2584 τὴν
1223 2545 1330 2585 Αὐγὴν
1354 2545 1462 2585 ἔγημε,
1483 2544 1534 2576 καὶ
1559 2543 1616 2575 τὸν
1637 2543 1780 2584 Τήλεφον

1086 2597 1353 2634 ἐπαιδοποιήσατο.
1389 2595 1480 2627 Add.
1497 2596 1622 2626 Strabo
1639 2603 1725 2626 xnl.

1127 2648 1216 2679 Inter
1243 2646 1362 2686 vineas]
1395 2644 1564 2676 Pindarus
1593 2644 1714 2675 Isthm.
1744 2647 1776 2675 8.

1084 2697 1127 2728 de
1145 2698 1276 2728 Achille
1290 2708 1297 2726 :
1321 2698 1339 2727 ὁ
1355 2696 1405 2728 καὶ
1425 2695 1544 2727 Μύσιον
1558 2693 1713 2734 ἀμπελόεν
1726 2694 1778 2726 Αἵ·

1082 2749 1158 2786 μαξε
1168 2746 1312 2787 Τηλέφου
1326 2746 1435 2785 μέλανι
1449 2745 1557 2785 ῥαίνων
1569 2744 1653 2785 φόνῳ
1661 2743 1777 2776 πεδίον.

1132 2797 1270 2837 Utraque
1281 2796 1362 2836 acie]
1375 2796 1429 2827 Sic
1441 2796 1523 2835 Arg.
1537 2795 1663 2826 rectius
1677 2803 1774 2835 quam

1083 2847 1171 2888 vulg.
1188 2847 1351 2888 ‘utraque
1370 2844 1483 2878 acies)
1513 2845 1617 2876 ‘Cum
1634 2848 1776 2885 utraque
