1889 3194
536 320 599 349 DE
634 318 790 349 BELLO
823 318 1050 348 't'ROJANO
1085 317 1179 348 [ΑΒ.
1214 319 1244 347 1.

1517 307 1600 348 367

151 415 393 457 Phoebeam
416 414 591 468 dignare
613 415 787 455 tubam:
818 412 1073 466 sterilisque
1094 418 1298 454 vetustas

152 483 364 532 Erubeat,
387 481 491 522 dum
515 481 632 522 culta
652 481 793 530 venis,
815 481 918 521 dum
938 480 1078 521 libera
1096 479 1285 521 frontem

152 549 313 590 Exeris
331 562 341 590 ς
373 561 427 589 en
449 561 574 590 aures
594 548 799 598 blandas,
821 560 874 588 en
893 551 1051 601 pectus
1072 547 1266 588 amicum

149 615 342 665 Mulces,
364 616 587 668 vulgarem
607 615 749 657 levius
768 627 956 669 passura
976 614 1250 655 cachinnum.

208 683 257 723 Si
278 683 445 723 nostris
466 683 526 723 nil
547 683 675 724 dulce
695 695 872 732 novum,
893 682 954 722 nil
976 682 1081 723 utile
1102 681 1260 732 visum,

1546 682 1602 723 15

151 748 286 800 Quod
304 750 438 791 teneri
458 750 634 803 pariunt
655 750 773 799 anni,
795 750 834 790 si
858 750 1023 791 saecula
1044 753 1213 790 tantum

150 814 304 857 Aurea
325 816 502 858 Saturni
522 820 774 866 memorant,
794 820 837 857 et
856 816 978 856 nulla
997 816 1184 856 recentis

152 883 310 925 Gratia
329 883 529 925 virtutis:
560 883 673 924 aude
696 887 840 924 tamen
863 882 1015 932 ardua,
1038 882 1203 935 pubes:

151 950 310 991 Mento
333 953 570 992 canescant
589 950 695 1002 alii3
725 963 805 991 nos
824 953 967 991 mente
987 963 998 991 ε
1030 949 1222 1004 capillo;

807 1081 953 1113 NOTAE

150 1153 347 1195 Sophocles.
389 1155 552 1195 πρόσωπον
599 1154 855 1194 συνεσπασμένον

152 1205 268 1236 Lae'rt.
277 1205 425 1246 συννεφὲς
437 1206 601 1246 πρόσωπον
611 1206 768 1246 Sophocl.
781 1217 853 1237 συν-

151 1254 290 1294 ηγμένον
316 1257 587 1298 Chrysostomus.
637 1257 734 1288 Idem
760 1255 853 1296 ὄφρὺς

150 1305 271 1346 φοβερὰ
280 1305 330 1337 καὶ
342 1306 453 1347 φρίκης
464 1305 616 1345 γέμουσα.
632 1307 740 1337 Clem.
752 1305 852 1336 Alex.

151 1356 220 1397 ὄψις
253 1357 425 1397 δριμυτέρα.
482 1357 623 1388 Nicetas
661 1356 853 1394 Choniates‚

152 1407 289 1446 στυγνὸς
299 1408 359 1444 τὴν
370 1407 449 1447 ὄψιν,
463 1406 614 1445 συννεφὴς
625 1405 685 1443 τὴν
696 1404 792 1445 ὀφρὺν
800 1404 851 1435 καὶ

150 1457 259 1488 ἆεῖκῶς
273 1455 534 1495 ἀποσκυζόμενος.
557 1456 650 1486 Talia
664 1461 742 1486 sunt
757 1466 765 1485 ε
778 1467 851 1485 ταυ-

149 1507 251 1548 ρωπὸν
285 1506 533 1546 ἀποβλέπεσθαι,
563 1506 677 1536 Philo.
706 1504 854 1545 ταυρηδὸν

149 1559 237 1599 ὄρᾷν,
251 1557 428 1598 Aristoph.
459 1556 557 1588 Idem
574 1560 715 1587 venuste.
732 1556 765 1587 in
783 1557 847 1597 Ly-

149 1609 287 1640 sistrate
316 1607 487 1647 τοξοποιεῖν
524 1605 581 1638 τὰς
610 1604 725 1646 ὄφρΰς;
761 1606 851 1647 quod

149 1659 345 1700 Hesychius
359 1658 501 1698 exponit
516 1656 712 1697 συστρέφειν.
735 1656 830 1687 Idem
844 1668 853 1688 :

151 1707 351 1749 κατέβλεψεν
364 1708 433 1748 ἡδὺ,
450 1707 501 1739 καὶ
515 1708 555 1739 τὰ
569 1706 697 1746 μέτωπα
717 1705 853 1738 ἆνέσπα·

151 1770 201 1791 σε.
239 1757 369 1797 μανικὸν
403 1757 454 1789 καὶ
489 1756 681 1798 τραγῳδικὸν
709 1755 852 1793 βλέπειν,

151 1808 327 1849 Aristopb.
360 1809 526 1839 τιτανῶδες
554 1806 696 1845 βλέπειν,
733 1807 853 1838 Lucia-

150 1868 215 1889 nus
240 1858 276 1889 in
289 1858 440 1889 Timone.
485 1858 601 1888 Sacrae
624 1857 724 1887 etiam
744 1857 852 1887 literae

150 1908 280 1940 Genes-
307 1911 339 1940 4.
374 1909 460 1940 Cain
491 1906 666 1944 συνέστησε
690 1906 852 1947 προσώπῳ·

152 1963 190 1990 et
206 1957 344 1999 deinde,
366 1958 418 1990 ἵνα
438 1970 470 1989 τι
493 1957 644 1989 συνέπεσε
673 1956 712 1988 τὸ
736 1956 855 1998 πρόσω-

151 2007 212 2039 πόν
247 2019 316 2038 σου.
374 2007 518 2047 Amphis
554 2008 730 2048 eleganter
765 2006 856 2046 apud

154 2057 271 2089 Laert.
315 2058 370 2089 Ὦς
395 2057 484 2089 οὐδὲν
506 2056 595 2089 οἶσθα
615 2057 700 2093 πλὴν
721 2059 856 2097 σκυθρω-

153 2105 267 2146 πάζειν
289 2106 393 2148 μόνον,
414 2107 549 2148 ‘'no-rep,
571 2106 704 2146 κοχλίας
726 2109 856 2145 σεμνῶς,

155 2156 292 2196 ἐπηρκὼς
314 2157 371 2189 τὰς
394 2157 498 2198 ὀφρῦς.
541 2157 689 2197 Elegaus
713 2161 750 2188 et
775 2156 856 2187 illud

157 2207 325 2238 Demetrii
371 2207 531 2238 Phalerei
574 2206 664 2246 apud
710 2206 857 2245 Diogen.

157 2256 273 2288 Lae'rt.
298 2266 331 2287 v.
355 2256 449 2295 ἔλεγε
471 2256 513 2294 μὴ
534 2255 639 2296 μικρὸν
664 2255 739 2286 εἶναι
765 2255 858 2295 μέρος

156 2306 212 2338 τὰς
228 2305 334 2346 ὀφρῦς.
349 2306 414 2346 ὅλῳ
434 2307 512 2345 γοῦν
528 2307 731 2343 ἐπισκοτῆσαι
746 2306 856 2337 δύνασ-

157 2359 206 2386 θαι
218 2357 263 2395 τῷ
277 2356 347 2394 βίῳ.

203 2409 240 2436 15
265 2406 306 2437 Si
329 2405 445 2437 nostris
468 2406 513 2436 m'l
534 2406 621 2436 dulce
642 2415 765 2445 novum,
787 2405 858 2445 ᾃο]

158 2455 264 2487 Arist.
284 2464 351 2487 vn.
369 2456 481 2487 Ethic.
497 2464 572 2495 cap.
586 2455 648 2486 ult.
671 2454 727 2493 ἡδὺ
741 2454 858 2492 νεότης.

156 2507 299 2540 Juvenis
316 2517 396 2538 vero
421 2507 495 2538 haec
518 2506 678 2546 scripsit;
701 2506 789 2547 quod
806 2516 856 2538 se·

158 2557 301 2597 quentia
349 2561 507 2597 arguunt.
567 2557 747 2592 Pindarus,
784 2555 862 2587 αἰνεῖ

159 2607 295 2639 παλαιὸν
309 2606 365 2646 μὲν
380 2606 473 2647 οἶνον,
487 2606 579 2639 ἄνθεα
591 2608 617 2639 δ’
637 2607 736 2645 ὕμνων
750 2606 860 2637 νεωτέ-

157 2668 228 2698 ρων.
271 2658 415 2689 Homeri
443 2658 578 2698 gemina
599 2657 707 2697 ’γνώμη
731 2657 857 2696 odyss.

157 2713 193 2740 Α.
219 2714 300 2740 nota
323 2713 385 2739 est.
430 2709 618 2749 Eleganter
639 2708 681 2739 de
705 2707 859 2738 novitate

159 2758 381 2790 Cassiodorus
400 2759 579 2789 Variarum
602 2767 660 2789 ιιι.
675 2760 726 2788 21.
772 2756 859 2787 Mihi

158 2809 192 2839 in
215 2808 331 2839 saeculi
353 2808 402 2839 sni
428 2808 581 2839 barbarie
603 2807 645 2838 ad
665 2812 859 2838 renovatam

162 2857 339 2889 Poeticain
373 2858 544 2899 respicere
574 2857 731 2888 videtur:
762 2861 797 2888 ut
824 2860 859 2888 et

907 1155 1103 1187 Guntherus
1122 1153 1310 1195 σόγχρονος,
1328 1155 1361 1186 ni
1378 1153 1489 1191 fallor,
1515 1156 1605 1187 illius

905 1206 963 1238 lib.
980 1215 1016 1238 x.
1038 1207 1048 1224 ⁴
1062 1206 1151 1247 quod
1163 1207 1235 1246 jam
1253 1215 1313 1247 per
1329 1206 1438 1237 multa
1458 1207 1606 1238 latentes

905 1257 1123 1293 Saecula‚nec
1135 1256 1257 1288 clausis
1274 1257 1409 1297 aperire
1426 1257 1606 1297 penatibus

906 1315 1000 1336 ausas
1028 1305 1186 1336 Pieridas
1217 1306 1357 1344 vulgare
1388 1315 1492 1345 paro:
1526 1306 1609 1346 pris-

905 1365 1050 1396 cumque
1079 1356 1224 1386 nitorem
1256 1355 1414 1387 Reddere
1451 1356 1607 1387 carmini-

905 1404 989 1436 bus.’

949 1458 991 1486 19
1013 1456 1124 1486 Mento
1138 1459 1300 1486 canescant
1321 1454 1398 1491 alii;
1420 1464 1475 1485 nos
1496 1459 1610 1493 mente,

905 1505 975 1546 ξω]
998 1506 1125 1536 Versus
1155 1510 1234 1536 sunt
1272 1515 1291 1535 a
1320 1505 1435 1536 multis
1466 1505 1608 1544 laudati,

906 1556 1027 1595 quibus
1045 1560 1157 1586 tamen
1173 1554 1316 1595 Josephi
1331 1563 1453 1586 nomen
1470 1563 1536 1586 non
1558 1555 1608 1586 in-

906 1609 1076 1636 notuerat.
1120 1606 1173 1636 De
1197 1604 1370 1636 sententia
1391 1604 1468 1635 vide
1485 1605 1610 1636 Casau·

906 1655 1029 1686 bonum
1047 1655 1089 1686 ad
1106 1654 1187 1687 illud
1209 1655 1319 1686 Persii
1335 1664 1386 1685 xv.
1404 1655 1413 1672 ‘
1425 1660 1505 1686 ante
1523 1655 1608 1695 pilos

907 1706 1077 1745 sapientia
1094 1705 1123 1744 ς’
1165 1704 1432 1737 Rittershusium
1470 1705 1513 1736 ad
1547 1705 1607 1736 illa

907 1755 1088 1794 Guntheri‚
1101 1759 1109 1772 ‘
1122 1755 1242 1786 Mente
1253 1759 1480 1794 senex,aetate
1489 1764 1576 1796 puer
1586 1757 1607 1786 τ’

906 1814 1002 1846 aquo
1015 1805 1133 1836 sumsit
1147 1805 1383 1836 Taubmannus
1398 1810 1525 1836 noster.
1544 1806 1610 1836 Mi-

906 1855 941 1886 hi
958 1861 1084 1896 praeter
1100 1855 1165 1887 ista
1179 1855 1284 1887 etiam
1306 1856 1378 1887 haec
1398 1860 1513 1887 notata
1530 1860 1611 1887 sunt

907 1905 1040 1947 gemina
1055 1910 1090 1936 et
1107 1915 1276 1946 germana.
1309 1905 1520 1936 Menander:
1538 1906 1610 1943 Οὐχ

910 1956 942 1988 αἶ
949 1955 1057 1997 τρίχες
1067 1956 1206 1987 ποιοῦσιν
1215 1955 1246 1986 αἱ
1255 1955 1362 1986 λευκαὶ
1373 1956 1508 1995 φρονεῖν,
1521 1955 1610 1986 Ἀλλ’

909 2007 926 2037 ὁ
949 2005 1061 2045 τρόπος
1089 2005 1178 2036 ἐνίων
1204 2005 1272 2037 ἐστὶ
1297 2006 1342 2046 τῇ
1380 2005 1473 2046 φύσει
1499 2005 1610 2046 γέρων,

911 2056 1014 2088 Pind.
1032 2056 1135 2097 Pyth.
1151 2065 1201 2088 lv.
1226 2057 1259 2087 ἐν
1273 2055 1361 2087 παισὶ
1377 2054 1455 2097 νέος,
1478 2055 1512 2086 ἐν
1537 2058 1610 2091 βου-

912 2109 982 2139 λαῖς
997 2107 1144 2147 πρέσβυς.
1168 2107 1329 2138 Nazianz.
1341 2107 1442 2137 Orat.
1455 2115 1519 2137 xx.
1533 2108 1609 2137 332.

912 2158 953 2188 de
976 2157 1120 2188 Basilio:
1155 2156 1202 2188 τίς
1233 2156 1314 2187 οὕτω
1335 2155 1447 2187 πολιὸς
1472 2157 1530 2192 τὴν
1553 2154 1611 2194 μὲν

910 2206 1048 2242 σύνεσιν,
1087 2206 1138 2237 καὶ
1165 2205 1225 2246 πρὸ
1254 2207 1312 2243 τῆς
1340 2207 1476 2244 πολιᾶς;
1512 2205 1610 2237 Idem

911 2257 1010 2288 Orat.
1024 2266 1060 2287 x.
1078 2259 1151 2287 161.
1175 2256 1305 2295 σώματα
1324 2257 1426 2296 χρόνῳ
1447 2255 1611 2296 κέκμηκεν,

911 2307 943 2338 αἱ
970 2306 1067 2347 ψυχαὶ
1091 2305 1123 2337 δὲ
1153 2307 1212 2345 θεῷ
1236 2305 1391 2346 νεάζουσι.
1436 2306 1533 2337 Idem
1563 2306 1612 2336 ait

911 2357 976 2396 Ep.
993 2359 1046 2387 77.
1091 2355 1323 2396 Hieronymus
1346 2357 1410 2396 Ep.
1434 2358 1486 2386 13.
1509 2356 1518 2372 ‘
1538 2355 1612 2386 Nec

909 2405 1110 2446 sapientiam
1136 2415 1236 2436 canos
1254 2409 1404 2445 reputes,
1422 2404 1482 2435 sed
1508 2413 1612 2434 canos

910 2452 1136 2494 sapientiam!
1177 2455 1270 2485 Plut.
1287 2455 1320 2484 in
1334 2455 1460 2493 παιδαγ.
1483 2452 1574 2492 μόνος
1597 2454 1613 2484 ὁ

910 2506 979 2536 νοῦς
992 2504 1218 2543 παλαιούμενος
1233 2504 1345 2546 ἀνηβᾷ.
1381 2503 1528 2535 Basilius
1556 2503 1614 2534 Se·

910 2555 1090 2587 leuciensis
1122 2555 1221 2586 Orat.
1248 2563 1273 2586 1.
1298 2554 1341 2585 de
1374 2553 1525 2593 Davide‚
1548 2552 1614 2584 ὄλι-

908 2616 966 2644 -γος
1001 2604 1059 2636 τὸν
1092 2604 1216 2645 χρόνον,
1263 2604 1362 2636 πολὺς
1396 2602 1430 2635 δὲ
1467 2603 1613 2635 διάνοιαν.

908 2655 1140 2695 Chrysostomi
1170 2663 1308 2685 aureum
1339 2663 1376 2685 os
1401 2653 1444 2684 de
1467 2653 1606 2684 eodem:

910 2704 978 2736 νέος
998 2704 1055 2743 μὲν
1076 2703 1115 2742 ἦν
1133 2703 1249 2746 ἡλικίᾳ,
1271 2703 1496 2743 παλαιούμενος
1516 2703 1550 2734 δὲ
1571 2697 1615 2744 τῇ

908 2755 1036 2796 διανοίᾳ.
1081 2755 1172 2786 Psal.
1186 2757 1238 2785 50.
1254 2759 1396 2795 postea:
1420 2755 1492 2786 οὔτε
1512 2753 1572 2795 ’γὰρ
1593 2754 1614 2790 ἦ

909 2804 1004 2836 πολιὰ
1019 2804 1123 2845 ἀρετὴ,
1137 2804 1208 2835 οὔτε
1223 2803 1243 2841 ἦ
1260 2804 1368 2842 νεότης
1390 2803 1492 2836 κακία·
1517 2803 1613 2835 πολιὰ

909 2854 970 2896 γὰρ
985 2855 1020 2886 οὐ
1034 2854 1140 2896 τρίχες
1155 2854 1276 2897 λευκαὶ,
1291 2854 1377 2887 ἀλλὰ
1390 2855 1492 2895 ψυχῆς
1507 2854 1613 2895 ἀρετή.
