1889 3194
548 369 611 399 DE
645 368 801 399 BELLo
834 367 1061 398 TROJANO
1097 367 1188 397 mn.
1222 368 1295 398 111.
1552 355 1635 396 443

193 461 332 504 Arma
350 463 522 512 animis,
543 464 764 517 mentique
785 463 990 517 frequens
1010 462 1202 503 illabitur
1217 460 1352 515 Argo,

196 530 545 584 Laomedonque
559 531 732 584 jacens,
748 533 792 571 et
811 531 962 571 inultae
982 529 1172 570 dedecus
1188 529 1327 569 urbis.

195 596 569 651 Conclamantque
590 598 758 639 iterum.
817 596 1020 647 Quonam
1041 609 1198 650 usque,
1220 609 1246 636 o
1261 595 1400 637 libera
1420 594 1560 648 pubes

195 663 418 704 Dardanio
438 668 625 717 cognata
643 664 673 705 J
677 664 766 712 ovi,
788 664 1004 717 patiemur
1023 663 1209 704 inultum
1579 659 1637 700 80

193 729 280 771 Tot
292 729 477 783 jugulos
497 731 696 772 rubuisse
717 731 902 771 senum?
933 734 999 771 tot
1017 729 1136 771 colla
1157 732 1383 782 parentum

193 797 359 849 Argiva
377 801 551 838 nutasse
572 799 736 839 manu?
768 810 854 838 non
874 797 1013 850 impia
1034 797 1184 837 sanxit

195 861 407 916 Atropos,
429 863 515 904 hoc
536 864 668 905 etiarn
691 864 857 905 nostris
877 863 1128 904 incumbere
1150 862 1269 910 fatis,

194 929 391 971 Ultorem
407 943 494 970 non
515 943 645 983 posse
665 930 775 972 dari.
824 930 873 970 Si
889 930 1080 971 numinis
1101 930 1213 971 iram

192 996 328 1051 Troja
343 1009 513 1037 merens
534 998 688 1047 sensit,
709 1010 890 1050 poenam
911 1009 1087 1050 quoque
1103 996 1255 1050 judice
1276 995 1449 1041 Phoebo
1582 993 1639 1035 85

194 1063 307 1104 Dira
324 1063 557 1117 Myceneae
579 1064 744 1105 debent
765 1064 970 1105 convivia
989 1076 1167 1104 mensae.

197 1130 264 1171 Ite
287 1130 438 1180 duces,
455 1130 610 1171 Venus
629 1130 743 1181 haec,
758 1131 853 1171 haec
876 1131 1038 1172 certior
1057 1142 1192 1183 augur
1214 1128 1383 1183 Apollo

196 1197 324 1238 Bella
334 1197 473 1251 jubet,
493 1197 764 1251 fratrumque
782 1198 1002 1238 exhausta
1022 1197 1217 1238 funditus
1237 1197 1345 1237 urbe

198 1264 356 1305 Poscit
369 1264 605 1305 inoffensos
625 1264 821 1317 Phrygio
836 1264 1024 1304 ductore
1041 1266 1225 1304 meatus.

195 1331 325 1372 Unde
346 1335 503 1381 metus,
525 1336 669 1372 metus
689 1331 817 1381 unde,
839 1330 955 1371 viri?
986 1330 1212 1371 concessit
1230 1329 1273 1370 in
1294 1329 1414 1381 ignes
1585 1327 1641 1367 90

195 1398 382 1439 Indutus
398 1398 591 1439 Nessum
611 1397 884 1451 Tirynthius,
906 1409 1010 1438 ecce
1027 1396 1198 1437 timoris

195 1465 343 1506 Causa
362 1465 480 1519 prior
495 1465 635 1506 cessit
652 1478 664 1516 3
686 1464 828 1517 spirat
844 1476 925 1517 par
950 1462 1166 1503 Herculis
1189 1461 1385 1503 Hector:

194 1532 311 1573 Ecce
333 1532 504 1573 animos
527 1545 632 1584 gens
651 1536 802 1572 nostra
822 1530 959 1571 dabit.
1016 1529 1067 1570 Si
1087 1529 1228 1582 prima
1243 1527 1443 1580 Pelasgis

198 1599 387 1650 Laurea,
407 1599 473 1640 fas
494 1598 740 1652 Phrygibus
761 1597 959 1651 palmam
975 1608 1152 1649 sperare
1175 1594 1432 1645 secundam,

195 1666 254 1707 Et
269 1670 444 1707 nostros
462 1666 644 1706 rediisse
674 1665 801 1705 Deos
822 1678 832 1705 :
862 1676 947 1705 vos
966 1663 1134 1717 inclyta
1149 1662 1311 1703 saltem
1586 1659 1644 1697 95

197 1733 404 1785 Pignora,
426 1745 641 1774 caesorum
653 1731 830 1785 jugulos
851 1731 998 1783 lugete
1017 1735 1275 1783 parentum:

194 1799 307 1849 Vos,
323 1799 482 1854 quibus
502 1799 681 1839 uberior
700 1798 922 1851 lacrymas
944 1796 1103 1850 injuria
1124 1795 1277 1843 nectit,

194 1865 291 1906 Vos
312 1867 458 1919 pietas
479 1870 650 1906 armata
670 1868 812 1906 vocat.
874 1863 950 1905 Sic
971 1876 1082 1905 voce
1111 1865 1361 1916 precantur,

196 1932 518 1985 Intenduntque
535 1944 716 1973 manus:
747 1944 889 1984 aegras
912 1943 1014 1972 cum
1036 1929 1238 1971 Panthus
1261 1928 1306 1968 in
1329 1939 1459 1968 aures

200 1999 382 2040 Priscos
402 1998 592 2039 fatorum
613 1998 804 2039 monitus
826 1998 947 2046 serit,
970 2001 1014 2038 et
1033 1996 1152 2050 quod
1176 1996 1234 2036 ab
1253 1994 1364 2048 ipsis
1562 1991 1647 2030 100

200 2062 398 2106 Extorsit
418 2064 587 2116 genitor
607 2065 752 2119 adytis
774 2064 1060 2118 Euphorbius
1081 2062 1233 2112 index,

206 2131 261 2172 In
280 2131 468 2171 medium
491 2131 647 2184 pandit
661 2132 812 2186 proles
832 2145 841 2170 ε
874 2131 1077 2184 Lapsura
1093 2129 1175 2170 sub
1198 2127 1332 2169 armis

206 2198 433 2250 Pergama,
454 2199 492 2238 si
512 2198 729 2251 Phrygias
751 2198 928 2239 Helene
950 2195 1222 2238 conscendat
1241 2195 1286 2234 in
1301 2194 1451 2233 urbes.

256 2263 347 2305 His
361 2264 457 2318 jam
472 2264 592 2304 facta
612 2264 723 2305 fides
740 2264 943 2314 ducibus,
965 2263 1179 2315 vulgique
1197 2259 1416 2302 tumultus

203 2332 416 2373 Flectitur
437 2343 447 2372 z
484 2344 512 2371 o
534 2336 695 2384 quanto
711 2331 871 2385 priscis
884 2342 1002 2371 nova
1021 2329 1196 2370 mollius
1216 2325 1388 2378 urgent!
1563 2323 1647 2362 105

175 2428 179 2430 ἡ
202 2398 312 2440 Plus
332 2397 493 2451 Superi
521 2401 726 2438 constant
747 2397 922 2438 Pantho
942 2399 1211 2437 memorante
1233 2392 1398 2440 futura,

204 2466 352 2517 Quam
372 2464 546 2506 dicente
567 2464 771 2506 Heleno:
802 2463 973 2505 Priami
995 2467 1143 2504 tamen
1157 2471 1275 2513 aegra
1297 2456 1480 2498 lacessit

851 2626 998 2660 NOTAE

243 2724 285 2752 88
311 2720 517 2760 fratrumque
527 2719 677 2751 exhausta
685 2718 834 2758 funditus
845 2727 899 2750 ur·
952 2717 1104 2757 densque
1115 2711 1257 2746 manus!

200 2772 250 2813 be]
275 2771 489 2810 Atridarum,
503 2770 677 2811 Mycenis.
996 2768 1057 2797 102
1081 2765 1222 2805 Lapsura
1235 2761 1290 2793 sub
1301 2758 1412 2799 armis]
1435 2758 1570 2799 Melius,
1584 2756 1649 2789 Ar-

244 2824 287 2852 99
309 2821 537 2861 Intenduntque
566 2820 692 2860 manus]
727 2817 829 2850 Ovid.
856 2817 899 2850 de
950 2817 1014 2858 gis,
1031 2814 1119 2857 quod
1136 2823 1194 2846 ora
1211 2812 1285 2844 libri
1299 2810 1427 2842 habuit.

206 2871 418 2912 Ajaceirato,
432 2879 514 2903 xm.
524 2869 752 2911 Metamorph.
766 2870 774 2886 ‘
784 2869 899 2901 Inten-
