1889 3194
276 339 361 380 464

276 444 472 486 Credidit
493 457 590 486 esse
612 444 767 485 Deos:
796 444 1021 497 sterilique
1042 456 1224 485 reversa
1242 444 1410 495 favore,

531 349 735 381 JOSEPHI
770 349 935 380 lscANt
973 349 1034 379 DE
1072 349 1228 379 BELLO
1261 349 1399 381 TROJ.
1431 350 1505 382 111.

1637 445 1724 488 470

275 511 378 552 Diis
397 512 528 552 urbes
549 512 687 561 auxit,
707 511 832 553 thure
857 524 971 560 aras,
993 523 1209 552 marmore
1231 512 1409 565 templa.

332 579 408 619 Sic
429 579 660 620 Britonum
680 578 867 620 ridenda
884 577 1009 627 fides,
1023 582 1065 618 et
1082 577 1286 619 credulus
1306 592 1423 620 error

275 645 484 686 Arturum
506 651 732 700 expectat,
748 645 1094 700 expectabitque
1116 658 1322 699 perenne.

924 777 1070 809 NOTAE

318 852 381 882 472
396 850 452 882 Sic
462 851 633 883 Britonum
640 852 770 884 ridenda
769 852 855 894 fides
870 856 900 884 et
907 863 974 884 cre-

275 901 364 931 dulus
373 910 470 940 error,
481 901 634 932 Arturum
644 902 801 942 expectat]
815 901 974 938 Animis,

275 949 334 979 ille
349 949 591 980 Britannorum
615 948 739 982 fabulis
759 951 974 992 πολυθρύλλη-

274 1011 341 1038 τος,
358 1000 390 1030 in
407 1000 478 1031 acie
494 1010 559 1031 non
568 1001 742 1040 cecidisse,
755 1002 814 1033 sed
826 1003 974 1034 subdux-

276 1049 344 1080 isse
360 1059 395 1080 se
412 1050 688 1090 putabatur-‚jam
705 1052 846 1093 jamque
862 1062 973 1083 rever-

277 1109 386 1131 surus.
412 1100 478 1132 Hic
491 1106 543 1132 est
559 1102 628 1140 ille,
645 1102 687 1133 de
704 1112 771 1143 quo
791 1102 975 1134 incredibi-

277 1149 320 1179 lia
335 1149 476 1190 fingunt,
492 1151 581 1191 quod
598 1150 772 1183 Malfredo
788 1152 976 1184 Monoernu-

278 1199 366 1230 tensi
392 1200 594 1233 ascribitur:
619 1201 711 1243 quod
726 1207 760 1234 et
774 1203 869 1234 Guil.
883 1204 975 1235 Neu·

278 1248 444 1289 brigensis
461 1251 630 1283 concedit.
652 1252 731 1284 Joh.
744 1253 911 1285 Lelandus
924 1258 975 1285 ta-

278 1309 353 1329 men
371 1305 491 1331 contra
505 1300 596 1333 Guil.
609 1302 771 1344 Parvum,
786 1305 857 1335 veri
872 1302 974 1335 fidem

278 1350 341 1381 illis
357 1351 490 1383 astruit.
522 1352 609 1383 Vide
626 1354 777 1385 Annales
799 1355 973 1396 Anglicos.

278 1401 440 1441 Polydor.
456 1402 552 1443 virg.
571 1411 631 1434 xv.
658 1404 887 1437 Buchananus
903 1407 976 1437 haec

279 1451 321 1482 de
337 1451 484 1483 Arturo:
512 1457 521 1470 ¹
539 1453 744 1485 Concursum
762 1461 815 1486 est
828 1455 976 1496 ingenti-

278 1500 340 1531 bus
357 1501 489 1538 animis,
514 1503 573 1533 sed
599 1504 768 1536 Modredo
786 1510 822 1536 et
848 1505 976 1536 confoe-

279 1550 407 1582 deratis
429 1552 557 1592 (Scotis
582 1557 619 1584 et
641 1552 768 1595 Pictis)
790 1554 856 1585 duo
880 1554 976 1586 fuere

280 1600 417 1641 auxilio,
433 1601 527 1631 locus
544 1601 576 1631 in
593 1602 705 1632 medio
722 1603 885 1644 paluster,
900 1603 978 1634 Bri-

280 1649 392 1679 tannis
417 1649 561 1681 transitu
588 1650 744 1691 difficilis,
772 1657 808 1683 et
838 1653 871 1683 in
901 1653 975 1693 ipso

280 1707 404 1738 pugnae
434 1698 556 1730 ardore
579 1700 793 1741 subornatus,
819 1702 875 1743 qui
901 1703 976 1734 Bri·

281 1753 380 1779 tones
402 1753 569 1788 moneret,
591 1753 628 1781 ut
652 1751 778 1781 Arturo
801 1761 902 1792 caeso,
925 1761 977 1783 re-

279 1797 341 1828 bus
362 1798 517 1838 perditis,
533 1809 599 1830 suae
616 1800 755 1842 quisque
779 1801 877 1833 saluti
899 1812 977 1833 con·

281 1848 418 1879 suleret.
441 1848 493 1879 Ea
508 1858 572 1879 vox
589 1850 622 1880 in
638 1849 751 1890 fugam
765 1851 838 1882 illos
857 1852 978 1884 vertit:

279 1906 403 1937 magna
419 1901 532 1928 tamen
549 1899 661 1930 caedes
684 1901 857 1942 utriusque
873 1902 979 1942 partis

281 1945 375 1977 facta
391 1957 399 1978 ι
435 1948 578 1979 victoria
616 1950 745 1980 neutris
779 1951 859 1982 laeta
891 1952 976 1983 fuit:

281 2005 368 2027 caeso
397 1997 440 2028 ab
471 1998 578 2029 altera
604 2004 702 2039 parte
728 2000 910 2041 Modredo,
935 2002 978 2034 ab

282 2047 391 2077 altera
404 2045 510 2078 fratre
523 2047 596 2088 ejus
610 2048 777 2088 Galvino;
802 2056 902 2091 atque
915 2051 979 2082 Ar·

280 2099 357 2127 turo
374 2096 544 2127 lethaliter
559 2099 747 2130 vulnerato.
791 2100 870 2130 Non
884 2100 979 2140 igno-

282 2155 331 2185 ro,
355 2155 431 2186 quae
455 2146 497 2177 de
524 2147 593 2178 vita
618 2153 654 2179 et
680 2153 789 2180 morte
813 2149 932 2181 Arturi
957 2161 977 2182 a

281 2195 394 2226 multis
405 2195 557 2228 fabulose
569 2197 759 2239 tradantur,
770 2198 828 2230 sed
840 2200 978 2241 indigna

281 2246 392 2277 relatu
414 2250 504 2286 sunt,
526 2250 562 2278 et
590 2247 654 2278 viri
677 2248 855 2280 clarissimi
879 2250 977 2281 rebus

281 2297 386 2335 gestis
403 2298 562 2330 tenebras
578 2298 769 2332 offundunt.
797 2302 886 2333 Nam
900 2302 978 2333 dum

282 2351 350 2377 tarn
368 2354 603 2380 asseveranter
618 2350 796 2382 mendacia
811 2350 979 2383 affirman-

282 2400 351 2435 tur,
366 2406 457 2437 saepe
474 2398 599 2429 veritas
623 2400 656 2430 in
673 2400 810 2431 dubium
828 2406 978 2433 vocatur.

282 2446 361 2477 Fuit
383 2452 479 2478 certe
501 2448 551 2479 vir
577 2459 731 2490 magnus,
757 2456 793 2483 et
817 2452 978 2492 singulari

281 2494 480 2527 fortitudine
497 2503 533 2529 et
549 2500 692 2531 caritate
706 2501 738 2531 in
754 2502 911 2541 patriam,
923 2504 978 2534 vel

282 2545 359 2576 dum
375 2556 452 2578 suos
471 2557 489 2578 a
504 2549 668 2580 servitute
690 2551 825 2591 liberat,
840 2553 895 2583 vel
908 2554 979 2584 cul-

283 2601 353 2625 tum
371 2595 434 2626 Dei
451 2597 620 2629 sincerum
637 2605 789 2639 revocat,
813 2602 866 2632 vel
883 2602 979 2633 vitia-

284 2650 355 2675 tum
369 2646 530 2678 restituit.
577 2647 663 2679 Haec
689 2658 749 2680 nos
774 2649 818 2681 de
841 2658 980 2692 genere,

327 2766 341 2781 ²
366 2763 443 2794 Tum
459 2764 482 2795 1.

325 2814 340 2833 ‘¹
365 2816 468 2857 Lego,
483 2827 697 2858 quemcumque
709 2820 861 2858 priorum.

611 2764 624 2785 ¹¹
647 2766 760 2797 Deest
773 2767 911 2809 aliquid,
925 2769 979 2799 vel
996 2768 1179 2808 legendum
1194 2770 1284 2809 quoa.

990 2826 1004 2841 θ
1026 2822 1188 2853 Pellaeum.

1027 852 1099 884 vita
1114 856 1150 884 et
1166 856 1275 884 morte
1290 851 1375 893 ejus,
1388 851 1540 892 pluribus
1561 859 1659 893 quam
1676 850 1727 882 in·

1028 902 1140 934 stituti
1158 902 1244 933 ratio
1270 901 1446 942 poscebat,
1471 910 1584 932 sumus
1609 910 1727 941 prose-

1029 953 1113 992 cuti,
1129 955 1165 983 ut
1181 952 1302 993 quibus
1317 961 1383 982 uon
1401 951 1574 982 universas
1589 949 1728 981 Britan·

1029 1012 1146 1033 norum
1164 1012 1217 1034 res
1235 1007 1345 1042 gestas
1363 1001 1556 1041 complecti,
1572 999 1632 1031 sed
1649 1009 1727 1040 par-

1029 1053 1089 1084 tim
1117 1053 1160 1084 ab
1187 1052 1364 1084 oblivionis
1395 1051 1532 1092 injuria,
1557 1051 1681 1091 partim
1707 1059 1729 1082 a

1028 1102 1191 1134 fabulosis
1217 1103 1304 1133 male
1326 1101 1528 1132 feriatorum
1554 1100 1728 1131 hominum

1028 1153 1238 1188 commentis,
1260 1161 1312 1182 res
1337 1155 1450 1192 gestas
1472 1153 1598 1182 nostrae
1616 1149 1728 1190 gentis

1027 1203 1172 1234 liberare
1197 1202 1262 1233 fuit
1284 1201 1509 1243 propositum.
1543 1200 1586 1231 In
1609 1198 1732 1231 Artui·i

1031 1263 1110 1285 vero
1128 1253 1228 1285 rebus
1246 1251 1458 1293 longiuscule
1476 1260 1589 1281 sumus
1611 1249 1729 1280 immo·

1029 1304 1108 1344 rati,
1128 1303 1217 1345 quod
1245 1302 1399 1344 plerique
1426 1310 1495 1340 eas,
1517 1300 1641 1341 partim
1669 1308 1730 1340 per

1029 1353 1188 1384 invidiam
1206 1352 1304 1383 nimis
1321 1360 1436 1392 parce,
1452 1350 1575 1390 partim
1593 1357 1654 1390 per
1672 1358 1728 1379 va-

1028 1404 1172 1435 nitatem
1187 1402 1287 1434 nimis
1304 1401 1443 1433 verbose
1458 1398 1731 1441 persequantur!

1030 1454 1118 1484 Haec
1134 1453 1371 1484 Buchauanus.
1402 1451 1491 1482 Vide
1513 1451 1615 1481 etiam
1640 1449 1732 1481 Hec-

1029 1508 1137 1535 torem
1161 1502 1342 1534 Boe'thium
1359 1511 1406 1534 rx.
1428 1500 1581 1541 inprimis
1607 1499 1729 1531 Camb-

1030 1553 1153 1584 denum
1168 1554 1202 1584 in
1219 1563 1278 1583 sua
1294 1552 1418 1593 Anglia
1434 1554 1508 1582 123.
1532 1559 1568 1581 et
1585 1552 1655 1581 160.
1669 1549 1729 1580 ubi

1030 1602 1192 1634 Auctoris
1207 1603 1315 1634 nostri
1333 1611 1450 1632 versus
1467 1600 1611 1631 recitat:
1631 1599 1641 1616 ⁴
1653 1599 1729 1630 Nec

1028 1652 1088 1684 abs
1112 1662 1148 1684 re
1173 1652 1250 1691 erit,
1276 1652 1303 1682 si
1326 1661 1402 1692 quae
1427 1649 1593 1690 Josephus
1615 1655 1732 1680 noster

1030 1703 1183 1735 Iscanus’
1200 1703 1324 1744 (verba
1337 1707 1415 1733 sunt
1425 1698 1628 1741 Cambdeni)
1641 1700 1651 1717 ‘
1662 1709 1729 1731 non

1031 1753 1074 1783 de
1097 1753 1223 1794 populo
1248 1751 1359 1783 Poeta
1383 1751 1461 1782 olim
1478 1750 1512 1781 in
1535 1759 1593 1781 sua
1609 1749 1730 1781 Antio·

1032 1802 1164 1838 cheide,
1192 1802 1224 1832 in
1251 1801 1416 1833 Arturum
1439 1800 1576 1840 cecinit,
1598 1799 1654 1831 hic
1673 1799 1731 1830 ad-

1027 1852 1190 1893 jungam:
1220 1854 1229 1869 ‘
1247 1852 1338 1883 Hinc
1368 1850 1494 1882 celebri
1525 1848 1610 1889 fato,
1637 1848 1731 1881 felici

1033 1903 1158 1934 claruit
1174 1906 1262 1937 ortu,
1275 1902 1353 1932 Flos
1366 1910 1491 1941 regum,
1501 1898 1661 1939 Arturus,
1673 1909 1730 1931 cu-

1026 1952 1084 1992 jus
1099 1956 1197 1982 curna
1211 1950 1305 1982 facta
1320 1950 1452 1989 stupori
1478 1947 1555 1980 Non
1579 1948 1730 1980 micuere

1032 2002 1162 2032 minus:
1188 2006 1280 2032 totus
1297 1999 1377 2041 quid
1389 1998 1402 2019 b
1416 1999 1449 2030 in
1463 2007 1543 2029 aure
1558 1998 1730 2039 voluptas,

1032 2051 1078 2082 Et
1101 2052 1226 2092 populo
1249 2050 1432 2092 plaudente
1459 2048 1584 2080 favus..c
1627 2048 1730 2082 Quae-

1033 2110 1167 2142 cunque
1193 2099 1347 2141 piorumd
1375 2098 1526 2139 Inspice,
1556 2098 1730 2129 Pelaeume

1033 2150 1249 2182 commendat
1267 2149 1354 2180 fama
1370 2153 1548 2190 tyrannum
1563 2158 1572 2187 3
1595 2147 1730 2189 Pagina

1032 2200 1206 2232 Caesareos
1236 2199 1385 2241 loquitur
1422 2198 1574 2229 Romana
1611 2198 1730 2229 trium-

1032 2251 1137 2291 phos;
1161 2249 1318 2282 Alcidem
1334 2249 1470 2281 domitis
1484 2248 1612 2280 attollit
1627 2248 1732 2288 gloria

1031 2301 1208 2332 monstris:
1240 2300 1308 2333 Sed
1341 2309 1405 2331 nec
1434 2299 1587 2340 pinetum
1624 2298 1733 2338 curili,

1031 2361 1097 2383 nec
1126 2352 1241 2383 sidera
1266 2351 1380 2383 Solem
1403 2350 1569 2392 AEquant3
1593 2349 1731 2381 annales

1031 2402 1145 2433 Latios
1162 2402 1352 2443 Graiosque
1367 2401 1518 2441 revolve,
1535 2399 1656 2431 Prisca
1671 2408 1730 2440 pa-

1031 2460 1103 2483 rem
1133 2452 1257 2492 nescit,
1288 2451 1453 2493 aequalem
1483 2454 1623 2491 postera
1656 2449 1730 2480 nul-

1032 2502 1098 2533 lum
1112 2502 1325 2539 Exhibitura‚
1340 2502 1424 2533 dies.
1461 2501 1574 2540 Reges
1591 2508 1729 2540 supere-

1032 2552 1139 2583 minet
1155 2561 1270 2583 omnes
1281 2550 1581 2592 Solus‚praeteritis
1598 2549 1730 2588 melior,

1033 2601 1206 2643 majorque
1222 2600 1387 2633 futu1·is.’'

1412 2772 1425 2789 ς
1450 2767 1566 2799 Fut-or.
