1889 3194
279 311 364 353 646
453 321 657 353 comens
693 322 743 353 m
779 322 1029 353 BlssLlOTH.
1064 323 1225 353 murr.
1258 322 1549 355 ASSERvArr.

339 415 551 458 Biblioth.
572 414 680 457 Coll.
706 415 900 458 Omnium
919 416 1166 458 Animarum
1196 421 1315 459 tenet
1342 418 1571 472 antiquum
1601 417 1721 459 codi-

279 495 373 524 cem
407 484 644 524 membran.
666 485 757 537 qui,
779 496 880 525 cum
901 483 1003 525 aliis
1026 484 1284 534 Historicis,
1306 484 1608 538 complectitur
1628 483 1722 526 Da-

279 551 384 592 retis
406 551 587 604 Phrygii
609 551 872 592 Historiam.

721 681 885 723 Codices
911 680 1282 737 Cantabrigienses.

338 778 541 823 Biblioth.
566 779 694 822 Publ.
722 782 867 823 nullos
888 781 1059 835 praebet
1091 781 1281 824 Codices
1304 781 1371 824 vel
1402 780 1589 835 Dictyos
1617 779 1722 822 Cre-

279 847 420 888 tensis
440 848 513 889 vel
534 848 715 889 Daretis
736 847 932 901 Phrygii.

336 913 545 957 Biblioth.
570 913 745 970 Collegii
770 913 895 968 Corp.
921 913 1076 955 Christi
1108 920 1154 956 et
1184 913 1240 957 B.
1263 913 1416 957 Mariae
1445 913 1625 969 Virginis
1655 913 1721 964 (S.

279 979 526 1030 Benedicti)
548 980 661 1022 duos
693 981 875 1023 codices
895 982 1225 1036 manuscriptos
1258 983 1499 1023 membran.
1519 982 1610 1022 4to.
1632 993 1723 1021 ser-

278 1050 377 1088 vat:
408 1060 556 1097 unum,
576 1047 811 1102 (ccccvl.)
842 1048 918 1102 qui
949 1049 1144 1089 continet
1178 1049 1315 1102 Frigii
1342 1049 1520 1090 Daretis
1553 1047 1722 1089 Iliados

278 1113 379 1155 Lib.
414 1126 517 1156 saec.
540 1125 659 1155 x111.
691 1115 826 1155 alium
859 1116 1006 1165 etiam,
1035 1115 1309 1169 (ccccxlv.)
1337 1116 1412 1170 qui
1440 1126 1540 1157 cum
1570 1114 1722 1155 multis

277 1180 380 1221 aliis
402 1182 707 1235 complectitur
722 1181 904 1224 Daretis
928 1182 1107 1236 Phrygii
1123 1182 1177 1223 de
1190 1181 1382 1224 Excidio
1396 1181 1546 1236 Trojee
1561 1180 1721 1224 Histo-

276 1247 401 1298 riam,
422 1260 530 1290 saec.
553 1259 663 1290 xlv.

335 1314 549 1358 Biblioth.
585 1316 721 1357 etiam
762 1314 877 1357 Trin.
918 1314 1025 1358 Coll.
1062 1316 1260 1357 codicem
1292 1316 1525 1369 antiquum
1560 1318 1721 1364 servat,

278 1381 371 1435 qui,
389 1395 487 1424 cum
509 1382 609 1424 aliis
639 1383 860 1424 historicis
892 1388 939 1424 et
965 1384 1273 1435 miscellaneis,
1305 1382 1486 1425 exhibet
1508 1382 1722 1424 Daretem

279 1448 520 1503 Phrygium
541 1450 594 1491 de
615 1450 748 1491 Bello
769 1450 983 1504 Trojano.

337 1515 393 1556 In
414 1516 627 1558 Biblioth.
654 1515 790 1559 Gonv.
814 1523 852 1557 et
878 1516 974 1558 Caii
995 1522 1064 1559 est
1085 1517 1226 1559 codex
1249 1516 1469 1570 antiquus,
1495 1515 1589 1570 qui,
1620 1528 1721 1556 cum

280 1582 380 1623 aliis
400 1583 550 1624 multis
571 1584 741 1636 generis
756 1584 1044 1634 miscellanei‚
1064 1585 1253 1625 continet
1273 1583 1520 1625 Historiam
1540 1582 1722 1624 Daretis

279 1649 457 1704 Phrygii
475 1650 529 1690 de
545 1651 742 1705 Trojano
758 1650 902 1701 Bello,
924 1663 951 1691 a
972 1650 1177 1691 Cornelio
1192 1650 1383 1704 Nepote,
1401 1655 1452 1690 ut
1469 1649 1641 1698 dicitur,
1662 1660 1722 1688 ex

279 1715 441 1757 Graeco
462 1717 507 1757 in
530 1716 782 1758 Sermonem
799 1717 1003 1758 Latinum
1025 1729 1209 1759 versam.
1253 1717 1397 1759 Catal.
1413 1715 1529 1758 Mss.
1546 1715 1720 1769 Angliae

279 1789 323 1823 et
344 1783 595 1825 Hiberniae.

757 1916 922 1958 Codices
946 1915 1248 1958 Dubllnienses.

335 2014 390 2055 In
411 2014 619 2057 Biblioth.
643 2014 748 2057 Coll.
774 2015 819 2056 S.
846 2016 1061 2057 Trinitatis
1077 2017 1164 2058 duo
1186 2019 1354 2058 restant
1374 2015 1552 2057 codices
1567 2027 1720 2056 manu-

277 2082 446 2135 scripti,
467 2095 654 2136 quorum
673 2097 802 2134 unus,
823 2085 948 2133 (407.
968 2083 1091 2138 267.)
1120 2084 1232 2126 inter
1252 2083 1343 2124 alia
1372 2082 1621 2132 Historica,
1640 2094 1721 2123 ex-

275 2147 394 2189 hibet
430 2151 529 2200 (art.
557 2148 620 2203 4.)
658 2149 838 2192 Daretis
868 2151 1052 2205 Phrygii
1089 2151 1337 2192 Historiam
1371 2149 1427 2190 de
1457 2148 1722 2190 Vastatione

275 2214 424 2269 Trojae
447 2228 474 2257 a
495 2215 703 2258 Cornelio
727 2217 918 2271 Nepote,
937 2222 986 2259 ut
1002 2217 1154 2268 fertur,
1175 2230 1232 2258 ex
1253 2216 1414 2258 Graeco
1436 2216 1483 2256 in
1514 2215 1721 2257 Latinum

277 2294 520 2324 sermonem
533 2284 798 2334 translatam,
809 2285 909 2326 489.
919 2285 1019 2326 349.
1033 2285 1153 2335 alter,
1167 2284 1274 2325 inter
1289 2283 1394 2332 alia,
1410 2282 1595 2324 eandem
1611 2281 1722 2337 His-

279 2352 433 2391 toriam
454 2350 555 2404 (art.
576 2349 655 2405 1.),
683 2352 756 2392 cui
777 2352 1015 2405 praefigitur
1037 2351 1229 2404 Nepotis
1247 2349 1451 2403 Epistola
1470 2349 1528 2390 ad
1550 2349 1720 2390 Sallus-

275 2417 384 2457 tium
406 2416 462 2457 de
496 2417 662 2458 eadem.
722 2418 792 2460 De
820 2418 1079 2459 Hibernicis
1114 2416 1378 2471 quibusdam
1411 2415 1718 2466 Bibliothecis,

278 2496 323 2535 p.
344 2482 414 2525 28.
436 2488 480 2524 et
514 2497 558 2536 p.
579 2483 650 2525 33.
682 2485 765 2526 sub
785 2484 859 2525 fin.
881 2484 1024 2526 Catal.
1046 2483 1449 2536 Manuscriptorum
1468 2482 1641 2535 Angliae
1676 2487 1720 2524 et

281 2548 530 2591 Hiberniae.

782 2671 943 2714 Codices
968 2671 1198 2715 Edinenses.

335 2759 615 2802 Bibliotheca
638 2760 965 2803 Advocatorum
1000 2763 1119 2816 apud
1151 2763 1449 2814 Edinburgum
1472 2759 1584 2801 duos
1616 2760 1716 2800 reti-

279 2832 352 2867 net
392 2826 581 2869 Codices
623 2828 802 2870 Daretis
843 2828 1035 2881 Phrygii,
1093 2841 1225 2871 unum
1266 2827 1497 2871 membran.
1534 2826 1714 2868 alterum
