1889 3194
289 379 372 420 470

808 391 1007 422 JOSEPHl
1042 390 1206 421 ISCANI

290 482 459 533 Ardua,
479 497 560 525 non
580 484 758 526 rutilum
775 486 961 539 pavonis
981 484 1151 525 fimbria
1172 484 1355 526 crinem:

289 549 399 602 Ipsa
417 550 608 600 humilis,
624 552 826 605 simpleX,
845 551 1006 600 facilis,
1028 551 1088 591 nil
1104 554 1239 604 turget
1253 551 1405 602 herile,

290 615 367 656 Nil
389 618 554 658 varium
574 618 754 670 fingens,
773 630 995 670 nunquam
1015 617 1219 658 frustrata
1239 621 1458 670 petentes.

344 682 533 724 Martius
556 690 682 725 ornat
702 685 841 725 honos
862 683 1218 736 Agamemnona3
1248 684 1347 726 fusa
1361 686 1555 738 vigorem

288 747 504 803 Celsaque
525 752 715 792 membra
737 752 900 800 fovent,
923 752 1046 792 vultu
1063 764 1266 804 praecone
1287 755 1487 804 potestas

1641 751 1727 792 100

286 814 448 865 Enitet,
471 822 515 857 et
530 829 676 869 regem
701 818 876 870 species
898 822 1066 859 armata
1086 819 1313 871 profatur:

287 880 437 923 Mixta
457 884 591 924 virum
612 885 837 936 phalerant
858 885 967 925 cirro
987 885 1196 925 candente
1219 885 1380 926 decora

285 947 450 998 Virtus,
470 950 679 990 nobilitas
701 950 839 1000 dives,
859 950 1070 992 facundia
1091 951 1296 1005 prudens.

341 1013 519 1056 Gratior
540 1021 718 1069 aequato
740 1018 989 1058 Menelaum
1008 1018 1148 1059 forma
1165 1022 1368 1060 venustat

285 1080 418 1121 Fulta
439 1086 573 1132 statu,
595 1084 800 1137 virusque
821 1098 960 1126 comae
981 1086 1153 1138 geniale
1174 1086 1366 1126 rubentis

1642 1085 1727 1125 105

285 1147 415 1188 Mens
437 1148 610 1190 domat:
641 1150 734 1203 ipse
755 1159 857 1192 actu
878 1153 1080 1192 mentitos
1094 1151 1251 1205 judice
1272 1152 1414 1193 crines

283 1213 455 1267 Arguit,
477 1221 687 1271 acceptus
707 1222 825 1268 noto,
842 1224 1078 1272 gratusque
1098 1219 1299 1259 merenti.

338 1279 521 1331 Audax,
538 1284 810 1336 magnificus,
832 1285 999 1335 hilaris,
1020 1285 1124 1339 pius
1147 1290 1297 1338 aequat
1312 1284 1514 1326 Achilles

281 1346 421 1389 Vultu
443 1349 675 1399 Phoebum,
693 1352 840 1392 animo
859 1352 1118 1403 Gradivum,
1141 1351 1278 1393 Pelea
1296 1351 1502 1393 membris
1520 1363 1531 1390 ι

284 1413 337 1453 In
357 1420 516 1467 pectus
535 1415 719 1457 laterum
734 1419 908 1459 laxatur
928 1419 1110 1467 culmen,
1130 1420 1174 1459 in
1193 1422 1340 1459 arctos

881 1504 1016 1515 eeeeeee

326 1545 387 1573 108
415 1544 490 1575 Plus
507 1544 595 1576 Edd.
613 1545 699 1577 Mor.
718 1552 751 1577 et
766 1547 939 1588 Spondan.

1641 1417 1724 1458 110

1019 1504 1116 1515 ooooo

936 1620 1076 1652 NOTAE

324 1671 365 1699 96
390 1669 463 1699 Non
486 1671 616 1702 rutilum
628 1672 894 1713 pavonisfimbrz'a
913 1673 973 1702 cri-

281 1718 365 1757 nem]
389 1719 542 1750 Limbum
559 1721 629 1751 sive
653 1720 792 1752 fasciam
816 1723 973 1752 extremi-

284 1771 389 1797 tatem
405 1768 523 1799 caudae
541 1769 744 1800 ambientem
763 1776 859 1801 vocat
882 1772 890 1786 ‘
903 1771 973 1800 fim-

283 1815 415 1850 brian1,'
438 1821 474 1848 ut
494 1817 607 1848 Graeci
625 1818 796 1858 κράσπεδον
815 1819 973 1859 αἰγιαλοῦ,

283 1864 461 1905 κρασπέδων
475 1867 670 1908 ἐπαιωρήσεις
691 1871 887 1909 κροσσωτῶν,
903 1870 974 1900 Ho-

283 1923 394 1945 merus
408 1920 443 1946 et
457 1914 592 1948 θύσανοι.
622 1918 710 1948 Vide
724 1918 898 1949 Pollucem
911 1927 975 1950 vu.

284 1965 337 1996 14.
381 1964 500 1996 Cicero
520 1966 551 1996 in
577 1967 701 1998 Pisone
725 1968 974 1999 ‘cincinnorum

283 2013 447 2044 fimbrias’
459 2016 581 2055 arguit.
600 2017 700 2057 Apul.
713 2027 794 2049 vm.
810 2019 973 2050 Milesiar.

282 2065 291 2081 ‘
305 2063 445 2105 flagrum
471 2068 636 2098 contortis
657 2069 768 2099 taeniis
785 2070 888 2100 lanosi
906 2072 974 2102 vel-

282 2113 363 2144 leris
394 2115 525 2155 prolixe
555 2116 783 2150 fimbriatum.’
822 2119 917 2151 Suet.
947 2130 972 2152 1.

282 2162 393 2194 ‘latus
419 2165 534 2196 clavus
559 2166 602 2196 ad
627 2177 742 2198 manns
765 2167 973 2200 fimbriatns!

282 2211 424 2248 Plinius,
447 2217 456 2230 ‘
469 2214 586 2246 urticae
601 2214 680 2246 folia
695 2215 887 2248 fimbriata!
918 2218 973 2249 Vi-

281 2261 325 2291 de
347 2261 390 2293 de
405 2261 548 2295 fimbriis
569 2268 603 2295 et
624 2264 736 2296 taeniis
760 2266 974 2299 Paschalium

282 2319 332 2341 lv.
344 2313 374 2342 8.
391 2312 442 2343 De
455 2312 601 2345 Pavonis
610 2324 688 2346 vero
698 2314 828 2347 fimbria
843 2319 976 2358 graphi-

282 2370 322 2390 ce
337 2361 407 2401 agit
418 2362 483 2393 Dio
495 2363 653 2395 Prusaeus
665 2364 763 2396 Orat.
777 2374 843 2397 xn-
855 2377 888 2407 p.
905 2371 975 2400 194.

281 2408 381 2440 Phile
408 2411 463 2441 tit.
483 2419 543 2443 xv,
566 2421 598 2452 p.
625 2416 676 2445 15.
701 2414 858 2448 Nazianz,
875 2416 975 2449 Orat.

283 2467 416 2491 xxxxv.
431 2470 464 2500 p.
477 2464 551 2493 554.

326 2513 386 2540 102
422 2511 533 2542 Mixta
556 2512 657 2543 virum
680 2513 857 2554 phalerant]
886 2515 975 2547 Vide

282 2567 340 2590 ιιι.
369 2562 442 2590 395.
507 2560 563 2591 De
593 2561 856 2602 Agamemnonis
885 2566 975 2604 regia

283 2610 396 2647 specie
413 2610 604 2642 Homerus:
629 2612 735 2643 Καλὸν
754 2613 780 2643 δ’
801 2614 880 2644 οὕτω
897 2615 977 2654 ἐγὼν

283 2660 366 2689 οὔπω
379 2660 444 2691 ἴδον
457 2659 673 2700 ὀφθαλμοῖσιν,
697 2662 768 2693 Οὐδ’
785 2663 865 2695 οὕτω
884 2675 976 2705 ’yspa-

282 2708 346 2748 ρὸν,
357 2709 555 2751 βασιλῆἵγὰρ
570 2710 653 2751 ἀνδρὶ
664 2710 773 2745 ἔοικεν.
788 2713 974 2746 Athenaeus

286 2758 387 2788 etiam
404 2767 486 2790 xm.
504 2769 535 2799 p.
549 2763 623 2791 566.

330 2809 391 2837 104
413 2808 688 2847 AEquato...Fulta
699 2810 799 2849 statu]
816 2815 824 2829 ‘
837 2811 973 2852 Status‚’

288 2855 335 2885 ait
361 2856 512 2888 Donatus
538 2857 579 2888 ad
610 2859 748 2891 Terent.
776 2861 862 2891 Eun.
884 2871 919 2894 v.
940 2865 972 2895 3.

287 2903 457 2934 ‘refertur
485 2905 525 2935 ad
557 2905 730 2944 habitnm3
773 2914 902 2940 statura
929 2912 970 2942 ad

285 2952 430 2992 corpus)
476 2953 603 2986 Noster
625 2954 852 2989 differentiam
884 2959 973 2991 illam

1026 1674 1190 1714 negligit;
1214 1677 1302 1704 utet
1325 1671 1412 1704 infra
1439 1677 1447 1690 ‘
1462 1672 1501 1703 In
1524 1671 1668 1702 medium
1686 1671 1726 1702 li-

1028 1721 1124 1752 brata
1152 1722 1302 1754 statum!
1346 1722 1490 1753 Plautus
1514 1721 1546 1751 in
1565 1720 1724 1751 Rudente

1027 1771 1180 1802 ‘statum’
1197 1781 1374 1812 procerum
1387 1771 1547 1801 nominat.
1572 1770 1724 1810 Usurpat

1028 1826 1138 1851 autem
1161 1831 1221 1861 pro
1237 1826 1381 1860 statura,
1399 1826 1435 1851 ut
1452 1820 1651 1859 Columella,
1667 1819 1725 1861 qui

1027 1872 1037 1889 ‘
1049 1870 1174 1902 scrofas
1185 1870 1384 1911 longissimi'
1397 1871 1484 1901 dixit
1497 1875 1505 1887 ‘
1515 1869 1648 1910 status‚’
1659 1879 1725 1902 vu.

1027 1923 1099 1952 9.et
1121 1923 1130 1938 ‘
1145 1931 1260 1953 canem
1279 1921 1471 1961 pecuarium
1488 1924 1580 1950 statu
1597 1919 1724 1960 longio-

1028 1981 1099 2002 rem
1125 1975 1160 2002 et
1190 1969 1461 2011 productiorem!
1505 1967 1620 2008 Κυρίως
1643 1978 1724 2000 vero

1028 2023 1038 2039 ‘
1050 2024 1263 2053 statura'est
1280 2021 1382 2052 solius
1398 2020 1540 2051 hominis
1556 2019 1723 2059 ἐξαίρει-ονε

1028 2071 1156 2112 reliqua
1173 2071 1328 2102 animalia
1351 2070 1383 2101 in
1399 2074 1553 2100 ventrem
1570 2079 1723 2109 procum·

1027 2120 1113 2152 bunt
1129 2131 1137 2151 :
1162 2121 1250 2161 quod
1267 2120 1416 2151 Galenus
1432 2128 1490 2151 ιιι.
1511 2119 1554 2150 de
1571 2128 1632 2150 usu
1647 2128 1723 2160 par-

1027 2171 1125 2206 tium,
1142 2169 1319 2201 Aristotel.
1334 2178 1376 2201 11.
1391 2168 1434 2200 de
1451 2168 1614 2209 partibus,
1625 2171 1657 2200 7.
1669 2171 1723 2200 10.

1029 2222 1079 2251 ll.
1096 2222 1148 2250 14.
1164 2224 1200 2250 et
1214 2228 1267 2250 ιν.
1280 2221 1331 2249 10.
1346 2222 1468 2259 quater
1482 2218 1616 2249 asserit.
1647 2218 1724 2248 Ma-

1030 2269 1166 2300 crobius
1186 2269 1288 2300 etiam
1316 2268 1351 2298 in
1381 2268 1494 2299 Somn.
1514 2267 1652 2308 Scip.c.
1668 2269 1722 2299 14.

1030 2317 1225 2349 Ambrosius
1258 2316 1423 2349 Hexae’m.
1459 2325 1509 2349 vr.
1544 2319 1577 2349 3.
1621 2316 1723 2348 Philo

1029 2367 1116 2398 libro
1132 2367 1174 2398 de
1190 2366 1412 2407 plantatione.

1072 2419 1133 2447 105
1156 2416 1306 2455 Vin-usque
1325 2424 1418 2446 comoe
1430 2414 1554 2453 geniale
1568 2414 1723 2455 rubentis]

1033 2465 1232 2496 Aristoteles
1243 2464 1343 2494 etiam
1359 2463 1392 2494 in
1409 2463 1591 2504 Physiogn.
1603 2463 1723 2502 θυμῶδη

1029 2515 1193 2546 hominem
1204 2512 1364 2553 ἐπίπυῤῥον
1371 2517 1482 2551 vocat,
1492 2517 1527 2543 et
1537 2512 1664 2544 Noster
1673 2513 1722 2543 in-

1029 2564 1102 2596 fra:
1126 2565 1136 2582 ‘
1149 2564 1271 2595 mentis
1284 2563 1420 2594 anhelas
1437 2560 1598 2592 Incusaut
1613 2560 1720 2593 furias

1030 2613 1190 2645 flammati
1213 2612 1370 2644 incendia
1395 2609 1519 2643 crinis-⁹
1561 2611 1649 2642 vide
1663 2611 1722 2644 Jo.

1031 2664 1222 2704 Baptistam
1240 2663 1378 2694 Portam
1388 2661 1419 2692 iu
1434 2659 1673 2700 Pliysiognom.
1685 2666 1723 2693 et

1030 2713 1198 2743 Bodinum
1218 2712 1260 2742 de
1279 2709 1395 2750 repub.
1418 2709 1585 2740 Homerus
1601 2709 1720 2741 Mene·

1029 2761 1117 2792 laum
1129 2759 1248 2800 ξανθὸν,
1259 2763 1295 2790 ut
1310 2763 1346 2789 et
1362 2758 1443 2789 alios
1460 2757 1604 2797 Heroas,
1615 2757 1721 2791 facit:

1027 2813 1238 2845 Philostrato
1259 2810 1362 2842 etiam
1386 2809 1640 2842 commendatur
1653 2811 1723 2850 ἡλι-

1026 2864 1092 2894 ὣσα
1106 2867 1142 2894 et
1165 2859 1264 2902 πυροῆ
1289 2868 1399 2898 coma,
1414 2867 1488 2899 quae
1512 2858 1596 2890 Solis
1610 2861 1722 2894 radios

1030 2913 1204 2944 mentitur.
1225 2909 1313 2942 Vide
1328 2909 1369 2940 de
1381 2909 1493 2940 colore
1508 2909 1566 2940 illo
1580 2910 1721 2944 ,lunium

1033 2965 1213 2994 comment.
1227 2959 1270 2991 de
1293 2959 1410 2999 Coma,
1424 2968 1457 2999 p.
1469 2961 1543 2991 542.
1557 2961 1621 2992 διο.
