1889 3194
608 295 671 325 DE
705 294 862 324 BELLO
894 292 1120 324 TROJANO
1155 292 1250 322 [AB.
1283 293 1346 322 Vl.

1611 280 1696 322 567.

245 387 492 430 Continuos
511 388 664 438 nectit,
686 392 731 428 et
751 387 819 428 sic
841 398 1020 437 exorsa,
1042 385 1238 439 profatur
1262 400 1272 427 ε

303 453 428 505 Quos
448 454 646 507 gemitus,
668 467 769 507 quae
791 453 924 508 digna
944 454 1055 495 satis
1075 453 1270 494 lamenta
1289 451 1497 506 rependes

244 522 298 563 In
318 522 538 575 lacrymas
559 521 763 562 simulate
783 520 942 562 dolor‘?
971 533 1061 562 non
1081 532 1214 573 arguo
1234 520 1408 561 luctus:

244 588 459 630 Defecere
479 600 616 640 genae,
637 586 829 641 fletuque
849 588 1071 629 exhausta
1090 586 1306 640 profundo

1611 584 1695 627 820

243 655 431 696 Lumina
449 655 656 708 caligant,
678 655 802 696 acies
822 654 968 704 hebet,
987 654 1127 695 insita
1145 653 1310 694 dudum

243 721 401 774 Plaga,
422 720 501 763 sed
522 721 717 774 elingues
737 721 903 762 siluere
924 721 1010 762 huc
1031 733 1172 774 usque
1192 719 1382 761 dolores.

244 788 284 830 Ο
306 788 483 838 coelum,
505 801 532 829 o
552 788 726 841 Superi,
746 789 908 842 quibus
927 788 1099 829 irritata
1120 787 1312 841 peperci,

243 855 486 898 Foemineis
506 855 569 896 nil
591 868 702 896 ausa
721 855 883 904 modis,
905 868 992 909 quo
1014 855 1192 896 crimine
1214 854 1348 896 tantis

242 923 295 964 In
315 935 470 977 poenas
491 922 697 963 damnata
716 922 879 963 malis?
941 921 990 962 Si
1011 921 1142 974 digna
1163 921 1325 971 necari,

1610 919 1696 962 825

242 988 334 1031 Cur
353 989 479 1030 vixis!
510 989 611 1040 heu,
632 989 802 1030 miseris
822 989 955 1042 longo
977 988 1040 1029 nil
1061 988 1229 1029 tristius
1251 1000 1350 1029 aevo
1370 1001 1378 1027 :

241 1056 364 1098 Num
383 1055 615 1106 thalamos,
637 1060 845 1110 partusne
866 1056 1051 1109 querar?
1085 1054 1337 1096 saevissima
1357 1054 1507 1107 nupsi,

242 1123 403 1165 Infelix
422 1123 600 1177 peperi:
632 1122 784 1176 potuit
804 1123 970 1163 ditione
993 1135 1146 1164 serena

241 1190 335 1232 Iste
354 1189 455 1239 frui,
474 1202 649 1230 mecum
672 1189 827 1231 Parcae
848 1201 1037 1242 nupsere
1058 1191 1291 1238 nocentes;

241 1257 298 1299 Et
317 1258 483 1311 pariter
503 1256 624 1298 stetit
643 1257 709 1297 ira.
728 1256 876 1297 Deum
893 1269 904 1295 ε
935 1256 1039 1309 quin
1060 1257 1240 1310 pignore
1259 1255 1396 1296 multo

1610 1253 1695 1296 830

241 1325 294 1366 In
313 1328 469 1379 partus
488 1323 702 1365 foecunda
720 1323 798 1373 fui,
819 1322 1001 1376 fatoque
1022 1323 1203 1363 sinistro

242 1392 301 1433 Et
321 1391 483 1444 conjux
504 1394 548 1432 et
567 1395 704 1431 mater
724 1402 869 1431 eram:
898 1402 1014 1430 nunc
1036 1390 1147 1430 orba
1168 1390 1345 1437 creatis,

241 1457 380 1500 Nuda
401 1458 509 1507 viro,
530 1457 699 1510 gemino
723 1456 862 1498 didici
883 1455 1148 1498 contendere
1169 1455 1363 1509 planctu,

241 1524 513 1567 claudendis
532 1524 700 1566 lassata
720 1524 860 1576 genis,
882 1527 925 1565 et
941 1523 1089 1564 funere
1108 1522 1264 1563 multo.

295 1591 361 1635 At
381 1596 438 1641 te,
458 1603 556 1633 care
577 1590 765 1642 Hector,
787 1594 829 1632 te
849 1594 943 1633 tuta
964 1591 1203 1645 superstite
1226 1589 1404 1636 dudum,

1606 1589 1693 1632 835

891 1807 1033 1841 NOTAE

240 1930 365 1963 magno
393 1920 509 1954 laxata
549 1922 659 1955 dolori
690 1925 767 1956 est.’
811 1926 938 1967 Papin.

238 1971 345 2003 Ovid.
380 1972 429 2004 ita
454 1972 543 2004 dixit
569 1975 777 2015 ‘praesutaz'
812 1977 822 1994 ‘
838 1977 937 2008 Vatis

237 2021 412 2062 Apollinei
434 2024 566 2055 vocalia
588 2025 678 2056 misit
700 2026 734 2056 in
757 2035 827 2067 ora,
851 2027 937 2059 Quae

237 2070 329 2104 foliis
359 2077 528 2113 praesuta.’
551 2083 603 2106 xi.
630 2076 772 2108 Metam.
814 2077 938 2108 Horat.

238 2121 415 2155 ‘Quorum
440 2124 581 2156 subsuta
604 2126 692 2157 talos
709 2126 796 2167 tegit
818 2126 939 2159 instita

237 2174 356 2205 veste„¹
399 2174 542 2208 Hieron.
557 2176 623 2216 Ep.
654 2177 807 2209 ‘dissuta
823 2178 940 2210 habuit

237 2223 348 2255 latere
385 2225 510 2256 nudum
547 2232 662 2267 caput,
697 2229 848 2260 clausum
880 2229 942 2261 os.'

238 2273 407 2306 Querelas
433 2284 514 2306 vero
538 2275 692 2308 Hecubae
715 2277 821 2309 habes
848 2278 938 2319 apud

239 2323 438 2364 Euripidem
466 2330 501 2355 et
527 2325 561 2356 in
584 2324 778 2365 fragmento
801 2336 844 2358 ex
866 2327 938 2358 An-

239 2371 422 2404 dromacha
445 2374 552 2404 Ennii.
599 2374 687 2406 Vide
704 2375 938 2416 Conjectauea

237 2422 381 2454 illustris
395 2423 561 2463 Scaligeri
576 2424 633 2465 qui
649 2425 775 2458 Graeca
790 2430 825 2458 et
844 2426 937 2458 Lati-

238 2481 283 2504 na
307 2472 397 2504 inter
423 2482 459 2504 se
485 2474 664 2506 contendit
684 2485 719 2516 p.
737 2478 810 2508 163.
847 2476 937 2508 Vide

238 2522 343 2554 etiam
370 2523 460 2563 apud
489 2523 655 2556 Senecam
680 2524 779 2556 initio
808 2525 936 2557 Troad-

236 2572 437 2604 Λαλίστατος
450 2572 512 2613 ’γὰρ
525 2572 681 2614 ἅνθρωπος
695 2574 832 2614 ἆτυχῶν.
855 2575 936 2607 Phi-

237 2624 270 2655 lo
287 2623 342 2654 De
355 2624 458 2663 legat.
477 2633 513 2655 x.
528 2626 604 2656 789.

281 2675 344 2704 826
371 2673 504 2704 Miseris
524 2675 615 2714 longo
638 2675 685 2705 nil
709 2676 832 2708 tristius
851 2679 933 2720 oevo]

238 2722 327 2754 Vide
344 2722 492 2754 Plinium
508 2724 697 2766 praeloquio
714 2735 781 2757 v11.
798 2727 807 2744 ‘
818 2736 935 2760 senec-

238 2777 292 2805 tus
306 2772 341 2804 in
357 2781 488 2813 poenam
505 2773 629 2806 vivax!
672 2774 802 2806 Eadem
824 2777 934 2818 queri-

238 2827 294 2855 tur
310 2823 408 2856 initio
424 2824 518 2856 aurei
534 2824 586 2857 sui
602 2824 706 2857 libelli
722 2825 765 2858 de
781 2826 936 2860 Philoso—

992 1927 1081 1968 phiae
1095 1927 1269 1959 Consolat.
1293 1923 1477 1958 Boethius:
1502 1927 1511 1941 ‘
1524 1921 1620 1954 Mors
1632 1920 1691 1951 ho·

991 1977 1117 2008 minum
1133 1977 1228 2017 felix,
1249 1986 1325 2018 quae
1342 1985 1377 2006 se
1394 1984 1435 2006 ne
1451 1971 1607 2004 dulcibus
1631 1980 1690 2001 an-

992 2027 1044 2058 nis
1070 2027 1209 2066 Inserit,
1233 2031 1269 2058 et
1295 2025 1423 2057 moestis
1453 2031 1545 2064 saepe
1571 2024 1692 2052 vocata

992 2079 1097 2109 venit.
1139 2079 1236 2109 Eheu
1254 2078 1261 2107 !
1293 2085 1392 2118 quam
1419 2074 1520 2106 surda
1550 2072 1692 2103 miseros

992 2127 1160 2158 avertitur
1174 2136 1268 2167 aure,
1281 2125 1454 2157 Etflentes
1468 2123 1583 2155 oculos
1598 2121 1691 2153 clau-

992 2176 1074 2208 dere
1090 2187 1181 2208 saeva
1197 2175 1324 2217 negat,'
1338 2177 1403 2206 &c.

1034 2229 1098 2259 834
1117 2226 1308 2258 Claudendis
1321 2226 1437 2255 lassata
1449 2221 1556 2262 genis]
1585 2220 1690 2252 Vete-

991 2286 1066 2307 rum
1105 2285 1189 2308 mos.
1240 2274 1344 2316 Apud
1388 2271 1572 2313 Papinium
1608 2278 1691 2301 vni.

989 2328 999 2344 ‘
1012 2327 1106 2358 Tunc
1122 2327 1200 2368 quia
1214 2335 1278 2357 nec
1296 2323 1444 2365 genitrix
1461 2322 1576 2363 juxta,
1598 2320 1692 2361 posi-

990 2382 1114 2418 tusque
1139 2377 1242 2408 beata
1270 2375 1386 2406 Morte
1417 2376 1529 2412 pater,
1558 2379 1691 2410 sponsae

989 2436 1110 2458 munus
1131 2425 1325 2458 miserabile
1349 2422 1489 2455 tradunt
1503 2421 1691 2452 Declinare

990 2476 1116 2517 genas.'
1139 2477 1310 2508 Homerus
1323 2474 1392 2506 Od.
1407 2476 1443 2503 A.
1460 2469 1540 2502 Οὐδέ
1549 2481 1601 2509 μοι
1611 2468 1690 2507 ἔτλη

990 2526 1068 2559 ἰόντι
1082 2539 1140 2568 περ
1152 2526 1195 2558 εἰς
1209 2524 1298 2557 ἀΐδαο
1313 2522 1410 2564 Χερσῖ
1425 2521 1494 2552 κατ’
1511 2518 1690 2560 ὀφθαλμοὺς

990 2577 1101 2610 ἑλέειν.
1123 2576 1211 2608 Vide
1225 2575 1393 2607 Crinitum
1410 2579 1521 2603 xv111.
1536 2572 1588 2601 12.

1048 2628 1235 2659 claudendis
1260 2627 1376 2656 lassata
1402 2623 1505 2662 genis,
1527 2624 1558 2652 et
1574 2620 1691 2657 funere

987 2679 1099 2719 multo]
1117 2677 1288 2709 Homerus
1304 2674 1349 2705 ΙΙ.
1365 2676 1405 2704 Ω.
1421 2668 1624 2708 Πεντήκοντά
1639 2680 1689 2700 uon.

988 2728 1082 2769 ἦσαν,
1096 2730 1163 2759 &c.
1187 2724 1336 2758 Nomina
1350 2723 1485 2754 illorum
1501 2723 1579 2751 sunt
1595 2718 1687 2760 apud

990 2779 1163 2820 Hyginum
1180 2775 1248 2808 fab.
1273 2777 1326 2806 90.
1371 2769 1531 2813 Apollod.
1553 2778 1611 2802 ιιι.
1635 2771 1689 2800 83.

988 2826 1201 2863 Boccatium,
1219 2824 1276 2867 qui
1291 2833 1334 2856 ex
1347 2820 1529 2855 Pausania.
