<?xml version="1.0" encoding="UTF-8"?>
<!DOCTYPE html PUBLIC "-//W3C//DTD XHTML 1.0 Transitional//EN"
    "http://www.w3.org/TR/xhtml1/DTD/xhtml1-transitional.dtd">
<html xmlns="http://www.w3.org/1999/xhtml" xml:lang="en" lang="en">
 <head>
  <title>
</title>
<meta http-equiv="Content-Type" content="text/html;charset=utf-8" />
  <meta name='ocr-system' content='tesseract 3.04.00' />
  <meta name='ocr-capabilities' content='ocr_page ocr_carea ocr_par ocr_line ocrx_word'/>
</head>
<body>
  <div class='ocr_page' id='page_1' title='image "./dictyscretensise02dictuoft_0272.png"; bbox 0 0 1889 3194; ppageno 0'>
   <div class='ocr_carea' id='block_1_1' title="bbox 297 349 382 391">
    <p class='ocr_par' dir='ltr' id='par_1_1' title="bbox 297 349 382 391">
     <span class='ocr_line' id='line_1_1' title="bbox 297 349 382 391; baseline -0.012 0"><span class='ocrx_word' id='word_1_1' title='bbox 297 349 382 391; x_wconf 73' lang='lat'>614</span> 
     </span>
    </p>
   </div>
   <div class='ocr_carea' id='block_1_2' title="bbox 299 452 1040 2941">
    <p class='ocr_par' dir='ltr' id='par_1_2' title="bbox 299 452 999 634">
     <span class='ocr_line' id='line_1_2' title="bbox 299 452 996 492; baseline -0.006 -6"><span class='ocrx_word' id='word_1_2' title='bbox 299 462 420 486; x_wconf 79' lang='lat' dir='ltr'>xxvii.</span> <span class='ocrx_word' id='word_1_3' title='bbox 457 458 465 471; x_wconf 84' lang='lat'><em>‘</em></span> <span class='ocrx_word' id='word_1_4' title='bbox 485 453 663 484; x_wconf 85' lang='lat' dir='ltr'>Liberatas</span> <span class='ocrx_word' id='word_1_5' title='bbox 685 452 847 492; x_wconf 76' lang='lat' dir='ltr'>religione</span> <span class='ocrx_word' id='word_1_6' title='bbox 864 456 996 483; x_wconf 86' lang='lat' dir='ltr'><strong>mentes</strong></span> 
     </span>
     <span class='ocr_line' id='line_1_3' title="bbox 299 501 998 535; baseline -0.004 -1"><span class='ocrx_word' id='word_1_7' title='bbox 299 503 452 535; x_wconf 84' lang='lat' dir='ltr'>turbavit</span> <span class='ocrx_word' id='word_1_8' title='bbox 468 512 581 533; x_wconf 89' lang='lat' dir='ltr'>rursus</span> <span class='ocrx_word' id='word_1_9' title='bbox 594 502 787 534; x_wconf 87' lang='lat' dir='ltr'>nuntiatum</span> <span class='ocrx_word' id='word_1_10' title='bbox 811 501 998 532; x_wconf 85' lang='lat' dir='ltr'>Frusinone</span> 
     </span>
     <span class='ocr_line' id='line_1_4' title="bbox 299 551 999 594; baseline -0.004 -9"><span class='ocrx_word' id='word_1_11' title='bbox 299 553 466 585; x_wconf 82' lang='lat' dir='ltr'>infantem</span> <span class='ocrx_word' id='word_1_12' title='bbox 490 558 606 584; x_wconf 90' lang='lat' dir='ltr'>natum</span> <span class='ocrx_word' id='word_1_13' title='bbox 632 562 705 584; x_wconf 90' lang='lat' dir='ltr'>esse</span> <span class='ocrx_word' id='word_1_14' title='bbox 735 551 913 594; x_wconf 86' lang='lat' dir='ltr'>quadrimo</span> <span class='ocrx_word' id='word_1_15' title='bbox 940 561 999 592; x_wconf 87' lang='lat' dir='ltr'>pa·</span> 
     </span>
     <span class='ocr_line' id='line_1_5' title="bbox 300 602 394 634; baseline 0 0"><span class='ocrx_word' id='word_1_16' title='bbox 300 602 394 634; x_wconf 88' lang='lat' dir='ltr'>rem.&#39;</span> 
     </span>
    </p>

    <p class='ocr_par' dir='ltr' id='par_1_3' title="bbox 301 650 1002 834">
     <span class='ocr_line' id='line_1_6' title="bbox 345 650 999 693; baseline -0.003 -10"><span class='ocrx_word' id='word_1_17' title='bbox 345 652 517 692; x_wconf 79' lang='lat' dir='ltr'>Rogaturae</span> <span class='ocrx_word' id='word_1_18' title='bbox 528 650 754 693; x_wconf 83' lang='lat' dir='ltr'>supplicabant]</span> <span class='ocrx_word' id='word_1_19' title='bbox 777 650 874 682; x_wconf 86' lang='lat' dir='ltr'>Med.</span> <span class='ocrx_word' id='word_1_20' title='bbox 890 650 899 667; x_wconf 88' lang='lat'><em>‘</em></span> <span class='ocrx_word' id='word_1_21' title='bbox 913 650 999 690; x_wconf 87' lang='lat' dir='ltr'>Sup-</span> 
     </span>
     <span class='ocr_line' id='line_1_7' title="bbox 302 701 1002 743; baseline -0.003 -10"><span class='ocrx_word' id='word_1_22' title='bbox 302 701 596 743; x_wconf 85' lang='lat' dir='ltr'>plicaturaeque;’</span> <span class='ocrx_word' id='word_1_23' title='bbox 639 702 855 733; x_wconf 78' lang='lat' dir='ltr'>tolerabilius</span> <span class='ocrx_word' id='word_1_24' title='bbox 900 709 1002 742; x_wconf 89' lang='lat' dir='ltr'>quam</span> 
     </span>
     <span class='ocr_line' id='line_1_8' title="bbox 301 751 1002 793; baseline -0.003 -10"><span class='ocrx_word' id='word_1_25' title='bbox 301 753 553 793; x_wconf 80' lang='lat' dir='ltr'>supplicabant,</span> <span class='ocrx_word' id='word_1_26' title='bbox 570 751 658 793; x_wconf 88' lang='lat' dir='ltr'>quod</span> <span class='ocrx_word' id='word_1_27' title='bbox 674 761 693 782; x_wconf 89' lang='lat' dir='ltr'>a</span> <span class='ocrx_word' id='word_1_28' title='bbox 707 751 916 783; x_wconf 88' lang='lat' dir='ltr'>Glossatoris</span> <span class='ocrx_word' id='word_1_29' title='bbox 932 759 1002 781; x_wconf 86' lang='lat' dir='ltr'>ma-</span> 
     </span>
     <span class='ocr_line' id='line_1_9' title="bbox 304 801 757 834; baseline 0 -1"><span class='ocrx_word' id='word_1_30' title='bbox 304 813 347 834; x_wconf 88' lang='lat' dir='ltr'>nu</span> <span class='ocrx_word' id='word_1_31' title='bbox 364 813 436 833; x_wconf 87' lang='lat' dir='ltr'>esse</span> <span class='ocrx_word' id='word_1_32' title='bbox 450 812 548 833; x_wconf 89' lang='lat' dir='ltr'>nemo</span> <span class='ocrx_word' id='word_1_33' title='bbox 566 811 634 833; x_wconf 91' lang='lat' dir='ltr'>non</span> <span class='ocrx_word' id='word_1_34' title='bbox 651 801 757 833; x_wconf 87' lang='lat' dir='ltr'>videt.</span> 
     </span>
    </p>

    <p class='ocr_par' dir='ltr' id='par_1_4' title="bbox 303 849 1004 994">
     <span class='ocr_line' id='line_1_10' title="bbox 345 849 1002 892; baseline -0.005 -9"><span class='ocrx_word' id='word_1_35' title='bbox 345 853 399 892; x_wconf 72' lang='lat'>§4</span> <span class='ocrx_word' id='word_1_36' title='bbox 422 852 531 882; x_wconf 71' lang='lat' dir='ltr'>Ascua</span> <span class='ocrx_word' id='word_1_37' title='bbox 557 851 616 881; x_wconf 81' lang='lat' dir='ltr'>sibi</span> <span class='ocrx_word' id='word_1_38' title='bbox 634 851 761 891; x_wconf 78' lang='lat' dir='ltr'>quisque</span> <span class='ocrx_word' id='word_1_39' title='bbox 776 850 907 891; x_wconf 80' lang='lat' dir='ltr'>auriga]</span> <span class='ocrx_word' id='word_1_40' title='bbox 931 849 1002 880; x_wconf 85' lang='lat' dir='ltr'>Sal-</span> 
     </span>
     <span class='ocr_line' id='line_1_11' title="bbox 303 899 1004 943; baseline -0.006 -9"><span class='ocrx_word' id='word_1_41' title='bbox 303 904 382 934; x_wconf 84' lang='lat' dir='ltr'>lust.</span> <span class='ocrx_word' id='word_1_42' title='bbox 393 902 474 942; x_wconf 82' lang='lat' dir='ltr'>Jug.</span> <span class='ocrx_word' id='word_1_43' title='bbox 490 905 543 932; x_wconf 88' lang='lat'>18.</span> <span class='ocrx_word' id='word_1_44' title='bbox 559 901 568 918; x_wconf 84' lang='lat'>‘</span> <span class='ocrx_word' id='word_1_45' title='bbox 582 901 697 931; x_wconf 90' lang='lat' dir='ltr'>multis</span> <span class='ocrx_word' id='word_1_46' title='bbox 714 901 776 932; x_wconf 86' lang='lat' dir='ltr'>sibi</span> <span class='ocrx_word' id='word_1_47' title='bbox 793 902 934 943; x_wconf 85' lang='lat' dir='ltr'>quisque</span> <span class='ocrx_word' id='word_1_48' title='bbox 944 899 1004 930; x_wconf 91' lang='lat' dir='ltr'>im-</span> 
     </span>
     <span class='ocr_line' id='line_1_12' title="bbox 305 950 672 994; baseline -0.005 -11"><span class='ocrx_word' id='word_1_49' title='bbox 305 953 434 994; x_wconf 88' lang='lat' dir='ltr'>perium</span> <span class='ocrx_word' id='word_1_50' title='bbox 451 950 672 992; x_wconf 85' lang='lat' dir='ltr'>petentibus.&#39;</span> 
     </span>
    </p>

    <p class='ocr_par' dir='ltr' id='par_1_5' title="bbox 305 1000 1009 1291">
     <span class='ocr_line' id='line_1_13' title="bbox 349 1000 1007 1044; baseline -0.005 -10"><span class='ocrx_word' id='word_1_51' title='bbox 349 1004 366 1044; x_wconf 57' lang='grc' dir='ltr'><strong>ς</strong></span> <span class='ocrx_word' id='word_1_52' title='bbox 383 1005 403 1033; x_wconf 90' lang='grc'><strong>6</strong></span> <span class='ocrx_word' id='word_1_53' title='bbox 427 1002 475 1034; x_wconf 84' lang='lat' dir='ltr'>Ac</span> <span class='ocrx_word' id='word_1_54' title='bbox 489 1004 674 1043; x_wconf 84' lang='lat' dir='ltr'>prostratos,</span> <span class='ocrx_word' id='word_1_55' title='bbox 689 1010 758 1032; x_wconf 85' lang='lat' dir='ltr'>cum</span> <span class='ocrx_word' id='word_1_56' title='bbox 778 1000 858 1031; x_wconf 79' lang='lat' dir='ltr'>alios</span> <span class='ocrx_word' id='word_1_57' title='bbox 879 1000 1007 1031; x_wconf 78' lang='lat' dir='ltr'>invade·</span> 
     </span>
     <span class='ocr_line' id='line_1_14' title="bbox 305 1050 1008 1092; baseline -0.003 -9"><span class='ocrx_word' id='word_1_58' title='bbox 305 1056 353 1084; x_wconf 84' lang='lat' dir='ltr'>ret</span> <span class='ocrx_word' id='word_1_59' title='bbox 384 1053 525 1092; x_wconf 83' lang='lat' dir='ltr'><strong><em>desuper,</em></strong></span> <span class='ocrx_word' id='word_1_60' title='bbox 549 1052 731 1092; x_wconf 79' lang='lat' dir='ltr'><em>proculcans</em></span> <span class='ocrx_word' id='word_1_61' title='bbox 757 1050 909 1090; x_wconf 76' lang='lat' dir='ltr'><strong><em>obterere]</em></strong></span> <span class='ocrx_word' id='word_1_62' title='bbox 952 1050 1008 1081; x_wconf 82' lang='lat' dir='ltr'>Ita</span> 
     </span>
     <span class='ocr_line' id='line_1_15' title="bbox 307 1100 1008 1143; baseline -0.003 -10"><span class='ocrx_word' id='word_1_63' title='bbox 307 1102 390 1143; x_wconf 82' lang='lat' dir='ltr'>Arg.</span> <span class='ocrx_word' id='word_1_64' title='bbox 418 1102 557 1133; x_wconf 82' lang='lat' dir='ltr'>Sallust.</span> <span class='ocrx_word' id='word_1_65' title='bbox 569 1101 647 1141; x_wconf 80' lang='lat' dir='ltr'>Jug.</span> <span class='ocrx_word' id='word_1_66' title='bbox 662 1103 715 1132; x_wconf 84' lang='grc'>94.</span> <span class='ocrx_word' id='word_1_67' title='bbox 732 1104 740 1118; x_wconf 86' lang='lat'>‘</span> <span class='ocrx_word' id='word_1_68' title='bbox 754 1100 804 1131; x_wconf 84' lang='lat' dir='ltr'>Eo</span> <span class='ocrx_word' id='word_1_69' title='bbox 818 1100 927 1132; x_wconf 88' lang='lat' dir='ltr'>acrius</span> <span class='ocrx_word' id='word_1_70' title='bbox 942 1101 1008 1131; x_wconf 86' lang='lat' dir='ltr'>Ro-</span> 
     </span>
     <span class='ocr_line' id='line_1_16' title="bbox 306 1151 1008 1192; baseline -0.007 -7"><span class='ocrx_word' id='word_1_71' title='bbox 306 1153 398 1185; x_wconf 89' lang='lat' dir='ltr'>mani</span> <span class='ocrx_word' id='word_1_72' title='bbox 424 1153 564 1192; x_wconf 84' lang='lat' dir='ltr'>instare,</span> <span class='ocrx_word' id='word_1_73' title='bbox 585 1151 741 1191; x_wconf 81' lang='lat' dir='ltr'>fundere,</span> <span class='ocrx_word' id='word_1_74' title='bbox 764 1160 804 1181; x_wconf 85' lang='lat' dir='ltr'>ac</span> <span class='ocrx_word' id='word_1_75' title='bbox 827 1151 1008 1191; x_wconf 86' lang='lat' dir='ltr'>plerosque</span> 
     </span>
     <span class='ocr_line' id='line_1_17' title="bbox 308 1200 1009 1241; baseline -0.007 -6"><span class='ocrx_word' id='word_1_76' title='bbox 308 1202 543 1235; x_wconf 88' lang='lat' dir='ltr'>tantummodo</span> <span class='ocrx_word' id='word_1_77' title='bbox 559 1201 724 1239; x_wconf 81' lang='lat' dir='ltr'>sauciare,</span> <span class='ocrx_word' id='word_1_78' title='bbox 741 1200 821 1231; x_wconf 87' lang='lat' dir='ltr'>dein</span> <span class='ocrx_word' id='word_1_79' title='bbox 838 1209 939 1241; x_wconf 82' lang='lat' dir='ltr'>super</span> <span class='ocrx_word' id='word_1_80' title='bbox 951 1208 1009 1232; x_wconf 88' lang='lat' dir='ltr'>oc-</span> 
     </span>
     <span class='ocr_line' id='line_1_18' title="bbox 309 1248 783 1291; baseline -0.008 -7"><span class='ocrx_word' id='word_1_81' title='bbox 309 1252 455 1284; x_wconf 88' lang='lat' dir='ltr'>cisorum</span> <span class='ocrx_word' id='word_1_82' title='bbox 472 1260 617 1291; x_wconf 86' lang='lat' dir='ltr'>corpora</span> <span class='ocrx_word' id='word_1_83' title='bbox 633 1248 783 1281; x_wconf 66' lang='lat' dir='ltr'>vadere!</span> 
     </span>
    </p>

    <p class='ocr_par' dir='ltr' id='par_1_6' title="bbox 310 1298 1021 1993">
     <span class='ocr_line' id='line_1_19' title="bbox 353 1298 1011 1344; baseline -0.005 -11"><span class='ocrx_word' id='word_1_84' title='bbox 353 1304 406 1344; x_wconf 70' lang='lat'>§⁷</span> <span class='ocrx_word' id='word_1_85' title='bbox 434 1302 674 1341; x_wconf 76' lang='lat' dir='ltr'>Ingressusque,</span> <span class='ocrx_word' id='word_1_86' title='bbox 703 1300 819 1331; x_wconf 80' lang='lat' dir='ltr'><em>hostem</em></span> <span class='ocrx_word' id='word_1_87' title='bbox 837 1298 1011 1340; x_wconf 84' lang='lat' dir='ltr'>complecti-</span> 
     </span>
     <span class='ocr_line' id='line_1_20' title="bbox 310 1349 1012 1392; baseline -0.006 -8"><span class='ocrx_word' id='word_1_88' title='bbox 310 1357 377 1392; x_wconf 77' lang='lat' dir='ltr'>tur,</span> <span class='ocrx_word' id='word_1_89' title='bbox 405 1362 498 1383; x_wconf 80' lang='lat' dir='ltr'>mauu</span> <span class='ocrx_word' id='word_1_90' title='bbox 525 1352 638 1382; x_wconf 82' lang='lat' dir='ltr'>dextra</span> <span class='ocrx_word' id='word_1_91' title='bbox 665 1351 811 1391; x_wconf 81' lang='lat' dir='ltr'>poplitem</span> <span class='ocrx_word' id='word_1_92' title='bbox 838 1349 1012 1390; x_wconf 82' lang='lat' dir='ltr'>succidens]</span> 
     </span>
     <span class='ocr_line' id='line_1_21' title="bbox 312 1401 1011 1443; baseline -0.004 -8"><span class='ocrx_word' id='word_1_93' title='bbox 312 1403 446 1436; x_wconf 84' lang='lat' dir='ltr'>Gallice</span> <span class='ocrx_word' id='word_1_94' title='bbox 480 1412 558 1443; x_wconf 83' lang='lat' dir='ltr'>coup</span> <span class='ocrx_word' id='word_1_95' title='bbox 578 1403 617 1433; x_wconf 80' lang='lat' dir='ltr'>de</span> <span class='ocrx_word' id='word_1_96' title='bbox 639 1403 760 1433; x_wconf 82' lang='lat' dir='ltr'>Jarnac</span> <span class='ocrx_word' id='word_1_97' title='bbox 788 1401 878 1433; x_wconf 87' lang='lat' dir='ltr'>hunc</span> <span class='ocrx_word' id='word_1_98' title='bbox 904 1401 1011 1432; x_wconf 91' lang='lat' dir='ltr'>ictum</span> 
     </span>
     <span class='ocr_line' id='line_1_22' title="bbox 312 1450 1014 1492; baseline -0.004 -8"><span class='ocrx_word' id='word_1_99' title='bbox 312 1453 426 1484; x_wconf 85' lang='lat' dir='ltr'>vocari</span> <span class='ocrx_word' id='word_1_100' title='bbox 444 1452 476 1482; x_wconf 92' lang='lat' dir='ltr'>in</span> <span class='ocrx_word' id='word_1_101' title='bbox 493 1451 711 1492; x_wconf 89' lang='lat' dir='ltr'>proverbium</span> <span class='ocrx_word' id='word_1_102' title='bbox 728 1451 824 1489; x_wconf 89' lang='lat' dir='ltr'>abiit,</span> <span class='ocrx_word' id='word_1_103' title='bbox 840 1450 894 1481; x_wconf 90' lang='lat' dir='ltr'>cui</span> <span class='ocrx_word' id='word_1_104' title='bbox 912 1450 1014 1490; x_wconf 85' lang='lat' dir='ltr'>origi-</span> 
     </span>
     <span class='ocr_line' id='line_1_23' title="bbox 313 1500 1013 1542; baseline -0.003 -9"><span class='ocrx_word' id='word_1_105' title='bbox 313 1512 388 1534; x_wconf 85' lang='lat' dir='ltr'>nem</span> <span class='ocrx_word' id='word_1_106' title='bbox 404 1501 502 1533; x_wconf 89' lang='lat' dir='ltr'>dedit</span> <span class='ocrx_word' id='word_1_107' title='bbox 515 1501 696 1542; x_wconf 80' lang='lat' dir='ltr'>singularis</span> <span class='ocrx_word' id='word_1_108' title='bbox 708 1501 799 1532; x_wconf 90' lang='lat' dir='ltr'>inter</span> <span class='ocrx_word' id='word_1_109' title='bbox 808 1500 932 1531; x_wconf 80' lang='lat' dir='ltr'>vidum</span> <span class='ocrx_word' id='word_1_110' title='bbox 949 1501 1013 1532; x_wconf 89' lang='lat' dir='ltr'>Ca-</span> 
     </span>
     <span class='ocr_line' id='line_1_24' title="bbox 313 1550 1013 1586; baseline -0.004 -2"><span class='ocrx_word' id='word_1_111' title='bbox 313 1553 445 1584; x_wconf 90' lang='lat' dir='ltr'>botium</span> <span class='ocrx_word' id='word_1_112' title='bbox 477 1550 690 1586; x_wconf 83' lang='lat' dir='ltr'>Jarnacium,</span> <span class='ocrx_word' id='word_1_113' title='bbox 730 1554 766 1581; x_wconf 88' lang='lat' dir='ltr'>et</span> <span class='ocrx_word' id='word_1_114' title='bbox 797 1550 1013 1581; x_wconf 89' lang='lat' dir='ltr'>Franciscum</span> 
     </span>
     <span class='ocr_line' id='line_1_25' title="bbox 314 1599 1016 1639; baseline -0.007 -5"><span class='ocrx_word' id='word_1_115' title='bbox 314 1603 482 1634; x_wconf 89' lang='lat' dir='ltr'>Vivonum</span> <span class='ocrx_word' id='word_1_116' title='bbox 499 1601 706 1632; x_wconf 87' lang='lat' dir='ltr'>Castaneum</span> <span class='ocrx_word' id='word_1_117' title='bbox 723 1599 907 1639; x_wconf 89' lang='lat' dir='ltr'>dimicatio,</span> <span class='ocrx_word' id='word_1_118' title='bbox 923 1599 1016 1630; x_wconf 87' lang='lat' dir='ltr'>Thu·</span> 
     </span>
     <span class='ocr_line' id='line_1_26' title="bbox 317 1648 1015 1684; baseline -0.006 0"><span class='ocrx_word' id='word_1_119' title='bbox 317 1663 382 1684; x_wconf 84' lang='lat' dir='ltr'>ano</span> <span class='ocrx_word' id='word_1_120' title='bbox 398 1652 501 1683; x_wconf 85' lang='lat' dir='ltr'>etiam</span> <span class='ocrx_word' id='word_1_121' title='bbox 517 1654 705 1682; x_wconf 90' lang='lat' dir='ltr'>memorata</span> <span class='ocrx_word' id='word_1_122' title='bbox 720 1649 852 1680; x_wconf 81' lang='lat' dir='ltr'>Hister.</span> <span class='ocrx_word' id='word_1_123' title='bbox 876 1648 933 1680; x_wconf 89' lang='lat' dir='ltr'>lib.</span> <span class='ocrx_word' id='word_1_124' title='bbox 956 1657 1015 1680; x_wconf 81' lang='grc' dir='ltr'>ιιι.</span> 
     </span>
     <span class='ocr_line' id='line_1_27' title="bbox 318 1698 1016 1740; baseline -0.007 -6"><span class='ocrx_word' id='word_1_125' title='bbox 318 1703 360 1734; x_wconf 90' lang='lat' dir='ltr'>ad</span> <span class='ocrx_word' id='word_1_126' title='bbox 377 1701 418 1734; x_wconf 89' lang='lat' dir='ltr'>A.</span> <span class='ocrx_word' id='word_1_127' title='bbox 436 1704 531 1734; x_wconf 82' lang='grc'><strong>1547.</strong></span> <span class='ocrx_word' id='word_1_128' title='bbox 565 1701 738 1732; x_wconf 67' lang='lat' dir='ltr'>Caeterum</span> <span class='ocrx_word' id='word_1_129' title='bbox 762 1698 937 1740; x_wconf 87' lang='lat' dir='ltr'>‘ingredi’</span> <span class='ocrx_word' id='word_1_130' title='bbox 962 1699 1016 1730; x_wconf 89' lang='lat' dir='ltr'>hic</span> 
     </span>
     <span class='ocr_line' id='line_1_28' title="bbox 320 1749 1018 1792; baseline -0.006 -8"><span class='ocrx_word' id='word_1_131' title='bbox 320 1758 374 1785; x_wconf 86' lang='lat' dir='ltr'>est</span> <span class='ocrx_word' id='word_1_132' title='bbox 391 1752 452 1783; x_wconf 85' lang='lat' dir='ltr'>sub</span> <span class='ocrx_word' id='word_1_133' title='bbox 469 1751 618 1792; x_wconf 84' lang='lat' dir='ltr'>gladium</span> <span class='ocrx_word' id='word_1_134' title='bbox 645 1749 843 1789; x_wconf 86' lang='lat' dir='ltr'>succedere,</span> <span class='ocrx_word' id='word_1_135' title='bbox 864 1754 902 1781; x_wconf 92' lang='lat' dir='ltr'>ut</span> <span class='ocrx_word' id='word_1_136' title='bbox 925 1753 1018 1781; x_wconf 87' lang='lat' dir='ltr'>vete-</span> 
     </span>
     <span class='ocr_line' id='line_1_29' title="bbox 319 1799 1018 1843; baseline -0.006 -9"><span class='ocrx_word' id='word_1_137' title='bbox 319 1801 618 1843; x_wconf 87' lang='lat' dir='ltr'>resloquebantur.</span> <span class='ocrx_word' id='word_1_138' title='bbox 641 1805 650 1818; x_wconf 90' lang='lat'>‘</span> <span class='ocrx_word' id='word_1_139' title='bbox 663 1799 1018 1840; x_wconf 82' lang='lat' dir='ltr'>Quadrigarius&#39;apud</span> 
     </span>
     <span class='ocr_line' id='line_1_30' title="bbox 320 1850 1020 1890; baseline -0.004 -7"><span class='ocrx_word' id='word_1_140' title='bbox 320 1853 472 1884; x_wconf 88' lang='lat' dir='ltr'>Gellium</span> <span class='ocrx_word' id='word_1_141' title='bbox 504 1859 559 1882; x_wconf 83' lang='lat' dir='ltr'>1x.</span> <span class='ocrx_word' id='word_1_142' title='bbox 594 1853 645 1882; x_wconf 84' lang='lat'>13.</span> <span class='ocrx_word' id='word_1_143' title='bbox 684 1850 727 1880; x_wconf 86' lang='lat' dir='ltr'>de</span> <span class='ocrx_word' id='word_1_144' title='bbox 756 1859 871 1890; x_wconf 86' lang='lat' dir='ltr'>pugna</span> <span class='ocrx_word' id='word_1_145' title='bbox 899 1850 1020 1880; x_wconf 88' lang='lat' dir='ltr'>Manlii</span> 
     </span>
     <span class='ocr_line' id='line_1_31' title="bbox 319 1900 1021 1943; baseline -0.004 -9"><span class='ocrx_word' id='word_1_146' title='bbox 319 1901 483 1943; x_wconf 85' lang='lat' dir='ltr'>Torquati</span> <span class='ocrx_word' id='word_1_147' title='bbox 500 1910 575 1933; x_wconf 87' lang='lat' dir='ltr'>cum</span> <span class='ocrx_word' id='word_1_148' title='bbox 593 1900 708 1939; x_wconf 91' lang='lat' dir='ltr'>Gallo,</span> <span class='ocrx_word' id='word_1_149' title='bbox 722 1903 731 1918; x_wconf 75' lang='lat'>⁸</span> <span class='ocrx_word' id='word_1_150' title='bbox 746 1900 846 1942; x_wconf 89' lang='lat' dir='ltr'>eique</span> <span class='ocrx_word' id='word_1_151' title='bbox 862 1900 924 1931; x_wconf 91' lang='lat' dir='ltr'>sub</span> <span class='ocrx_word' id='word_1_152' title='bbox 940 1900 1021 1932; x_wconf 85' lang='lat' dir='ltr'>Gal·</span> 
     </span>
     <span class='ocr_line' id='line_1_32' title="bbox 321 1949 787 1993; baseline -0.009 -9"><span class='ocrx_word' id='word_1_153' title='bbox 321 1954 423 1985; x_wconf 89' lang='lat' dir='ltr'>licum</span> <span class='ocrx_word' id='word_1_154' title='bbox 438 1952 585 1993; x_wconf 85' lang='lat' dir='ltr'>gladium</span> <span class='ocrx_word' id='word_1_155' title='bbox 599 1949 787 1982; x_wconf 54' lang='lat' dir='ltr'>successit?</span> 
     </span>
    </p>

    <p class='ocr_par' dir='ltr' id='par_1_7' title="bbox 323 1999 1038 2891">
     <span class='ocr_line' id='line_1_33' title="bbox 368 1999 1024 2043; baseline -0.006 -9"><span class='ocrx_word' id='word_1_156' title='bbox 368 2003 386 2043; x_wconf 55' lang='grc' dir='ltr'><strong>ς</strong></span> <span class='ocrx_word' id='word_1_157' title='bbox 410 2005 451 2033; x_wconf 86' lang='grc'>16</span> <span class='ocrx_word' id='word_1_158' title='bbox 496 2001 540 2033; x_wconf 88' lang='lat' dir='ltr'>Ut</span> <span class='ocrx_word' id='word_1_159' title='bbox 569 2010 640 2031; x_wconf 83' lang='lat' dir='ltr'>aves</span> <span class='ocrx_word' id='word_1_160' title='bbox 666 2002 872 2030; x_wconf 80' lang='lat' dir='ltr'>consternatoe</span> <span class='ocrx_word' id='word_1_161' title='bbox 900 1999 1024 2030; x_wconf 85' lang='lat' dir='ltr'>vocibus</span> 
     </span>
     <span class='ocr_line' id='line_1_34' title="bbox 323 2049 1024 2091; baseline -0.006 -6"><span class='ocrx_word' id='word_1_162' title='bbox 323 2055 387 2085; x_wconf 81' lang='lat' dir='ltr'>alto</span> <span class='ocrx_word' id='word_1_163' title='bbox 397 2053 547 2084; x_wconf 83' lang='lat' dir='ltr'>decidisse</span> <span class='ocrx_word' id='word_1_164' title='bbox 561 2049 773 2091; x_wconf 83' lang='lat' dir='ltr'>crederentur]</span> <span class='ocrx_word' id='word_1_165' title='bbox 798 2050 919 2091; x_wconf 88' lang='lat' dir='ltr'>Majori</span> <span class='ocrx_word' id='word_1_166' title='bbox 934 2059 1024 2081; x_wconf 86' lang='lat' dir='ltr'>asse·</span> 
     </span>
     <span class='ocr_line' id='line_1_35' title="bbox 325 2100 1024 2135; baseline -0.004 -1"><span class='ocrx_word' id='word_1_167' title='bbox 325 2103 498 2135; x_wconf 88' lang='lat' dir='ltr'>veratione</span> <span class='ocrx_word' id='word_1_168' title='bbox 514 2101 557 2133; x_wconf 86' lang='lat' dir='ltr'>de</span> <span class='ocrx_word' id='word_1_169' title='bbox 574 2100 708 2132; x_wconf 82' lang='lat' dir='ltr'>Graecis</span> <span class='ocrx_word' id='word_1_170' title='bbox 724 2110 801 2132; x_wconf 89' lang='lat' dir='ltr'>cum</span> <span class='ocrx_word' id='word_1_171' title='bbox 817 2101 851 2131; x_wconf 92' lang='lat' dir='ltr'>in</span> <span class='ocrx_word' id='word_1_172' title='bbox 864 2100 1024 2132; x_wconf 86' lang='lat' dir='ltr'>Isthmico</span> 
     </span>
     <span class='ocr_line' id='line_1_36' title="bbox 325 2151 1025 2195; baseline -0.007 -9"><span class='ocrx_word' id='word_1_173' title='bbox 325 2153 521 2195; x_wconf 89' lang='lat' dir='ltr'>spectaculo</span> <span class='ocrx_word' id='word_1_174' title='bbox 537 2151 679 2182; x_wconf 85' lang='lat' dir='ltr'>libertas</span> <span class='ocrx_word' id='word_1_175' title='bbox 695 2155 731 2182; x_wconf 88' lang='lat' dir='ltr'>et</span> <span class='ocrx_word' id='word_1_176' title='bbox 746 2151 939 2182; x_wconf 82' lang='lat' dir='ltr'>immunitas</span> <span class='ocrx_word' id='word_1_177' title='bbox 958 2151 1025 2182; x_wconf 88' lang='lat' dir='ltr'>illis</span> 
     </span>
     <span class='ocr_line' id='line_1_37' title="bbox 327 2201 1027 2245; baseline -0.004 -10"><span class='ocrx_word' id='word_1_178' title='bbox 327 2203 542 2245; x_wconf 85' lang='lat' dir='ltr'>promulgata</span> <span class='ocrx_word' id='word_1_179' title='bbox 556 2206 661 2240; x_wconf 89' lang='lat' dir='ltr'>esset,</span> <span class='ocrx_word' id='word_1_180' title='bbox 682 2201 839 2232; x_wconf 88' lang='lat' dir='ltr'>Valerius</span> <span class='ocrx_word' id='word_1_181' title='bbox 855 2201 1027 2232; x_wconf 85' lang='lat' dir='ltr'>Maximus</span> 
     </span>
     <span class='ocr_line' id='line_1_38' title="bbox 327 2250 1030 2292; baseline -0.006 -7"><span class='ocrx_word' id='word_1_182' title='bbox 327 2263 377 2287; x_wconf 87' lang='lat' dir='ltr'>1v.</span> <span class='ocrx_word' id='word_1_183' title='bbox 393 2256 424 2284; x_wconf 86' lang='lat'>8.</span> <span class='ocrx_word' id='word_1_184' title='bbox 460 2255 469 2270; x_wconf 90' lang='lat'>‘</span> <span class='ocrx_word' id='word_1_185' title='bbox 487 2252 619 2283; x_wconf 77' lang='lat' dir='ltr'>iterata</span> <span class='ocrx_word' id='word_1_186' title='bbox 639 2250 915 2292; x_wconf 79' lang='lat' dir='ltr'>pronuntiatione</span> <span class='ocrx_word' id='word_1_187' title='bbox 941 2260 1030 2292; x_wconf 76' lang='lat' dir='ltr'>pra&gt;-</span> 
     </span>
     <span class='ocr_line' id='line_1_39' title="bbox 327 2300 1030 2343; baseline -0.006 -8"><span class='ocrx_word' id='word_1_188' title='bbox 327 2304 433 2343; x_wconf 87' lang='lat' dir='ltr'>conis,</span> <span class='ocrx_word' id='word_1_189' title='bbox 458 2306 556 2334; x_wconf 83' lang='lat' dir='ltr'>tanta</span> <span class='ocrx_word' id='word_1_190' title='bbox 579 2301 701 2332; x_wconf 88' lang='lat' dir='ltr'>coelnm</span> <span class='ocrx_word' id='word_1_191' title='bbox 727 2301 886 2332; x_wconf 85' lang='lat' dir='ltr'>clamoris</span> <span class='ocrx_word' id='word_1_192' title='bbox 909 2300 1030 2332; x_wconf 88' lang='lat' dir='ltr'>alacri-</span> 
     </span>
     <span class='ocr_line' id='line_1_40' title="bbox 330 2353 1030 2393; baseline -0.004 -8"><span class='ocrx_word' id='word_1_193' title='bbox 330 2358 401 2385; x_wconf 79' lang='lat' dir='ltr'>tate</span> <span class='ocrx_word' id='word_1_194' title='bbox 418 2353 689 2393; x_wconf 87' lang='lat' dir='ltr'>compleverunt,</span> <span class='ocrx_word' id='word_1_195' title='bbox 712 2355 750 2382; x_wconf 92' lang='lat' dir='ltr'>ut</span> <span class='ocrx_word' id='word_1_196' title='bbox 771 2356 867 2383; x_wconf 88' lang='lat' dir='ltr'>certo</span> <span class='ocrx_word' id='word_1_197' title='bbox 883 2355 1030 2390; x_wconf 89' lang='lat' dir='ltr'>constet,</span> 
     </span>
     <span class='ocr_line' id='line_1_41' title="bbox 331 2400 1030 2444; baseline -0.004 -9"><span class='ocrx_word' id='word_1_198' title='bbox 331 2413 411 2435; x_wconf 87' lang='lat' dir='ltr'>aves</span> <span class='ocrx_word' id='word_1_199' title='bbox 452 2412 528 2444; x_wconf 84' lang='lat' dir='ltr'>quae</span> <span class='ocrx_word' id='word_1_200' title='bbox 565 2400 828 2442; x_wconf 81' lang='lat' dir='ltr'>supervolabant</span> <span class='ocrx_word' id='word_1_201' title='bbox 865 2401 1030 2432; x_wconf 84' lang='lat' dir='ltr'>attonitas</span> 
     </span>
     <span class='ocr_line' id='line_1_42' title="bbox 331 2448 1031 2494; baseline -0.003 -11"><span class='ocrx_word' id='word_1_202' title='bbox 331 2456 564 2494; x_wconf 84' lang='lat' dir='ltr'>paventesque</span> <span class='ocrx_word' id='word_1_203' title='bbox 581 2448 773 2481; x_wconf 65' lang='lat' dir='ltr'>decidisse!</span> <span class='ocrx_word' id='word_1_204' title='bbox 799 2450 845 2481; x_wconf 86' lang='lat' dir='ltr'>Et</span> <span class='ocrx_word' id='word_1_205' title='bbox 861 2449 980 2481; x_wconf 86' lang='lat' dir='ltr'>Romae</span> <span class='ocrx_word' id='word_1_206' title='bbox 998 2452 1031 2481; x_wconf 90' lang='lat' dir='ltr'>in</span> 
     </span>
     <span class='ocr_line' id='line_1_43' title="bbox 333 2499 1033 2540; baseline -0.007 -5"><span class='ocrx_word' id='word_1_207' title='bbox 333 2502 511 2539; x_wconf 86' lang='lat' dir='ltr'>concione,</span> <span class='ocrx_word' id='word_1_208' title='bbox 536 2509 612 2531; x_wconf 90' lang='lat' dir='ltr'>cum</span> <span class='ocrx_word' id='word_1_209' title='bbox 635 2499 676 2530; x_wconf 88' lang='lat' dir='ltr'>de</span> <span class='ocrx_word' id='word_1_210' title='bbox 701 2499 867 2540; x_wconf 89' lang='lat' dir='ltr'>Pompeio</span> <span class='ocrx_word' id='word_1_211' title='bbox 883 2500 924 2531; x_wconf 87' lang='lat' dir='ltr'>ad</span> <span class='ocrx_word' id='word_1_212' title='bbox 943 2499 1033 2540; x_wconf 87' lang='lat' dir='ltr'>pira-</span> 
     </span>
     <span class='ocr_line' id='line_1_44' title="bbox 336 2550 1034 2590; baseline -0.004 -6"><span class='ocrx_word' id='word_1_213' title='bbox 336 2553 440 2584; x_wconf 91' lang='lat' dir='ltr'>ticum</span> <span class='ocrx_word' id='word_1_214' title='bbox 477 2551 601 2582; x_wconf 83' lang='lat' dir='ltr'>bellum</span> <span class='ocrx_word' id='word_1_215' title='bbox 633 2550 839 2590; x_wconf 84' lang='lat' dir='ltr'>imperatore</span> <span class='ocrx_word' id='word_1_216' title='bbox 874 2550 1034 2590; x_wconf 85' lang='lat' dir='ltr'>eligendo</span> 
     </span>
     <span class='ocr_line' id='line_1_45' title="bbox 336 2598 1034 2639; baseline -0.006 -5"><span class='ocrx_word' id='word_1_217' title='bbox 336 2606 557 2639; x_wconf 85' lang='lat' dir='ltr'>tractaretur,</span> <span class='ocrx_word' id='word_1_218' title='bbox 568 2600 585 2629; x_wconf 85' lang='grc' dir='ltr'>ὁ</span> <span class='ocrx_word' id='word_1_219' title='bbox 598 2598 705 2638; x_wconf 79' lang='grc' dir='ltr'>ὅμιλος</span> <span class='ocrx_word' id='word_1_220' title='bbox 716 2598 800 2638; x_wconf 73' lang='grc' dir='ltr'>μέγα</span> <span class='ocrx_word' id='word_1_221' title='bbox 810 2599 861 2630; x_wconf 78' lang='grc' dir='ltr'>καὶ</span> <span class='ocrx_word' id='word_1_222' title='bbox 873 2600 1034 2637; x_wconf 84' lang='grc' dir='ltr'>ἀπειλητι-</span> 
     </span>
     <span class='ocr_line' id='line_1_46' title="bbox 337 2649 1035 2691; baseline -0.003 -8"><span class='ocrx_word' id='word_1_223' title='bbox 337 2651 392 2683; x_wconf 76' lang='grc' dir='ltr'>κὸν</span> <span class='ocrx_word' id='word_1_224' title='bbox 404 2651 586 2691; x_wconf 81' lang='grc' dir='ltr'>ἀνέκραγεν,</span> <span class='ocrx_word' id='word_1_225' title='bbox 600 2649 720 2680; x_wconf 75' lang='lat' dir='ltr'>scribit</span> <span class='ocrx_word' id='word_1_226' title='bbox 731 2650 798 2681; x_wconf 91' lang='lat' dir='ltr'>Dio</span> <span class='ocrx_word' id='word_1_227' title='bbox 812 2658 942 2681; x_wconf 76' lang='lat' dir='ltr'>XXXVI.</span> <span class='ocrx_word' id='word_1_228' title='bbox 953 2650 1035 2681; x_wconf 79' lang='grc' dir='ltr'>ὥστε</span> 
     </span>
     <span class='ocr_line' id='line_1_47' title="bbox 339 2697 1036 2741; baseline 0 -9"><span class='ocrx_word' id='word_1_229' title='bbox 339 2699 456 2741; x_wconf 82' lang='grc' dir='ltr'>κόρακά</span> <span class='ocrx_word' id='word_1_230' title='bbox 470 2711 539 2730; x_wconf 75' lang='grc' dir='ltr'>τινα</span> <span class='ocrx_word' id='word_1_231' title='bbox 554 2697 800 2739; x_wconf 80' lang='grc' dir='ltr'>ὑπερπετόμενον</span> <span class='ocrx_word' id='word_1_232' title='bbox 821 2701 908 2739; x_wconf 83' lang='grc' dir='ltr'>σφῶν</span> <span class='ocrx_word' id='word_1_233' title='bbox 920 2701 1036 2732; x_wconf 82' lang='grc' dir='ltr'>ἐκπλα-</span> 
     </span>
     <span class='ocr_line' id='line_1_48' title="bbox 339 2750 1035 2791; baseline 0.001 -9"><span class='ocrx_word' id='word_1_234' title='bbox 339 2753 444 2790; x_wconf 81' lang='grc' dir='ltr'>γῆναι,</span> <span class='ocrx_word' id='word_1_235' title='bbox 471 2750 522 2782; x_wconf 83' lang='grc' dir='ltr'>καὶ</span> <span class='ocrx_word' id='word_1_236' title='bbox 547 2751 656 2781; x_wconf 78' lang='grc' dir='ltr'>πεσεῖν</span> <span class='ocrx_word' id='word_1_237' title='bbox 679 2750 783 2790; x_wconf 74' lang='grc' dir='ltr'>ὥσπερ</span> <span class='ocrx_word' id='word_1_238' title='bbox 812 2751 1035 2791; x_wconf 81' lang='grc' dir='ltr'>ἐμβρόντητον.</span> 
     </span>
     <span class='ocr_line' id='line_1_49' title="bbox 342 2800 1038 2834; baseline 0.001 -1"><span class='ocrx_word' id='word_1_239' title='bbox 342 2802 431 2833; x_wconf 89' lang='lat' dir='ltr'>Add.</span> <span class='ocrx_word' id='word_1_240' title='bbox 447 2801 622 2832; x_wconf 85' lang='lat' dir='ltr'>Plutarch.</span> <span class='ocrx_word' id='word_1_241' title='bbox 647 2800 681 2831; x_wconf 90' lang='lat' dir='ltr'>iu</span> <span class='ocrx_word' id='word_1_242' title='bbox 703 2801 867 2833; x_wconf 89' lang='lat' dir='ltr'>Flaminio</span> <span class='ocrx_word' id='word_1_243' title='bbox 884 2807 919 2834; x_wconf 88' lang='lat' dir='ltr'>et</span> <span class='ocrx_word' id='word_1_244' title='bbox 936 2803 1038 2834; x_wconf 87' lang='lat' dir='ltr'>Pom-</span> 
     </span>
     <span class='ocr_line' id='line_1_50' title="bbox 343 2851 431 2891; baseline -0.011 -10"><span class='ocrx_word' id='word_1_245' title='bbox 343 2851 431 2891; x_wconf 87' lang='lat' dir='ltr'>peio.</span> 
     </span>
    </p>

    <p class='ocr_par' dir='ltr' id='par_1_8' title="bbox 388 2899 1040 2941">
     <span class='ocr_line' id='line_1_51' title="bbox 388 2899 1040 2941; baseline 0.005 -11"><span class='ocrx_word' id='word_1_246' title='bbox 388 2899 514 2930; x_wconf 80' lang='lat' dir='ltr'>Fortior</span> <span class='ocrx_word' id='word_1_247' title='bbox 527 2909 617 2940; x_wconf 83' lang='lat' dir='ltr'>quam</span> <span class='ocrx_word' id='word_1_248' title='bbox 619 2899 764 2941; x_wconf 85' lang='lat' dir='ltr'>felicior]</span> <span class='ocrx_word' id='word_1_249' title='bbox 788 2900 874 2933; x_wconf 81' lang='lat' dir='ltr'>Haec</span> <span class='ocrx_word' id='word_1_250' title='bbox 887 2909 929 2932; x_wconf 85' lang='lat' dir='ltr'>ex</span> <span class='ocrx_word' id='word_1_251' title='bbox 944 2900 1040 2933; x_wconf 82' lang='lat' dir='ltr'>Med.</span> 
     </span>
    </p>
   </div>
   <div class='ocr_carea' id='block_1_3' title="bbox 471 355 1576 390">
    <p class='ocr_par' dir='ltr' id='par_1_9' title="bbox 471 355 1576 390">
     <span class='ocr_line' id='line_1_52' title="bbox 471 355 1576 390; baseline -0.003 0"><span class='ocrx_word' id='word_1_252' title='bbox 471 359 612 390; x_wconf 77' lang='lat' dir='ltr'>NO&#39;PAE</span> <span class='ocrx_word' id='word_1_253' title='bbox 646 358 912 389; x_wconf 79' lang='lat' dir='ltr'>VARIORUM</span> <span class='ocrx_word' id='word_1_254' title='bbox 949 357 1000 387; x_wconf 80' lang='grc' dir='ltr'>ΙΝ</span> <span class='ocrx_word' id='word_1_255' title='bbox 1039 356 1228 388; x_wconf 81' lang='lat' dir='ltr'>DICTYM</span> <span class='ocrx_word' id='word_1_256' title='bbox 1264 355 1576 387; x_wconf 80' lang='lat' dir='ltr'>CRE&#39;I&#39;ENSEM.</span> 
     </span>
    </p>
   </div>
   <div class='ocr_carea' id='block_1_4' title="bbox 1048 447 1777 2191">
    <p class='ocr_par' dir='ltr' id='par_1_10' title="bbox 1048 447 1756 884">
     <span class='ocr_line' id='line_1_53' title="bbox 1048 447 1751 490; baseline -0.003 -9"><span class='ocrx_word' id='word_1_257' title='bbox 1048 450 1104 482; x_wconf 83' lang='lat' dir='ltr'>ed.</span> <span class='ocrx_word' id='word_1_258' title='bbox 1140 450 1269 490; x_wconf 84' lang='lat' dir='ltr'>addita,</span> <span class='ocrx_word' id='word_1_259' title='bbox 1306 449 1360 481; x_wconf 89' lang='lat' dir='ltr'>cui</span> <span class='ocrx_word' id='word_1_260' title='bbox 1397 453 1510 480; x_wconf 88' lang='lat' dir='ltr'>tamen</span> <span class='ocrx_word' id='word_1_261' title='bbox 1539 447 1751 480; x_wconf 76' lang='lat' dir='ltr'>detraximus</span> 
     </span>
     <span class='ocr_line' id='line_1_54' title="bbox 1048 500 1752 536; baseline -0.004 -3"><span class='ocrx_word' id='word_1_262' title='bbox 1048 502 1255 534; x_wconf 85' lang='lat' dir='ltr'>Glossatoris</span> <span class='ocrx_word' id='word_1_263' title='bbox 1268 505 1510 536; x_wconf 80' lang='lat' dir='ltr'>assumentum.</span> <span class='ocrx_word' id='word_1_264' title='bbox 1525 503 1534 519; x_wconf 90' lang='lat'>‘</span> <span class='ocrx_word' id='word_1_265' title='bbox 1544 500 1676 531; x_wconf 87' lang='lat' dir='ltr'>cunctis</span> <span class='ocrx_word' id='word_1_266' title='bbox 1690 500 1752 531; x_wconf 87' lang='lat' dir='ltr'>du-</span> 
     </span>
     <span class='ocr_line' id='line_1_55' title="bbox 1049 550 1749 583; baseline -0.003 -1"><span class='ocrx_word' id='word_1_267' title='bbox 1049 552 1145 583; x_wconf 83' lang='lat' dir='ltr'>cibus</span> <span class='ocrx_word' id='word_1_268' title='bbox 1158 550 1307 582; x_wconf 67' lang='lat' dir='ltr'>nostris!</span> <span class='ocrx_word' id='word_1_269' title='bbox 1337 551 1468 582; x_wconf 87' lang='lat' dir='ltr'>Iterum</span> <span class='ocrx_word' id='word_1_270' title='bbox 1483 551 1538 582; x_wconf 87' lang='lat' dir='ltr'>hic</span> <span class='ocrx_word' id='word_1_271' title='bbox 1550 550 1749 582; x_wconf 86' lang='lat' dir='ltr'>Sallustium</span> 
     </span>
     <span class='ocr_line' id='line_1_56' title="bbox 1049 600 1754 641; baseline -0.004 -8"><span class='ocrx_word' id='word_1_272' title='bbox 1049 602 1203 633; x_wconf 85' lang='lat' dir='ltr'>imitatur</span> <span class='ocrx_word' id='word_1_273' title='bbox 1226 601 1433 641; x_wconf 83' lang='lat' dir='ltr'>Septimius:</span> <span class='ocrx_word' id='word_1_274' title='bbox 1458 601 1507 632; x_wconf 86' lang='lat' dir='ltr'>sic</span> <span class='ocrx_word' id='word_1_275' title='bbox 1526 600 1688 631; x_wconf 88' lang='lat' dir='ltr'>enimille</span> <span class='ocrx_word' id='word_1_276' title='bbox 1711 601 1754 630; x_wconf 88' lang='lat' dir='ltr'>de</span> 
     </span>
     <span class='ocr_line' id='line_1_57' title="bbox 1050 650 1754 693; baseline -0.003 -10"><span class='ocrx_word' id='word_1_277' title='bbox 1050 653 1143 683; x_wconf 90' lang='lat' dir='ltr'>Sulla</span> <span class='ocrx_word' id='word_1_278' title='bbox 1159 651 1239 692; x_wconf 86' lang='lat' dir='ltr'>Jug.</span> <span class='ocrx_word' id='word_1_279' title='bbox 1249 654 1306 684; x_wconf 83' lang='lat'>95.</span> <span class='ocrx_word' id='word_1_280' title='bbox 1320 652 1330 669; x_wconf 90' lang='lat'>‘</span> <span class='ocrx_word' id='word_1_281' title='bbox 1344 655 1447 693; x_wconf 86' lang='lat' dir='ltr'>atque</span> <span class='ocrx_word' id='word_1_282' title='bbox 1464 650 1669 682; x_wconf 83' lang='lat' dir='ltr'>felicissumo</span> <span class='ocrx_word' id='word_1_283' title='bbox 1683 660 1754 681; x_wconf 92' lang='lat' dir='ltr'>om-</span> 
     </span>
     <span class='ocr_line' id='line_1_58' title="bbox 1050 701 1755 739; baseline -0.004 -6"><span class='ocrx_word' id='word_1_284' title='bbox 1050 703 1143 733; x_wconf 89' lang='lat' dir='ltr'>nium</span> <span class='ocrx_word' id='word_1_285' title='bbox 1171 708 1249 733; x_wconf 86' lang='lat' dir='ltr'>ante</span> <span class='ocrx_word' id='word_1_286' title='bbox 1279 702 1415 733; x_wconf 88' lang='lat' dir='ltr'>civilem</span> <span class='ocrx_word' id='word_1_287' title='bbox 1446 701 1641 739; x_wconf 86' lang='lat' dir='ltr'>victoriam,</span> <span class='ocrx_word' id='word_1_288' title='bbox 1670 709 1755 731; x_wconf 89' lang='lat' dir='ltr'>nun-</span> 
     </span>
     <span class='ocr_line' id='line_1_59' title="bbox 1051 750 1756 794; baseline -0.001 -11"><span class='ocrx_word' id='word_1_289' title='bbox 1051 763 1149 794; x_wconf 89' lang='lat' dir='ltr'>quam</span> <span class='ocrx_word' id='word_1_290' title='bbox 1168 762 1272 793; x_wconf 89' lang='lat' dir='ltr'>super</span> <span class='ocrx_word' id='word_1_291' title='bbox 1293 752 1493 783; x_wconf 88' lang='lat' dir='ltr'>industriam</span> <span class='ocrx_word' id='word_1_292' title='bbox 1515 750 1654 783; x_wconf 85' lang='lat' dir='ltr'>fortuna</span> <span class='ocrx_word' id='word_1_293' title='bbox 1676 750 1756 790; x_wconf 87' lang='lat' dir='ltr'>fuit,</span> 
     </span>
     <span class='ocr_line' id='line_1_60' title="bbox 1052 800 1756 843; baseline -0.001 -10"><span class='ocrx_word' id='word_1_294' title='bbox 1052 802 1217 843; x_wconf 87' lang='lat' dir='ltr'>multique</span> <span class='ocrx_word' id='word_1_295' title='bbox 1234 802 1448 836; x_wconf 85' lang='lat' dir='ltr'>dubitavere,</span> <span class='ocrx_word' id='word_1_296' title='bbox 1474 800 1598 833; x_wconf 85' lang='lat' dir='ltr'>fortior</span> <span class='ocrx_word' id='word_1_297' title='bbox 1623 810 1665 832; x_wconf 87' lang='lat' dir='ltr'>au</span> <span class='ocrx_word' id='word_1_298' title='bbox 1683 800 1756 832; x_wconf 79' lang='lat' dir='ltr'>feli-</span> 
     </span>
     <span class='ocr_line' id='line_1_61' title="bbox 1053 850 1256 884; baseline -0.01 0"><span class='ocrx_word' id='word_1_299' title='bbox 1053 852 1125 884; x_wconf 88' lang='lat' dir='ltr'>cior</span> <span class='ocrx_word' id='word_1_300' title='bbox 1141 850 1256 883; x_wconf 87' lang='lat' dir='ltr'>esset.&#39;</span> 
     </span>
    </p>

    <p class='ocr_par' dir='ltr' id='par_1_11' title="bbox 1055 901 1768 1640">
     <span class='ocr_line' id='line_1_62' title="bbox 1097 901 1756 943; baseline -0.005 -9"><span class='ocrx_word' id='word_1_301' title='bbox 1097 903 1114 943; x_wconf 76' lang='lat'>§</span> <span class='ocrx_word' id='word_1_302' title='bbox 1132 905 1172 933; x_wconf 83' lang='lat'>18</span> <span class='ocrx_word' id='word_1_303' title='bbox 1196 901 1306 933; x_wconf 80' lang='lat' dir='ltr'>Media</span> <span class='ocrx_word' id='word_1_304' title='bbox 1329 901 1465 932; x_wconf 82' lang='lat' dir='ltr'>columba</span> <span class='ocrx_word' id='word_1_305' title='bbox 1487 903 1592 942; x_wconf 80' lang='lat' dir='ltr'>sparto</span> <span class='ocrx_word' id='word_1_306' title='bbox 1606 901 1756 941; x_wconf 82' lang='lat' dir='ltr'>depende-</span> 
     </span>
     <span class='ocr_line' id='line_1_63' title="bbox 1055 950 1759 993; baseline -0.003 -11"><span class='ocrx_word' id='word_1_307' title='bbox 1055 951 1124 993; x_wconf 82' lang='lat' dir='ltr'>bat]</span> <span class='ocrx_word' id='word_1_308' title='bbox 1164 950 1249 991; x_wconf 83' lang='lat' dir='ltr'>Arg.</span> <span class='ocrx_word' id='word_1_309' title='bbox 1282 950 1367 982; x_wconf 90' lang='lat' dir='ltr'>Cod.</span> <span class='ocrx_word' id='word_1_310' title='bbox 1394 951 1563 991; x_wconf 85' lang='lat' dir='ltr'>scriptura</span> <span class='ocrx_word' id='word_1_311' title='bbox 1591 950 1665 980; x_wconf 84' lang='lat' dir='ltr'>haec</span> <span class='ocrx_word' id='word_1_312' title='bbox 1694 953 1759 980; x_wconf 86' lang='lat' dir='ltr'>est.</span> 
     </span>
     <span class='ocr_line' id='line_1_64' title="bbox 1056 999 1760 1040; baseline -0.006 -6"><span class='ocrx_word' id='word_1_313' title='bbox 1056 1002 1112 1034; x_wconf 89' lang='lat' dir='ltr'>Al.</span> <span class='ocrx_word' id='word_1_314' title='bbox 1137 1003 1147 1019; x_wconf 92' lang='lat'>‘</span> <span class='ocrx_word' id='word_1_315' title='bbox 1164 1001 1282 1033; x_wconf 85' lang='lat' dir='ltr'>Media</span> <span class='ocrx_word' id='word_1_316' title='bbox 1298 1001 1455 1032; x_wconf 89' lang='lat' dir='ltr'>columba</span> <span class='ocrx_word' id='word_1_317' title='bbox 1471 1004 1569 1040; x_wconf 88' lang='lat' dir='ltr'>parte</span> <span class='ocrx_word' id='word_1_318' title='bbox 1585 999 1760 1040; x_wconf 81' lang='lat' dir='ltr'>depende-</span> 
     </span>
     <span class='ocr_line' id='line_1_65' title="bbox 1056 1051 1759 1092; baseline -0.006 -9"><span class='ocrx_word' id='word_1_319' title='bbox 1056 1051 1139 1084; x_wconf 90' lang='lat' dir='ltr'>bat.&#39;</span> <span class='ocrx_word' id='word_1_320' title='bbox 1171 1052 1250 1083; x_wconf 90' lang='lat' dir='ltr'>Scio</span> <span class='ocrx_word' id='word_1_321' title='bbox 1275 1051 1365 1092; x_wconf 88' lang='lat' dir='ltr'>apud</span> <span class='ocrx_word' id='word_1_322' title='bbox 1390 1051 1539 1083; x_wconf 88' lang='lat' dir='ltr'>Gellium</span> <span class='ocrx_word' id='word_1_323' title='bbox 1558 1058 1652 1081; x_wconf 85' lang='lat' dir='ltr'>xvu.</span> <span class='ocrx_word' id='word_1_324' title='bbox 1669 1052 1700 1081; x_wconf 83' lang='lat'>3.</span> <span class='ocrx_word' id='word_1_325' title='bbox 1716 1058 1759 1079; x_wconf 86' lang='lat' dir='ltr'>ex</span> 
     </span>
     <span class='ocr_line' id='line_1_66' title="bbox 1056 1101 1759 1144; baseline -0.006 -9"><span class='ocrx_word' id='word_1_326' title='bbox 1056 1104 1212 1135; x_wconf 88' lang='lat' dir='ltr'>Varrone</span> <span class='ocrx_word' id='word_1_327' title='bbox 1240 1103 1420 1144; x_wconf 85' lang='lat' dir='ltr'>disputari,</span> <span class='ocrx_word' id='word_1_328' title='bbox 1442 1103 1571 1143; x_wconf 85' lang='lat' dir='ltr'>‘sparti</span> <span class='ocrx_word' id='word_1_329' title='bbox 1597 1111 1693 1133; x_wconf 89' lang='lat' dir='ltr'>usum</span> <span class='ocrx_word' id='word_1_330' title='bbox 1725 1101 1759 1132; x_wconf 90' lang='lat' dir='ltr'>in</span> 
     </span>
     <span class='ocr_line' id='line_1_67' title="bbox 1058 1150 1762 1192; baseline -0.003 -8"><span class='ocrx_word' id='word_1_331' title='bbox 1058 1158 1151 1185; x_wconf 81' lang='lat' dir='ltr'>terra</span> <span class='ocrx_word' id='word_1_332' title='bbox 1166 1153 1304 1185; x_wconf 83' lang='lat' dir='ltr'>Graecia</span> <span class='ocrx_word' id='word_1_333' title='bbox 1327 1152 1387 1183; x_wconf 86' lang='lat' dir='ltr'>diu</span> <span class='ocrx_word' id='word_1_334' title='bbox 1411 1152 1619 1192; x_wconf 86' lang='lat' dir='ltr'>incognitum</span> <span class='ocrx_word' id='word_1_335' title='bbox 1644 1150 1762 1187; x_wconf 81' lang='lat' dir='ltr'>fuisse,</span> 
     </span>
     <span class='ocr_line' id='line_1_68' title="bbox 1057 1202 1761 1244; baseline -0.003 -10"><span class='ocrx_word' id='word_1_336' title='bbox 1057 1203 1240 1244; x_wconf 88' lang='lat' dir='ltr'>multisque</span> <span class='ocrx_word' id='word_1_337' title='bbox 1255 1207 1331 1243; x_wconf 88' lang='lat' dir='ltr'>post</span> <span class='ocrx_word' id='word_1_338' title='bbox 1348 1202 1447 1233; x_wconf 86' lang='lat' dir='ltr'>Ilium</span> <span class='ocrx_word' id='word_1_339' title='bbox 1459 1207 1597 1243; x_wconf 87' lang='lat' dir='ltr'>captum</span> <span class='ocrx_word' id='word_1_340' title='bbox 1614 1207 1761 1242; x_wconf 84' lang='lat' dir='ltr'>tempes-</span> 
     </span>
     <span class='ocr_line' id='line_1_69' title="bbox 1059 1249 1766 1292; baseline -0.006 -7"><span class='ocrx_word' id='word_1_341' title='bbox 1059 1254 1188 1286; x_wconf 79' lang='lat' dir='ltr'>tatibus</span> <span class='ocrx_word' id='word_1_342' title='bbox 1204 1263 1247 1285; x_wconf 89' lang='lat' dir='ltr'>ex</span> <span class='ocrx_word' id='word_1_343' title='bbox 1263 1258 1355 1285; x_wconf 88' lang='lat' dir='ltr'>terra</span> <span class='ocrx_word' id='word_1_344' title='bbox 1372 1252 1543 1292; x_wconf 88' lang='lat' dir='ltr'>Hispania</span> <span class='ocrx_word' id='word_1_345' title='bbox 1557 1249 1766 1283; x_wconf 86' lang='lat' dir='ltr'>advectum.&#39;</span> 
     </span>
     <span class='ocr_line' id='line_1_70' title="bbox 1059 1301 1765 1335; baseline -0.004 -1"><span class='ocrx_word' id='word_1_346' title='bbox 1059 1303 1128 1334; x_wconf 90' lang='lat' dir='ltr'>Sed</span> <span class='ocrx_word' id='word_1_347' title='bbox 1149 1303 1276 1335; x_wconf 82' lang='lat' dir='ltr'>Nostro</span> <span class='ocrx_word' id='word_1_348' title='bbox 1292 1301 1426 1333; x_wconf 88' lang='lat' dir='ltr'>licuerit</span> <span class='ocrx_word' id='word_1_349' title='bbox 1439 1302 1503 1333; x_wconf 86' lang='lat' dir='ltr'>hac</span> <span class='ocrx_word' id='word_1_350' title='bbox 1517 1311 1598 1332; x_wconf 90' lang='lat' dir='ltr'>voce</span> <span class='ocrx_word' id='word_1_351' title='bbox 1614 1301 1661 1332; x_wconf 91' lang='lat' dir='ltr'>uti</span> <span class='ocrx_word' id='word_1_352' title='bbox 1673 1310 1765 1332; x_wconf 89' lang='lat' dir='ltr'>com·</span> 
     </span>
     <span class='ocr_line' id='line_1_71' title="bbox 1060 1348 1765 1393; baseline -0.006 -9"><span class='ocrx_word' id='word_1_353' title='bbox 1060 1352 1152 1384; x_wconf 91' lang='lat' dir='ltr'>muni</span> <span class='ocrx_word' id='word_1_354' title='bbox 1166 1351 1432 1393; x_wconf 83' lang='lat' dir='ltr'>significatione,</span> <span class='ocrx_word' id='word_1_355' title='bbox 1446 1361 1513 1393; x_wconf 85' lang='lat' dir='ltr'>qua</span> <span class='ocrx_word' id='word_1_356' title='bbox 1525 1351 1658 1383; x_wconf 86' lang='lat' dir='ltr'>Graecis</span> <span class='ocrx_word' id='word_1_357' title='bbox 1668 1348 1765 1390; x_wconf 80' lang='grc' dir='ltr'>σπάρ-</span> 
     </span>
     <span class='ocr_line' id='line_1_72' title="bbox 1059 1400 1766 1434; baseline -0.006 0"><span class='ocrx_word' id='word_1_358' title='bbox 1059 1414 1102 1434; x_wconf 83' lang='grc' dir='ltr'>τα</span> <span class='ocrx_word' id='word_1_359' title='bbox 1130 1403 1314 1434; x_wconf 85' lang='lat' dir='ltr'>denotasse</span> <span class='ocrx_word' id='word_1_360' title='bbox 1343 1401 1441 1432; x_wconf 87' lang='lat' dir='ltr'>funes</span> <span class='ocrx_word' id='word_1_361' title='bbox 1472 1410 1516 1432; x_wconf 85' lang='lat' dir='ltr'>ex</span> <span class='ocrx_word' id='word_1_362' title='bbox 1543 1400 1697 1432; x_wconf 87' lang='lat' dir='ltr'>cannabe</span> <span class='ocrx_word' id='word_1_363' title='bbox 1727 1404 1766 1431; x_wconf 90' lang='lat' dir='ltr'>et</span> 
     </span>
     <span class='ocr_line' id='line_1_73' title="bbox 1061 1450 1766 1493; baseline -0.007 -9"><span class='ocrx_word' id='word_1_364' title='bbox 1061 1459 1162 1493; x_wconf 87' lang='lat' dir='ltr'>stupa</span> <span class='ocrx_word' id='word_1_365' title='bbox 1174 1452 1377 1492; x_wconf 87' lang='lat' dir='ltr'>caeterisque</span> <span class='ocrx_word' id='word_1_366' title='bbox 1395 1451 1513 1482; x_wconf 87' lang='lat' dir='ltr'>sativis</span> <span class='ocrx_word' id='word_1_367' title='bbox 1528 1450 1641 1490; x_wconf 88' lang='lat' dir='ltr'>rebus,</span> <span class='ocrx_word' id='word_1_368' title='bbox 1658 1450 1766 1480; x_wconf 85' lang='lat' dir='ltr'>Varro</span> 
     </span>
     <span class='ocr_line' id='line_1_74' title="bbox 1061 1498 1767 1534; baseline -0.006 -1"><span class='ocrx_word' id='word_1_369' title='bbox 1061 1501 1201 1534; x_wconf 85' lang='lat' dir='ltr'>fatetur.</span> <span class='ocrx_word' id='word_1_370' title='bbox 1234 1502 1290 1533; x_wconf 91' lang='lat' dir='ltr'>Ita</span> <span class='ocrx_word' id='word_1_371' title='bbox 1306 1507 1402 1533; x_wconf 89' lang='lat' dir='ltr'>certe</span> <span class='ocrx_word' id='word_1_372' title='bbox 1420 1499 1575 1532; x_wconf 87' lang='lat' dir='ltr'>Eustath.</span> <span class='ocrx_word' id='word_1_373' title='bbox 1592 1500 1695 1531; x_wconf 87' lang='lat' dir='ltr'>Hom.</span> <span class='ocrx_word' id='word_1_374' title='bbox 1720 1498 1767 1530; x_wconf 87' lang='grc' dir='ltr'>ΙΙ.</span> 
     </span>
     <span class='ocr_line' id='line_1_75' title="bbox 1063 1549 1768 1592; baseline -0.004 -9"><span class='ocrx_word' id='word_1_375' title='bbox 1063 1556 1098 1583; x_wconf 89' lang='grc' dir='ltr'>Β.</span> <span class='ocrx_word' id='word_1_376' title='bbox 1115 1555 1191 1583; x_wconf 82' lang='lat'>135.</span> <span class='ocrx_word' id='word_1_377' title='bbox 1213 1550 1342 1582; x_wconf 77' lang='grc' dir='ltr'>Εόίκασι</span> <span class='ocrx_word' id='word_1_378' title='bbox 1356 1549 1503 1592; x_wconf 75' lang='grc' dir='ltr'>στι-ἄρτων</span> <span class='ocrx_word' id='word_1_379' title='bbox 1513 1551 1621 1589; x_wconf 79' lang='grc' dir='ltr'><strong><em>φυτοῖς</em></strong></span> <span class='ocrx_word' id='word_1_380' title='bbox 1632 1550 1768 1590; x_wconf 77' lang='grc' dir='ltr'>χρᾶσθαι</span> 
     </span>
     <span class='ocr_line' id='line_1_76' title="bbox 1065 1600 1601 1640; baseline -0.004 -8"><span class='ocrx_word' id='word_1_381' title='bbox 1065 1601 1094 1633; x_wconf 82' lang='grc' dir='ltr'>οἱ</span> <span class='ocrx_word' id='word_1_382' title='bbox 1107 1600 1234 1632; x_wconf 77' lang='grc' dir='ltr'>παλαιοὶ</span> <span class='ocrx_word' id='word_1_383' title='bbox 1250 1600 1293 1632; x_wconf 80' lang='grc' dir='ltr'>εἷς</span> <span class='ocrx_word' id='word_1_384' title='bbox 1303 1600 1428 1638; x_wconf 79' lang='grc' dir='ltr'>πλοκὴν</span> <span class='ocrx_word' id='word_1_385' title='bbox 1442 1600 1601 1640; x_wconf 78' lang='grc' dir='ltr'>σχοινίων.</span> 
     </span>
    </p>

    <p class='ocr_par' dir='ltr' id='par_1_12' title="bbox 1066 1649 1768 1742">
     <span class='ocr_line' id='line_1_77' title="bbox 1110 1649 1768 1690; baseline -0.003 -8"><span class='ocrx_word' id='word_1_386' title='bbox 1110 1653 1214 1682; x_wconf 83' lang='lat' dir='ltr'>Cursu</span> <span class='ocrx_word' id='word_1_387' title='bbox 1234 1652 1325 1690; x_wconf 81' lang='lat' dir='ltr'>longo</span> <span class='ocrx_word' id='word_1_388' title='bbox 1347 1651 1539 1681; x_wconf 81' lang='lat' dir='ltr'>certantibus</span> <span class='ocrx_word' id='word_1_389' title='bbox 1571 1649 1655 1681; x_wconf 80' lang='lat' dir='ltr'>Oilei</span> <span class='ocrx_word' id='word_1_390' title='bbox 1679 1649 1768 1689; x_wconf 75' lang='lat' dir='ltr'>Ajax</span> 
     </span>
     <span class='ocr_line' id='line_1_78' title="bbox 1066 1698 1719 1742; baseline -0.006 -9"><span class='ocrx_word' id='word_1_391' title='bbox 1066 1702 1180 1742; x_wconf 70' lang='lat' dir='ltr'>victor]</span> <span class='ocrx_word' id='word_1_392' title='bbox 1206 1699 1337 1733; x_wconf 80' lang='grc' dir='ltr'>Στάδιον</span> <span class='ocrx_word' id='word_1_393' title='bbox 1349 1700 1531 1741; x_wconf 77' lang='grc' dir='ltr'>ἀρίστευσεν</span> <span class='ocrx_word' id='word_1_394' title='bbox 1543 1698 1719 1730; x_wconf 77' lang='grc' dir='ltr'>εὖθύτονυν.</span> 
     </span>
    </p>

    <p class='ocr_par' dir='ltr' id='par_1_13' title="bbox 1069 1748 1775 2133">
     <span class='ocr_line' id='line_1_79' title="bbox 1112 1748 1772 1792; baseline -0.005 -10"><span class='ocrx_word' id='word_1_395' title='bbox 1112 1753 1130 1792; x_wconf 59' lang='grc' dir='ltr'>ξ</span> <span class='ocrx_word' id='word_1_396' title='bbox 1148 1754 1188 1781; x_wconf 89' lang='grc'>19</span> <span class='ocrx_word' id='word_1_397' title='bbox 1212 1751 1341 1791; x_wconf 81' lang='lat' dir='ltr'>Duplici</span> <span class='ocrx_word' id='word_1_398' title='bbox 1362 1760 1467 1790; x_wconf 86' lang='lat' dir='ltr'>campo</span> <span class='ocrx_word' id='word_1_399' title='bbox 1485 1749 1655 1790; x_wconf 82' lang='lat' dir='ltr'>Machaon]</span> <span class='ocrx_word' id='word_1_400' title='bbox 1678 1748 1772 1780; x_wconf 77' lang='grc' dir='ltr'>Δίαυ-</span> 
     </span>
     <span class='ocr_line' id='line_1_80' title="bbox 1069 1798 1773 1839; baseline -0.004 -7"><span class='ocrx_word' id='word_1_401' title='bbox 1069 1807 1126 1833; x_wconf 90' lang='grc' dir='ltr'>λον</span> <span class='ocrx_word' id='word_1_402' title='bbox 1142 1800 1275 1838; x_wconf 79' lang='grc' dir='ltr'>ἐνίκησε.</span> <span class='ocrx_word' id='word_1_403' title='bbox 1312 1798 1553 1839; x_wconf 81' lang='grc' dir='ltr'>Ἀ’γωνιζόμενος</span> <span class='ocrx_word' id='word_1_404' title='bbox 1576 1798 1615 1830; x_wconf 78' lang='grc' dir='ltr'>τὸ</span> <span class='ocrx_word' id='word_1_405' title='bbox 1643 1800 1773 1830; x_wconf 81' lang='grc' dir='ltr'>διπλοῦν</span> 
     </span>
     <span class='ocr_line' id='line_1_81' title="bbox 1070 1849 1772 1890; baseline -0.003 -8"><span class='ocrx_word' id='word_1_406' title='bbox 1070 1850 1210 1886; x_wconf 81' lang='grc' dir='ltr'>στάδιον,</span> <span class='ocrx_word' id='word_1_407' title='bbox 1225 1850 1277 1881; x_wconf 80' lang='grc' dir='ltr'>καὶ</span> <span class='ocrx_word' id='word_1_408' title='bbox 1286 1850 1403 1890; x_wconf 73' lang='grc' dir='ltr'>’γυμνὸς</span> <span class='ocrx_word' id='word_1_409' title='bbox 1411 1849 1462 1881; x_wconf 80' lang='grc' dir='ltr'>καὶ</span> <span class='ocrx_word' id='word_1_410' title='bbox 1469 1850 1551 1888; x_wconf 83' lang='grc' dir='ltr'>μετὰ</span> <span class='ocrx_word' id='word_1_411' title='bbox 1558 1851 1616 1887; x_wconf 84' lang='grc' dir='ltr'>τῆς</span> <span class='ocrx_word' id='word_1_412' title='bbox 1629 1849 1772 1880; x_wconf 75' lang='grc' dir='ltr'>ἀσπίδος.</span> 
     </span>
     <span class='ocr_line' id='line_1_82' title="bbox 1071 1899 1772 1935; baseline -0.001 -4"><span class='ocrx_word' id='word_1_413' title='bbox 1071 1901 1140 1932; x_wconf 88' lang='lat' dir='ltr'>vid.</span> <span class='ocrx_word' id='word_1_414' title='bbox 1166 1901 1352 1931; x_wconf 86' lang='lat' dir='ltr'>Pausanias</span> <span class='ocrx_word' id='word_1_415' title='bbox 1383 1903 1416 1931; x_wconf 87' lang='lat' dir='ltr'>iu</span> <span class='ocrx_word' id='word_1_416' title='bbox 1447 1900 1686 1935; x_wconf 81' lang='lat' dir='ltr'>Corinthiacis,</span> <span class='ocrx_word' id='word_1_417' title='bbox 1713 1899 1772 1930; x_wconf 87' lang='lat' dir='ltr'>ubi</span> 
     </span>
     <span class='ocr_line' id='line_1_83' title="bbox 1073 1949 1771 1990; baseline -0.001 -9"><span class='ocrx_word' id='word_1_418' title='bbox 1073 1950 1232 1981; x_wconf 82' lang='lat' dir='ltr'>victorias</span> <span class='ocrx_word' id='word_1_419' title='bbox 1263 1949 1429 1981; x_wconf 80' lang='lat' dir='ltr'>Graniani</span> <span class='ocrx_word' id='word_1_420' title='bbox 1462 1950 1613 1990; x_wconf 82' lang='lat' dir='ltr'>Sicyonii</span> <span class='ocrx_word' id='word_1_421' title='bbox 1649 1953 1771 1981; x_wconf 81' lang='lat' dir='ltr'>statuae</span> 
     </span>
     <span class='ocr_line' id='line_1_84' title="bbox 1073 2000 1774 2042; baseline -0.001 -10"><span class='ocrx_word' id='word_1_422' title='bbox 1073 2001 1296 2041; x_wconf 85' lang='lat' dir='ltr'>subscriptas,</span> <span class='ocrx_word' id='word_1_423' title='bbox 1320 2001 1471 2042; x_wconf 90' lang='lat' dir='ltr'>itemque</span> <span class='ocrx_word' id='word_1_424' title='bbox 1495 2001 1529 2031; x_wconf 88' lang='lat' dir='ltr'>in</span> <span class='ocrx_word' id='word_1_425' title='bbox 1552 2000 1679 2032; x_wconf 85' lang='lat' dir='ltr'>Eliacis</span> <span class='ocrx_word' id='word_1_426' title='bbox 1705 2000 1774 2041; x_wconf 86' lang='lat' dir='ltr'>pri-</span> 
     </span>
     <span class='ocr_line' id='line_1_85' title="bbox 1074 2049 1775 2092; baseline -0.003 -9"><span class='ocrx_word' id='word_1_427' title='bbox 1074 2052 1203 2091; x_wconf 88' lang='lat' dir='ltr'>oribus,</span> <span class='ocrx_word' id='word_1_428' title='bbox 1227 2051 1285 2082; x_wconf 86' lang='lat' dir='ltr'>ubi</span> <span class='ocrx_word' id='word_1_429' title='bbox 1308 2051 1451 2092; x_wconf 83' lang='lat' dir='ltr'>figuram</span> <span class='ocrx_word' id='word_1_430' title='bbox 1479 2051 1536 2082; x_wconf 82' lang='grc' dir='ltr'>τοῦ</span> <span class='ocrx_word' id='word_1_431' title='bbox 1561 2049 1688 2082; x_wconf 78' lang='grc' dir='ltr'>διαύλου</span> <span class='ocrx_word' id='word_1_432' title='bbox 1715 2061 1775 2082; x_wconf 84' lang='lat' dir='ltr'>ex-</span> 
     </span>
     <span class='ocr_line' id='line_1_86' title="bbox 1074 2103 1181 2133; baseline -0.009 0"><span class='ocrx_word' id='word_1_433' title='bbox 1074 2103 1181 2133; x_wconf 77' lang='lat' dir='ltr'>hibet.</span> 
     </span>
    </p>

    <p class='ocr_par' dir='ltr' id='par_1_14' title="bbox 1120 2149 1777 2191">
     <span class='ocr_line' id='line_1_87' title="bbox 1120 2149 1777 2191; baseline -0.003 -8"><span class='ocrx_word' id='word_1_434' title='bbox 1120 2151 1255 2183; x_wconf 81' lang='lat' dir='ltr'>Pedibus</span> <span class='ocrx_word' id='word_1_435' title='bbox 1268 2151 1331 2190; x_wconf 75' lang='lat' dir='ltr'>eJus</span> <span class='ocrx_word' id='word_1_436' title='bbox 1344 2149 1599 2183; x_wconf 77' lang='lat' dir='ltr'>circumvertitur</span> <span class='ocrx_word' id='word_1_437' title='bbox 1619 2153 1714 2191; x_wconf 80' lang='lat' dir='ltr'>atque</span> <span class='ocrx_word' id='word_1_438' title='bbox 1728 2150 1777 2182; x_wconf 79' lang='lat' dir='ltr'>ita</span> 
     </span>
    </p>
   </div>
   <div class='ocr_carea' id='block_1_5' title="bbox 1075 2202 1785 2940">
    <p class='ocr_par' dir='ltr' id='par_1_15' title="bbox 1075 2202 1782 2646">
     <span class='ocr_line' id='line_1_88' title="bbox 1075 2202 1776 2245; baseline -0.003 -10"><span class='ocrx_word' id='word_1_439' title='bbox 1075 2204 1246 2245; x_wconf 75' lang='lat' dir='ltr'>praepedito</span> <span class='ocrx_word' id='word_1_440' title='bbox 1261 2202 1456 2243; x_wconf 76' lang='lat' dir='ltr'>obligatoque</span> <span class='ocrx_word' id='word_1_441' title='bbox 1469 2202 1566 2243; x_wconf 75' lang='lat' dir='ltr'>nixu]</span> <span class='ocrx_word' id='word_1_442' title='bbox 1580 2202 1673 2243; x_wconf 80' lang='lat' dir='ltr'>Arg.</span> <span class='ocrx_word' id='word_1_443' title='bbox 1690 2202 1776 2234; x_wconf 80' lang='lat' dir='ltr'>eod.</span> 
     </span>
     <span class='ocr_line' id='line_1_89' title="bbox 1079 2252 1779 2285; baseline -0.001 -1"><span class='ocrx_word' id='word_1_444' title='bbox 1079 2257 1114 2284; x_wconf 88' lang='lat' dir='ltr'>et</span> <span class='ocrx_word' id='word_1_445' title='bbox 1130 2253 1224 2284; x_wconf 88' lang='lat' dir='ltr'>Med.</span> <span class='ocrx_word' id='word_1_446' title='bbox 1240 2252 1295 2285; x_wconf 87' lang='lat' dir='ltr'>ed.</span> <span class='ocrx_word' id='word_1_447' title='bbox 1310 2262 1511 2284; x_wconf 86' lang='lat' dir='ltr'>consensum</span> <span class='ocrx_word' id='word_1_448' title='bbox 1527 2252 1583 2284; x_wconf 87' lang='lat' dir='ltr'>hic</span> <span class='ocrx_word' id='word_1_449' title='bbox 1597 2253 1705 2284; x_wconf 88' lang='lat' dir='ltr'>secuti</span> <span class='ocrx_word' id='word_1_450' title='bbox 1725 2262 1779 2283; x_wconf 87' lang='lat' dir='ltr'>su·</span> 
     </span>
     <span class='ocr_line' id='line_1_90' title="bbox 1079 2301 1778 2343; baseline -0.001 -8"><span class='ocrx_word' id='word_1_451' title='bbox 1079 2313 1167 2342; x_wconf 91' lang='lat' dir='ltr'>mus,</span> <span class='ocrx_word' id='word_1_452' title='bbox 1189 2312 1264 2334; x_wconf 86' lang='lat' dir='ltr'>raro</span> <span class='ocrx_word' id='word_1_453' title='bbox 1284 2303 1411 2343; x_wconf 89' lang='lat' dir='ltr'>quippe</span> <span class='ocrx_word' id='word_1_454' title='bbox 1433 2302 1467 2333; x_wconf 91' lang='lat' dir='ltr'>iu</span> <span class='ocrx_word' id='word_1_455' title='bbox 1491 2301 1644 2334; x_wconf 84' lang='lat' dir='ltr'>vitiosam</span> <span class='ocrx_word' id='word_1_456' title='bbox 1659 2303 1778 2334; x_wconf 87' lang='lat' dir='ltr'>lectio-</span> 
     </span>
     <span class='ocr_line' id='line_1_91' title="bbox 1079 2353 1780 2394; baseline 0.003 -10"><span class='ocrx_word' id='word_1_457' title='bbox 1079 2363 1156 2385; x_wconf 90' lang='lat' dir='ltr'>nem</span> <span class='ocrx_word' id='word_1_458' title='bbox 1181 2353 1458 2394; x_wconf 85' lang='lat' dir='ltr'>conspirantium.</span> <span class='ocrx_word' id='word_1_459' title='bbox 1482 2353 1516 2384; x_wconf 89' lang='lat' dir='ltr'>in</span> <span class='ocrx_word' id='word_1_460' title='bbox 1541 2353 1586 2384; x_wconf 86' lang='lat' dir='ltr'>al.</span> <span class='ocrx_word' id='word_1_461' title='bbox 1611 2353 1689 2385; x_wconf 86' lang='lat' dir='ltr'>edd.</span> <span class='ocrx_word' id='word_1_462' title='bbox 1715 2357 1780 2391; x_wconf 83' lang='lat' dir='ltr'>est,</span> 
     </span>
     <span class='ocr_line' id='line_1_92' title="bbox 1079 2403 1779 2444; baseline -0.001 -9"><span class='ocrx_word' id='word_1_463' title='bbox 1079 2404 1089 2421; x_wconf 93' lang='lat'>‘</span> <span class='ocrx_word' id='word_1_464' title='bbox 1106 2403 1250 2444; x_wconf 85' lang='lat' dir='ltr'>pedibus</span> <span class='ocrx_word' id='word_1_465' title='bbox 1276 2404 1348 2444; x_wconf 84' lang='lat' dir='ltr'>ejus</span> <span class='ocrx_word' id='word_1_466' title='bbox 1375 2403 1655 2435; x_wconf 87' lang='lat' dir='ltr'>circumnectitur</span> <span class='ocrx_word' id='word_1_467' title='bbox 1676 2407 1779 2443; x_wconf 88' lang='lat' dir='ltr'>atque</span> 
     </span>
     <span class='ocr_line' id='line_1_93' title="bbox 1082 2452 1780 2494; baseline -0.003 -9"><span class='ocrx_word' id='word_1_468' title='bbox 1082 2455 1131 2485; x_wconf 92' lang='lat' dir='ltr'>ita</span> <span class='ocrx_word' id='word_1_469' title='bbox 1143 2452 1332 2494; x_wconf 84' lang='lat' dir='ltr'>praepedito</span> <span class='ocrx_word' id='word_1_470' title='bbox 1345 2452 1564 2494; x_wconf 86' lang='lat' dir='ltr'>obligatoque</span> <span class='ocrx_word' id='word_1_471' title='bbox 1580 2452 1693 2484; x_wconf 63' lang='lat' dir='ltr'>nexu!</span> <span class='ocrx_word' id='word_1_472' title='bbox 1715 2453 1780 2484; x_wconf 88' lang='lat' dir='ltr'>Cui</span> 
     </span>
     <span class='ocr_line' id='line_1_94' title="bbox 1081 2500 1782 2543; baseline -0.003 -9"><span class='ocrx_word' id='word_1_473' title='bbox 1081 2503 1260 2543; x_wconf 86' lang='lat' dir='ltr'>scripturae</span> <span class='ocrx_word' id='word_1_474' title='bbox 1283 2500 1457 2532; x_wconf 81' lang='lat' dir='ltr'>firmandae</span> <span class='ocrx_word' id='word_1_475' title='bbox 1479 2506 1558 2532; x_wconf 87' lang='lat' dir='ltr'>sunt</span> <span class='ocrx_word' id='word_1_476' title='bbox 1581 2511 1657 2542; x_wconf 82' lang='lat' dir='ltr'>quae</span> <span class='ocrx_word' id='word_1_477' title='bbox 1675 2502 1782 2532; x_wconf 88' lang='lat' dir='ltr'>disse·</span> 
     </span>
     <span class='ocr_line' id='line_1_95' title="bbox 1083 2553 1780 2587; baseline -0.004 0"><span class='ocrx_word' id='word_1_478' title='bbox 1083 2556 1129 2587; x_wconf 86' lang='lat' dir='ltr'>rit</span> <span class='ocrx_word' id='word_1_479' title='bbox 1159 2554 1354 2586; x_wconf 88' lang='lat' dir='ltr'>Gronovius</span> <span class='ocrx_word' id='word_1_480' title='bbox 1386 2553 1534 2585; x_wconf 87' lang='lat' dir='ltr'>Diatrib.</span> <span class='ocrx_word' id='word_1_481' title='bbox 1563 2553 1605 2583; x_wconf 88' lang='lat' dir='ltr'>ad</span> <span class='ocrx_word' id='word_1_482' title='bbox 1635 2553 1780 2584; x_wconf 78' lang='lat' dir='ltr'>Statium</span> 
     </span>
     <span class='ocr_line' id='line_1_96' title="bbox 1083 2607 1228 2646; baseline -0.014 -9"><span class='ocrx_word' id='word_1_483' title='bbox 1083 2615 1159 2646; x_wconf 88' lang='lat' dir='ltr'>cap.</span> <span class='ocrx_word' id='word_1_484' title='bbox 1174 2607 1228 2636; x_wconf 81' lang='grc'>24.</span> 
     </span>
    </p>

    <p class='ocr_par' dir='ltr' id='par_1_16' title="bbox 1085 2651 1785 2940">
     <span class='ocr_line' id='line_1_97' title="bbox 1127 2651 1783 2695; baseline -0.002 -10"><span class='ocrx_word' id='word_1_485' title='bbox 1127 2655 1146 2695; x_wconf 55' lang='grc' dir='ltr'><strong>ξ</strong></span> <span class='ocrx_word' id='word_1_486' title='bbox 1162 2657 1204 2685; x_wconf 88' lang='grc'>20</span> <span class='ocrx_word' id='word_1_487' title='bbox 1229 2653 1298 2689; x_wconf 86' lang='lat' dir='ltr'>Quo</span> <span class='ocrx_word' id='word_1_488' title='bbox 1319 2662 1387 2684; x_wconf 88' lang='lat' dir='ltr'>cum</span> <span class='ocrx_word' id='word_1_489' title='bbox 1404 2651 1621 2684; x_wconf 74' lang='lat' dir='ltr'>Andromacha</span> <span class='ocrx_word' id='word_1_490' title='bbox 1642 2662 1703 2684; x_wconf 82' lang='lat' dir='ltr'>non</span> <span class='ocrx_word' id='word_1_491' title='bbox 1723 2652 1783 2684; x_wconf 87' lang='lat' dir='ltr'>mi-</span> 
     </span>
     <span class='ocr_line' id='line_1_98' title="bbox 1085 2701 1782 2744; baseline -0.001 -9"><span class='ocrx_word' id='word_1_492' title='bbox 1085 2714 1142 2735; x_wconf 82' lang='lat' dir='ltr'>nor</span> <span class='ocrx_word' id='word_1_493' title='bbox 1164 2714 1256 2744; x_wconf 85' lang='lat' dir='ltr'>quam</span> <span class='ocrx_word' id='word_1_494' title='bbox 1276 2703 1310 2734; x_wconf 81' lang='lat' dir='ltr'>in</span> <span class='ocrx_word' id='word_1_495' title='bbox 1326 2701 1457 2733; x_wconf 85' lang='lat' dir='ltr'>Priamo</span> <span class='ocrx_word' id='word_1_496' title='bbox 1481 2701 1656 2742; x_wconf 77' lang='lat' dir='ltr'>miseratio]</span> <span class='ocrx_word' id='word_1_497' title='bbox 1678 2702 1782 2734; x_wconf 86' lang='lat' dir='ltr'>Ovid.</span> 
     </span>
     <span class='ocr_line' id='line_1_99' title="bbox 1086 2750 1785 2785; baseline -0.001 -1"><span class='ocrx_word' id='word_1_498' title='bbox 1086 2754 1228 2785; x_wconf 83' lang='lat' dir='ltr'>Metam.</span> <span class='ocrx_word' id='word_1_499' title='bbox 1256 2761 1281 2784; x_wconf 88' lang='lat'>1.</span> <span class='ocrx_word' id='word_1_500' title='bbox 1308 2753 1384 2783; x_wconf 83' lang='lat'>654.</span> <span class='ocrx_word' id='word_1_501' title='bbox 1437 2750 1514 2781; x_wconf 85' lang='lat' dir='ltr'>‘Tu</span> <span class='ocrx_word' id='word_1_502' title='bbox 1546 2760 1613 2782; x_wconf 93' lang='lat' dir='ltr'>non</span> <span class='ocrx_word' id='word_1_503' title='bbox 1645 2751 1785 2783; x_wconf 79' lang='lat' dir='ltr'>iuventa</span> 
     </span>
     <span class='ocr_line' id='line_1_100' title="bbox 1088 2799 1784 2842; baseline -0.003 -8"><span class='ocrx_word' id='word_1_504' title='bbox 1088 2808 1227 2842; x_wconf 88' lang='lat' dir='ltr'>reperta</span> <span class='ocrx_word' id='word_1_505' title='bbox 1249 2803 1376 2833; x_wconf 91' lang='lat' dir='ltr'>Luctus</span> <span class='ocrx_word' id='word_1_506' title='bbox 1399 2809 1474 2831; x_wconf 87' lang='lat' dir='ltr'>eras</span> <span class='ocrx_word' id='word_1_507' title='bbox 1495 2799 1626 2831; x_wconf 81' lang='lat' dir='ltr'>levior.’</span> <span class='ocrx_word' id='word_1_508' title='bbox 1663 2801 1709 2832; x_wconf 89' lang='lat' dir='ltr'>Et</span> <span class='ocrx_word' id='word_1_509' title='bbox 1731 2809 1784 2832; x_wconf 81' lang='lat' dir='ltr'>lv.</span> 
     </span>
     <span class='ocr_line' id='line_1_101' title="bbox 1087 2849 1784 2885; baseline -0.001 -1"><span class='ocrx_word' id='word_1_510' title='bbox 1087 2856 1162 2885; x_wconf 87' lang='grc'>603.</span> <span class='ocrx_word' id='word_1_511' title='bbox 1215 2851 1310 2884; x_wconf 86' lang='lat' dir='ltr'>‘Sed</span> <span class='ocrx_word' id='word_1_512' title='bbox 1342 2855 1452 2882; x_wconf 84' lang='lat' dir='ltr'>tamen</span> <span class='ocrx_word' id='word_1_513' title='bbox 1480 2849 1644 2880; x_wconf 86' lang='lat' dir='ltr'>ambobus</span> <span class='ocrx_word' id='word_1_514' title='bbox 1677 2859 1784 2883; x_wconf 80' lang='lat' dir='ltr'>versae</span> 
     </span>
     <span class='ocr_line' id='line_1_102' title="bbox 1089 2898 1761 2940; baseline -0.006 -6"><span class='ocrx_word' id='word_1_515' title='bbox 1089 2902 1213 2934; x_wconf 85' lang='lat' dir='ltr'>solatia</span> <span class='ocrx_word' id='word_1_516' title='bbox 1228 2901 1346 2933; x_wconf 82' lang='lat' dir='ltr'>formae</span> <span class='ocrx_word' id='word_1_517' title='bbox 1362 2899 1490 2940; x_wconf 83' lang='lat' dir='ltr'>Magna</span> <span class='ocrx_word' id='word_1_518' title='bbox 1500 2908 1606 2940; x_wconf 84' lang='lat' dir='ltr'>nepos</span> <span class='ocrx_word' id='word_1_519' title='bbox 1622 2898 1761 2932; x_wconf 60' lang='lat' dir='ltr'>fuerat)</span> 
     </span>
    </p>
   </div>
  </div>
 </body>
</html>
