1889 3194
458 337 659 367 JOSEPHl
696 335 859 367 lscANl
898 335 959 365 DE
995 334 1152 364 BELLO
1187 334 1323 364 TROJ.
1360 335 1422 364 Vl.

1595 324 1680 365 525

231 431 293 472 At
314 430 495 484 sonipes
516 431 646 471 animi
668 443 755 471 non
777 434 1036 483 argumenta
1057 429 1236 482 superbi

231 498 376 539 Iratas
397 498 525 538 iterat
544 510 695 547 voces,
716 510 800 538 non
817 497 996 550 pulvere
1017 500 1150 550 capto

232 564 504 617 Multiplicat
525 577 742 618 suspensa
760 565 848 606 levi
867 563 1056 616 vestigia
1077 576 1199 616 gyro,

1626 565 1681 605 10

231 630 339 672 Non
355 631 499 672 fremit
519 631 746 677 incertum,
766 630 842 672 sed
862 635 960 672 tota
979 630 1248 682 immergitur
1268 630 1387 671 arvis

231 696 425 750 Ungula,
447 698 763 751 summittitque
784 698 992 751 equitem,
1012 697 1295 751 aurigamque
1317 709 1504 751 perosus

229 763 408 805 Avertit
427 765 543 806 collo
563 765 782 806 venientia
803 765 942 806 fraena
961 763 1143 805 reflexo.

231 831 496 873 Stridentem
515 831 612 873 litui
633 832 857 883 gemitum,
875 830 1102 872 stridentia
1128 829 1313 871 reddunt

229 897 259 938 J
263 910 368 939 ussa
383 899 516 947 tubae,
531 897 724 951 nullique
743 901 896 939 sonant
914 910 1002 938 non
1023 897 1146 939 triste
1168 896 1395 938 tumultus.
1626 896 1681 938 15

230 964 354 1006 Talis
372 965 417 1006 in
439 964 648 1006 adversas
665 965 844 1006 trahitur
861 964 973 1006 duce
990 963 1228 1005 Memnone
1244 968 1412 1005 turmas

231 1031 402 1073 Moesta
424 1031 645 1084 Phrygum
664 1032 825 1084 pubes,
845 1035 1038 1085 poscunt
1058 1043 1267 1080 remeare,
1292 1034 1552 1083 negantque,

230 1097 541 1152 Venturusque
563 1097 734 1139 Hector
751 1110 925 1152 semper
943 1101 1043 1152 post
1063 1101 1185 1150 terga
1205 1097 1393 1139 videtur.

231 1164 437 1216 Qualiter
454 1164 635 1219 Hyblaei
654 1165 822 1207 mellita
841 1165 1039 1218 pericula
1058 1177 1182 1217 reges

231 1232 281 1273 Si
302 1232 436 1285 signis
456 1232 590 1273 iniere
612 1231 740 1282 datis,
760 1232 933 1273 labente
954 1235 1136 1286 tyranno

228 1297 468 1348 Alterutro‚
486 1298 643 1340 viduos
660 1298 766 1340 dant
784 1299 958 1353 agmina
979 1299 1161 1340 stridula
1179 1301 1377 1352 questuS,

231 1366 290 1407 Et
311 1367 505 1408 subitum
526 1366 603 1407 vix
623 1369 750 1407 nacta
770 1365 929 1407 ducem
948 1366 1186 1408 metuentia
1207 1365 1379 1406 vibrant

231 1433 428 1487 Spicula,
449 1436 492 1474 et
512 1432 680 1474 imbelli
698 1436 891 1474 remeant
909 1432 954 1473 in
973 1431 1131 1486 praelia
1149 1435 1302 1473 rostro.

286 1500 476 1553 Jamque
496 1498 664 1553 Argiva
683 1499 891 1552 phalanx,
917 1499 1035 1541 laetis
1051 1498 1297 1553 jactantior
1319 1497 1452 1538 armis

230 1565 475 1615 Prodierat,
494 1565 699 1620 tollitque
720 1565 909 1616 animos,
931 1566 1203 1618 celeremque
1224 1564 1492 1618 triumphum

1624 1564 1682 1605 25

230 1632 427 1674 Hectore
447 1632 617 1686 dejecto
638 1637 803 1687 sperat,
826 1633 916 1675 dux
935 1632 1091 1685 digerit
1111 1645 1235 1674 arma

230 1699 511 1753 Naupliades
530 1699 619 1741 voti
635 1712 836 1754 compos,
856 1712 1072 1753 curasque
1093 1698 1315 1740 timendas

231 1766 392 1816 Induit,
412 1770 455 1807 et
476 1766 581 1807 duro
601 1765 756 1808 fruitur
774 1767 1051 1809 miserandus
1071 1766 1251 1808 honore.

885 1894 1028 1929 NOTAE

231 1959 339 1991 crucis
368 1959 506 2000 insuper
534 1959 661 1991 habito.
715 1960 804 1992 Item
837 1959 929 2000 apud

232 2008 406 2040 Sidonium
429 2007 544 2049 Apoll.
572 2010 702 2050 Paneg.
730 2019 770 2042 11.
798 2020 832 2051 p.
855 2011 929 2041 301.

232 2057 446 2089 Ammianum
464 2067 538 2090 xvi.

288 2110 328 2139 27
355 2108 434 2139 Dux
462 2108 574 2147 dirigit
601 2117 690 2141 arma
720 2108 927 2149 Naupliades]

234 2158 243 2174 ‘
258 2157 487 2196 Palamedes,'
500 2158 548 2189 ait
563 2158 694 2189 Plinius
707 2167 773 2189 vu.
784 2161 836 2189 56.
853 2158 862 2175 ⁶
876 2167 929 2188 οι·-

235 2207 349 2238 dinem
366 2207 550 2246 exercitus,
561 2207 648 2247 signi
664 2207 850 2247 dationem,
863 2211 929 2238 tes-

234 2265 338 2293 seras,
355 2256 484 2296 vigilias
501 2256 631 2287 invenit
651 2257 799 2297 Trojano
817 2255 929 2288 bello.'

236 2306 351 2346 Longe
370 2306 466 2346 plura
481 2305 625 2345 Gorgias
641 2306 675 2336 in
688 2305 852 2338 Oratione
869 2315 930 2347 pro

235 2355 421 2386 Palamede
434 2365 466 2395 p.
479 2357 551 2386 191.
578 2355 629 2386 De
647 2355 763 2386 eadem
781 2365 818 2387 re
834 2356 931 2387 Euri-

235 2405 331 2445 pides
344 2405 376 2435 in
389 2404 622 2445 Iphigenia‚in
636 2405 830 2436 Palamede.
846 2406 932 2437 Tes-

235 2464 386 2486 serarum
409 2454 524 2485 ludum
548 2454 657 2486 eidem
681 2454 847 2486 inventori
872 2456 931 2486 tri-

235 2504 310 2536 buit
333 2505 556 2536 Philostratus
580 2505 613 2535 in
640 2504 806 2546 Heroicis,
832 2505 932 2536 Nazi-

236 2563 385 2585 anzenus
401 2554 585 2593 invectiva,
602 2563 656 2585 ιιι.
672 2564 704 2595 p.
721 2556 795 2585 991.
840 2554 931 2585 Pau·

236 2604 347 2635 sanias
363 2604 397 2635 in
413 2603 593 2644 Argolicis.
623 2604 713 2635 Vide
724 2604 886 2645 Scaliger.
897 2604 930 2635 in

234 2655 353 2686 Manil.
369 2665 402 2696 p.
413 2657 465 2686 69.
482 2657 556 2685 319.
593 2654 750 2696 Inprimis
767 2654 932 2696 insignem

235 2707 374 2748 Gorgiae
403 2706 603 2738 Orationem
633 2715 695 2746 pro
723 2706 930 2737 Palamede:

236 2766 335 2798 quem
348 2755 539 2788 Alcidamas
551 2755 722 2787 contraria
735 2760 884 2797 accusat,
896 2760 932 2787 et

236 2807 449 2838 inventorum
471 2806 657 2843 novitatem
681 2806 714 2838 in
736 2805 818 2838 alios
841 2805 931 2838 deri-

239 2861 307 2897 vat,
325 2866 357 2898 p.
375 2859 448 2889 184.
466 2858 531 2889 &c.

1026 1961 1068 1991 28
1082 1960 1125 1990 Et
1136 1959 1212 1990 duro
1214 1958 1342 1996 finitur
1353 1957 1548 1989 miserandus
1557 1954 1684 1996 honore]

983 2008 1040 2040 Ita
1056 2008 1221 2049 Papinius
1238 2008 1279 2039 de
1297 2007 1446 2039 Adrasto
1460 2016 1542 2038 vm.
1565 2008 1575 2024 ‘
1589 2006 1684 2046 cogit

985 2058 1178 2090 miseranda
1194 2062 1349 2099 potestas
1364 2057 1550 2097 Invigilare.
1562 2055 1683 2087 malis!

985 2107 1076 2139 Vide
1092 2108 1368 2148 Chrysostomum
1390 2106 1513 2146 insigni
1531 2105 1683 2137 Homilia

984 2157 1017 2188 in
1047 2157 1264 2196 Matthaeum,
1300 2165 1373 2188 xm.
1403 2158 1477 2187 385.
1528 2155 1683 2186 Tiberius

984 2205 1073 2247 apud
1086 2206 1229 2237 Sueton.
1243 2205 1399 2246 increpat
1413 2204 1537 2236 amicos
1551 2204 1683 2244 ignaros

983 2265 1071 2297 quan
1095 2255 1245 2287 tabellua
1261 2260 1351 2286 esset
1371 2254 1568 2295 imperium:
1593 2253 1682 2284 unde

984 2305 1087 2345 idem,
1102 2304 1244 2343 ἆκκίζων,
1273 2314 1450 2337 onerosam
1482 2304 1683 2335 servitutem

985 2354 1184 2386 nominavit.
1232 2353 1395 2394 Antigoni
1409 2352 1491 2384 illud
1507 2352 1550 2384 de
1565 2352 1682 2383 diade-

983 2409 1074 2436 mate
1089 2405 1153 2436 huc
1169 2409 1319 2445 spectat,
1343 2403 1434 2445 quod
1451 2407 1503 2434 est
1519 2402 1609 2444 apud
1624 2403 1684 2434 Se·

984 2458 1283 2494 necam,tanquam
1298 2453 1352 2484 vili
1367 2462 1477 2493 panno
1490 2456 1526 2484 et
1540 2461 1605 2483 non
1620 2453 1682 2483 tol-

983 2503 1099 2535 lendo.
1144 2503 1311 2544 Vopiscus
1335 2503 1516 2535 Saturnino
1538 2506 1683 2543 tyranno

984 2553 1056 2584 haec
1073 2552 1245 2592 assignat:
1270 2554 1280 2570 ‘
1295 2552 1459 2587 Nescitis,
1475 2551 1586 2587 amici,
1601 2551 1683 2593 quid

987 2603 1064 2634 mali
1077 2603 1120 2634 sit
1134 2602 1314 2643 imperare.
1338 2601 1454 2633 Gladii
1471 2605 1505 2632 et
1523 2601 1591 2633 tela
1606 2611 1682 2632 nos-

987 2653 1047 2685 tris
1062 2651 1252 2684 cervicibus
1268 2652 1483 2692 impendent:
1508 2651 1685 2683 imminent

986 2703 1094 2735 hastae
1112 2701 1275 2743 undique,
1290 2701 1440 2743 undique
1457 2701 1602 2742 spicula,
1618 2701 1683 2742 ipsi

987 2751 1145 2784 custodes
1158 2751 1331 2788 timentur,
1343 2751 1408 2792 ipsi
1419 2751 1558 2782 comites
1571 2749 1685 2781 formi-

985 2803 1122 2842 dantur,
1137 2811 1205 2834 non
1219 2802 1315 2833 cibus
1334 2811 1393 2843 pro
1412 2801 1600 2841 voluptate,
1615 2809 1683 2832 non

985 2855 1052 2885 iter
1066 2862 1126 2896 pro
1140 2852 1358 2893 auctoritate,
1371 2861 1438 2884 non
1450 2851 1540 2884 bella
1553 2860 1614 2893 pro
1626 2851 1681 2892 ju-
