1889 3194
236 307 319 347 400

757 315 956 347 JOSEPHI
993 315 1157 346 lSGANl

240 409 441 460 Flebilis,
463 409 676 463 interpres
698 410 862 459 laurus,
888 423 1000 462 vaga
1021 410 1171 463 pinus,
1193 408 1313 451 oliva

237 476 508 525 concilians,
528 489 683 517 cornus
706 477 921 527 venatriX‚
943 476 1143 517 fraxinus
1161 476 1330 526 audax,

235 543 338 584 Stat
359 543 535 584 comitis
558 544 734 596 patiens
755 544 916 593 ulmus,
936 555 1244 596 nunquamque
1267 555 1497 585 senescens

1595 544 1680 586 510

239 609 470 652 Cantatrix
491 610 652 660 buxus,
673 610 807 664 paulo
829 609 1075 662 proclivius
1095 622 1247 650 arvum

238 676 374 718 Ebria
393 677 496 718 vitis
516 676 666 726 habet,
686 680 728 717 et
748 675 979 728 dedignata
997 676 1133 717 latere

237 742 493 784 Canicolam
517 743 669 796 poscit
689 742 922 792 Phoebum,
942 743 1115 783 vicinus
1137 743 1294 784 aristas

235 809 518 862 Praegnantes
538 808 768 851 foecundat
787 821 906 861 ager,
926 821 1008 850 nec
1029 809 1156 862 plura
1177 809 1389 851 Falernus

235 876 356 916 Vina
374 876 502 925 bibit,
525 888 611 916 non
633 879 697 917 tot
719 875 865 928 pascit
886 875 1133 929 Campania
1153 889 1337 917 messes.
1596 877 1680 917 515

235 942 448 982 Proxima
467 955 566 982 rura
587 941 740 994 rigant,
761 941 850 982 alio
871 943 1122 996 peregrinat
1142 943 1198 984 ab
1222 944 1327 984 orbe

234 1007 424 1050 Visurus
445 1008 625 1062 Trojam
647 1008 829 1060 Simois,
848 1009 1063 1064 longoque
1084 1013 1230 1051 meatu

836 1145 954 1159 eeeeee

956 1146 1074 1159 eeeeee

275 1235 338 1263 513
365 1233 537 1264 Canoclam.
565 1233 633 1264 Ms.
661 1242 769 1273 marg.
815 1233 922 1274 Lege,
950 1234 1027 1265 Coeli
1058 1234 1199 1271 oculum,·
1224 1233 1289 1274 vel,
1309 1233 1493 1266 Coelicolum.
1526 1236 1677 1267 Dresem.

234 1274 321 1306 Vide
339 1278 517 1307 Πομ-516
542 1275 666 1315 Riguus
683 1276 749 1307 Ms.
766 1285 870 1316 marg.

885 1371 1028 1405 NOTAE

275 1448 337 1476 513
364 1445 556 1486 Canicolam]
591 1445 631 1477 In
655 1454 714 1477 ora
738 1445 815 1477 libri
837 1456 927 1477 cano·

231 1496 322 1531 clam,
346 1495 527 1534 scripserat
549 1496 728 1534 coelicolam,
755 1496 820 1535 vel,
837 1495 926 1537 quod

232 1546 364 1584 melius,
402 1545 480 1575 Coeli
504 1545 622 1576 oculum
640 1545 741 1585 poscit
764 1545 925 1576 Phoebum.

231 1594 335 1634 Apud
361 1593 462 1625 Ovid.
489 1595 547 1625 Sol
564 1594 606 1625 de
622 1594 752 1634 seipso:
777 1595 786 1611 ‘
802 1594 926 1625 Omnia

232 1644 290 1685 qui
310 1643 421 1682 video,
438 1652 498 1684 per
513 1653 612 1684 quem
630 1643 723 1674 videt
735 1644 846 1674 omnia
863 1644 925 1674 tel-

229 1694 296 1732 lus,
311 1693 432 1724 Mundi
446 1693 583 1724 oculus?
605 1703 656 1725 lv.
674 1694 760 1724 Met.
777 1694 787 1710 ‘
805 1698 840 1724 et
860 1693 925 1723 vir-

231 1745 309 1785 gine
335 1744 407 1785 figis
434 1745 466 1775 in
491 1754 559 1776 una
574 1745 667 1777 Quos
683 1744 807 1776 mundo
823 1743 926 1776 debes

230 1794 367 1825 oculos?
410 1794 553 1830 Plinius,
580 1795 664 1826 ‘Sol
701 1804 760 1825 cor
789 1794 927 1825 mundi.'

229 1844 368 1875 Lueret.
384 1851 419 1874 v.
436 1845 445 1861 ‘
465 1844 547 1874 lucis
561 1848 678 1884 caput,
694 1842 862 1874 radiatum
879 1843 927 1874 in-

228 1893 324 1933 signe
341 1892 431 1923 diei?
458 1892 630 1924 Hesiodus
646 1893 769 1932 Solem,
782 1892 855 1923 Διὸς
869 1902 925 1923 vo-

230 1948 287 1974 cat
303 1941 468 1981 ὀφθαλμόν.
506 1942 612 1974 Clem.
631 1942 729 1974 Alex.
750 1951 786 1974 v.
801 1943 926 1974 Strom.

229 1995 305 2023 410.
322 1992 446 2031 ὁῆλιος,
463 1992 563 2032 ὥσπερ
577 1992 597 2030 ἡ
611 1991 736 2031 λυχνία,
751 1991 844 2030 μέσος
865 1993 927 2022 τῶν

231 2041 335 2073 ἄλλων
349 2044 515 2079 πλανητῶν
526 2042 727 2081 τεταγμένος,
737 2043 803 2074 τοῖς
815 2043 839 2073 Θ’
853 2041 927 2079 ὅπερ

230 2092 334 2128 αὐτὸν,
350 2093 416 2123 τοῖς
430 2092 455 2122 θ’
472 2092 520 2122 ὑπ’
535 2092 630 2123 αὐτὸν
655 2091 734 2123 κατά
754 2103 824 2123 τινα
844 2092 927 2122 θεῖαν

228 2141 376 2180 μουσικὴν
405 2141 540 2173 ἐνδίδωσι
562 2143 619 2173 τοῦ
642 2141 755 2182 φωτός.
780 2151 856 2182 quae
883 2141 926 2172 ad

229 2192 369 2223 verbum
391 2191 464 2224 fere
486 2192 604 2224 eadem
632 2192 722 2232 apud
748 2192 924 2223 Philonem

228 2250 284 2272 ιιι.
309 2241 353 2273 de
382 2243 453 2273 vita
482 2242 601 2281 Mosis,
627 2245 700 2273 518.
721 2241 799 2272 vide
820 2241 925 2273 etiam

228 2291 390 2323 Nazianz.
407 2292 507 2323 Orat.
522 2294 595 2324 304.
618 2295 693 2324 559.
717 2291 849 2322 Pisidas
863 2292 924 2323 So-

227 2341 293 2372 lem
309 2340 410 2372 κοινὸν
425 2341 507 2380 ὄμμα
521 2345 634 2373 vocat.
657 2341 815 2373 Ambros.
837 2341 847 2358 ‘
863 2341 922 2373 Sol

227 2391 344 2420 oculus
375 2394 426 2421 est
451 2390 578 2431 mundi,
608 2390 807 2430 jucunditas
843 2390 924 2430 diei,

226 2440 303 2470 coeli
319 2439 543 2480 pulchritudo,
555 2445 685 2470 naturae
699 2439 818 2479 gratia,
829 2449 922 2471 crea-

226 2491 313 2519 turae
341 2488 561 2529 praestantia?
600 2489 740 2529 Orpheo
770 2493 822 2519 est
847 2500 922 2520 παν-

226 2536 344 2576 δερκής.
374 2538 463 2570 Vide
487 2539 585 2579 plura
611 2539 702 2579 apud
732 2539 860 2570 Meurs.
887 2539 921 2570 in

227 2585 346 2617 Critic.
362 2596 402 2619 11.
424 2590 476 2618 35.
497 2592 531 2618 et
551 2588 816 2627 μελιτουργοῦσαν
832 2588 921 2618 illam

226 2632 390 2673 μέλισσαν,
432 2637 616 2667 Weitzium
658 2636 848 2668 Comment.
887 2636 921 2667 in

227 2683 393 2714 Prudeut.
429 2687 502 2715 737.
548 2685 651 2717 Oculi
687 2694 766 2717 vero
804 2694 920 2716 vocem

226 2730 355 2761 Pindar
382 2733 465 2769 eleg.
501 2743 592 2773 saepe
627 2739 785 2774 usurpat:
831 2736 919 2766 Σικε-

227 2779 296 2810 λίας
326 2779 401 2811 ἔσαν
431 2781 598 2821 ὀφθαλμὸς,
630 2783 744 2823 Olym.
775 2783 844 2815 Od.
879 2792 920 2816 11.

226 2829 322 2860 ποθέω
337 2832 482 2868 στρατιᾶς
498 2831 655 2870 ὀφθαλμὸν
678 2832 762 2871 ἐμᾶς,
788 2833 854 2864 Od.
870 2842 920 2864 Vl.

980 1447 1062 1485 ὄμμα
1077 1445 1288 1485 φαεννότατον
1302 1444 1434 1485 ξείνοισι.
1447 1445 1548 1486 Pyth.
1564 1454 1596 1476 v.
1622 1444 1678 1476 lta

980 1496 1065 1533 δίκης
1089 1495 1259 1535 ὀφθαλμὸς,
1277 1495 1435 1536 Diphilus
1457 1495 1546 1535 apud
1571 1495 1677 1526 Clem.

980 1544 1080 1576 Alex.
1106 1554 1155 1576 VI.
1181 1546 1257 1576 442.
1306 1544 1360 1575 Ita
1390 1544 1538 1575 Achilles
1559 1545 1676 1576 Tatius

980 1603 1087 1624 rosam
1104 1591 1265 1633 ὀφθαλμὸν
1279 1592 1402 1633 ἀνθέων,
1418 1593 1507 1634 quod
1519 1593 1677 1633 Sapphus

980 1653 1055 1674 esse
1076 1643 1263 1684 Stephanus
1274 1643 1457 1674 existimat·
1491 1643 1679 1674 Philostra-

981 1696 1034 1722 tus
1056 1693 1158 1723 etiam
1182 1695 1256 1724 894.
1278 1692 1311 1723 in
1338 1693 1439 1733 epist.
1453 1691 1495 1723 τὰ
1514 1691 1599 1732 ῥόδα,
1616 1693 1678 1731 ’γῆς

978 1741 1101 1780 ὄμματα
1112 1742 1271 1773 nominat.
1288 1742 1410 1773 Horat.
1425 1742 1434 1759 ‘
1446 1742 1559 1774 Solem
1571 1742 1675 1783 Asiae,

979 1792 1122 1823 Brutum
1150 1792 1302 1832 appellat
1328 1801 1353 1822 1.
1384 1791 1457 1823 Sat.
1478 1795 1510 1823 7.
1548 1793 1675 1823 Demo-

981 1842 1108 1872 sthenis
1134 1841 1216 1872 illud
1239 1846 1416 1872 venustum
1440 1845 1493 1872 est
1508 1841 1552 1872 de
1569 1841 1675 1872 Athe-

979 1890 1149 1922 niensibus
1174 1889 1365 1928 Philoxeni,
1391 1889 1544 1930 praefecti
1570 1889 1676 1922 Alex-

980 1941 1075 1972 andri
1096 1945 1282 1981 conspectu
1309 1941 1520 1980 perterritis:
1542 1939 1575 1971 τί
1587 1940 1675 1978 ποιή-

979 2002 1086 2022 σουσιν
1099 1991 1155 2022 τὸν
1165 1991 1254 2028 ἥλιον
1266 1990 1394 2026 ἰδόντες,
1408 1990 1438 2021 οἱ
1457 1990 1500 2029 μὴ
1515 1989 1675 2029 δυνάμενοι

979 2041 1053 2082 πρὸς
1073 2040 1194 2080 λύχνον
1215 2040 1424 2076 ἀντιβλέπειν.
1477 2040 1572 2072 Plut.
1603 2040 1673 2081 περὶ

979 2090 1140 2123 δυσωπίας.
1169 2090 1354 2122 Athenaeus
1384 2099 1421 2121 x.
1448 2091 1525 2121 425.
1555 2090 1675 2122 scribit

979 2147 1131 2182 oenoptas
1148 2145 1281 2173 vocatos
1307 2139 1495 2180 ὀφθαλμοὺς,
1511 2144 1673 2181 tanquam

976 2191 1188 2233 inspectores
1214 2190 1373 2222 convivii.
1408 2190 1465 2221 Ita
1489 2189 1674 2220 Nazianze-

977 2250 1039 2272 nus
1052 2240 1149 2272 Orat.
1163 2242 1369 2271 xxxn.517.
1392 2238 1673 2280 Constantinopo-

976 2291 1033 2322 lim
1052 2295 1151 2322 vocat
1170 2287 1349 2328 οἰκουμένης
1363 2287 1534 2329 ὀφθαλμόν.

1019 2343 1082 2372 514
1107 2341 1175 2371 Nec
1194 2341 1286 2380 plura
1305 2339 1458 2370 Falernus
1478 2338 1561 2370 Vina
1579 2337 1675 2377 bibit]

975 2390 986 2408 ‘
1003 2391 1163 2421 Fumosos
1191 2393 1345 2421 veterum
1372 2387 1527 2428 proferre
1556 2388 1672 2419 Faler-

975 2440 1060 2481 n05‚’
1075 2445 1113 2471 ut
1128 2438 1240 2470 Tibul.
1257 2437 1415 2479 loquitur.
1442 2436 1586 2468 Horatio
1602 2435 1670 2467 fre·

977 2498 1095 2530 quens,
1118 2488 1178 2519 sed
1197 2488 1230 2518 in
1259 2486 1413 2518 laudibus
1433 2485 1504 2516 vini
1526 2489 1672 2516 tantum.

975 2540 1109 2571 Incolas
1133 2547 1174 2569 eo
1198 2537 1330 2568 nomine
1353 2536 1408 2567 hic
1434 2535 1584 2575 insignit,
1606 2535 1671 2566 nisi

973 2589 1064 2621 sorte
1080 2587 1255 2628 συνεκδοχῇ
1270 2595 1351 2627 agro
1367 2585 1522 2620 Falerno,
1538 2589 1577 2615 ut
1598 2583 1670 2614 Pli-

974 2637 1049 2668 nius
1072 2645 1163 2677 saepe
1185 2635 1334 2676 loquitur
1355 2633 1414 2664 lib.
1436 2641 1512 2663 xlv.
1529 2634 1560 2663 3.
1584 2636 1620 2664 et
1637 2635 1669 2663 6.

975 2687 1102 2717 incolas
1118 2682 1385 2724 comprehendit.

1017 2737 1080 2766 516
1102 2733 1174 2766 Alio
1200 2731 1380 2772 peregrinat
1402 2730 1441 2762 ab
1463 2731 1548 2772 orbe]
1578 2730 1667 2762 vide

976 2794 1077 2826 supra
1095 2792 1127 2815 v.
1144 2784 1199 2813 74.
