1889 3194
256 341 341 383 492

772 349 971 381 JOSEPHI
1006 348 1171 379 isCANl

258 447 514 499 Exceptura
532 444 706 495 ducem,
728 444 845 484 senis
866 443 1015 484 effulta
1035 442 1250 483 columnis

257 513 457 563 Tollitur,
472 512 633 553 electro
652 514 803 552 vernat
822 510 960 559 basis,
983 508 1144 549 arduus
1167 521 1272 548 auro

255 578 391 619 Ardet
407 591 539 632 apex,
557 577 773 630 radioque
796 576 935 630 stylus
953 574 1180 616 candescit
1199 575 1381 615 eburno.

258 645 346 685 His
362 649 548 699 excepta
569 645 684 684 silex
705 649 826 684 artus
853 642 1060 684 clausura
1079 640 1294 682 verendos

1603 642 1688 682 455

255 711 285 752 J
289 711 441 764 aspide
463 711 665 752 vestitur:
695 722 893 763 gemmae,
916 721 1029 761 quas
1047 708 1209 749 littoris
1227 707 1327 747 Indi

254 778 393 818 Dives
414 790 543 818 arena
565 777 684 829 gerit,
706 789 871 826 aurum,
889 776 1012 828 quod
1033 774 1222 828 parturit
1247 773 1450 824 Hermus,

257 843 310 884 In
326 843 470 884 varias
492 843 642 884 vivunt
663 841 852 895 species,
873 841 1039 895 ditique
1058 841 1268 881 decorum

254 909 456 950 Materiae
475 908 699 949 contendit
719 921 859 961 opus:
889 907 1009 961 quod
1024 908 1170 949 nobile
1193 907 1349 947 ductor

255 974 389 1025 Quod
410 974 575 1015 clarum
596 974 744 1026 gessit,
762 986 831 1014 ars
850 974 1066 1027 explicat,
1088 974 1224 1015 ardua
1240 972 1394 1026 pandit

1608 971 1693 1013 460

257 1041 422 1090 Moles,
441 1045 484 1081 et
504 1044 641 1081 totum
659 1044 826 1081 reserat
846 1040 1069 1092 sculptura
1088 1044 1328 1093 tyrannum.

310 1107 460 1148 Prima
481 1106 606 1147 ducis
626 1105 769 1147 facies
788 1107 980 1148 nascenti
1001 1107 1119 1159 vagit
1133 1107 1179 1146 in
1200 1118 1300 1155 aere,

257 1173 454 1214 Sidoniis
472 1173 642 1214 variata
660 1173 791 1225 togis,
809 1172 981 1213 cunalis
1000 1173 1045 1213 in
1066 1173 1198 1214 altum

256 1240 404 1292 Surgit
422 1239 574 1288 honos,
595 1238 780 1292 trepidae
800 1239 965 1280 circum
986 1240 1237 1292 nutrixque,
1257 1251 1504 1293 parensque

256 1306 440 1347 Alterno
460 1309 634 1347 teneros
656 1305 903 1346 demulcent
926 1306 1059 1346 ubere
1077 1304 1224 1346 fletus.

1611 1303 1696 1345 465

312 1371 524 1412 Proxima
543 1371 724 1412 lascivis
740 1371 910 1412 inhians
926 1370 1197 1413 discursibus
1215 1377 1327 1414 aetas

257 1438 391 1479 Nunc
407 1437 577 1478 labente
595 1437 702 1491 pila,
724 1450 840 1478 nunc
861 1451 909 1479 se
930 1438 1131 1480 volvente
1150 1438 1308 1492 fatigat

259 1504 407 1555 Buxo,
425 1517 541 1545 nunc
562 1517 665 1545 arcu
682 1517 692 1546 τ
724 1504 880 1545 credas
900 1508 1080 1546 curvata
1101 1506 1220 1546 coire

257 1570 448 1620 Cornua,
469 1574 511 1610 et
529 1582 758 1611 excussam
779 1582 913 1611 nervo
932 1571 1115 1612 stridere
1137 1571 1356 1623 sagittam.

315 1637 464 1678 Tertia
482 1636 745 1688 magnanimi
760 1636 954 1690 loquitur
973 1637 1211 1690 primordia
1225 1638 1339 1689 regis

1610 1636 1695 1677 470

258 1701 507 1755 Accingens
528 1703 697 1755 pictura
718 1702 882 1743 virum:
912 1703 1054 1755 regale
1076 1702 1284 1744 verendas

258 1767 472 1809 Accendit
491 1768 696 1810 diadema
716 1782 881 1819 comaS‚
901 1770 1088 1810 sublime
1109 1770 1335 1810 sedentem

260 1834 404 1875 Fulcit
423 1836 544 1885 ebur,
565 1840 824 1889 sceptroque
840 1849 994 1876 manus
1014 1836 1210 1877 radiante
1232 1835 1440 1889 superbit,

259 1901 362 1954 Ipse
384 1914 500 1942 nova
519 1902 685 1943 vultum
705 1903 853 1956 pictus
867 1903 1080 1955 lanugine,
1098 1902 1216 1955 regni

259 1967 483 2009 Maturum
505 1968 730 2021 dispensat
748 1980 884 2021 opus:
915 1968 1119 2021 belloque
1141 1971 1327 2022 togaque

1610 1966 1696 2006 475

259 2033 476 2083 Alternus,
497 2046 636 2075 rerum
659 2035 776 2076 vario
796 2038 1008 2087 poscente
1027 2039 1194 2083 meatu,

904 2154 1050 2186 NOTAE

305 2228 366 2255 454
382 2224 538 2265 Radioque
548 2226 648 2267 stylus
660 2227 815 2259 candescit
828 2226 954 2268 eburno]

259 2274 431 2306 Columnae
446 2275 697 2316 intermedium,
713 2278 837 2318 stylum
849 2278 954 2308 nomi·

257 2329 328 2364 nat,
351 2334 424 2365 quae
441 2324 484 2355 ad
501 2334 593 2356 suam
619 2326 769 2366 applicat
793 2331 950 2358 aetatem:

257 2384 367 2415 neque
381 2374 469 2405 enim
487 2376 610 2416 stylum
624 2376 678 2407 hic
695 2386 757 2417 pro
771 2378 883 2417 cippo,
895 2378 951 2418 qui

258 2430 331 2455 erat
346 2424 431 2456 λίθος
447 2426 619 2465 κυβοειδὴς,
642 2427 772 2467 qualem
789 2426 823 2458 iu
837 2427 952 2458 Achil-

256 2474 297 2504 lis
318 2475 474 2515 sepulcro
497 2476 548 2506 vel
571 2481 787 2508 monumento
803 2476 951 2508 Alexan-

257 2524 318 2555 der
334 2525 490 2565 injunxit,
510 2525 715 2557 Plutarchus
731 2526 765 2557 in
782 2526 949 2558 Alexand.

258 2574 408 2614 accipio:
423 2584 532 2616 neque
545 2577 682 2616 proprie
694 2585 756 2616 pro
770 2576 849 2616 pila,
861 2577 951 2617 quali

258 2623 444 2665 Augustus,
461 2635 568 2667 eaque
583 2626 721 2667 duplici,
735 2636 786 2657 res
799 2636 818 2658 a
830 2636 865 2657 se
877 2637 950 2668 ges-

257 2678 308 2703 tas
339 2674 470 2705 incidit.
527 2675 613 2706 Vide
644 2675 877 2707 Casaubonum
905 2677 949 2706 ad

258 2723 451 2754 Suetonium
466 2733 506 2755 11.
520 2735 553 2765 p.
570 2728 641 2756 127.
664 2726 746 2756 Tale
758 2735 950 2757 monumen-

258 2776 330 2802 tum
346 2772 421 2803 vide
436 2775 523 2813 apud
538 2774 627 2805 Stat.
641 2774 762 2815 Papin.
777 2784 829 2806 vr.
860 2775 949 2806 Vide

259 2819 442 2851 meursium
469 2821 511 2852 de
536 2822 762 2854 Romanorum
785 2825 948 2864 sepulcris

262 2869 303 2899 ad
322 2869 587 2912 Lycophronem,
603 2882 637 2913 p.
649 2875 722 2904 192.
735 2878 770 2905 et
779 2876 853 2904 227.
888 2874 947 2906 Jo-

1007 2228 1101 2268 sephi
1118 2227 1280 2267 Scaliger-i
1295 2226 1451 2259 Animad.
1469 2226 1510 2258 ad
1524 2227 1649 2260 Euseb.
1661 2237 1696 2269 p.

1007 2281 1080 2310 146.
1101 2278 1253 2318 Conject.
1269 2287 1301 2318 p.
1320 2281 1370 2308 14.

1046 2330 1110 2358 468
1138 2328 1254 2359 Credas
1275 2330 1403 2358 curvata
1437 2327 1519 2357 coire
1556 2328 1695 2368 Cornua]

1005 2378 1099 2418 Virg.
1116 2386 1165 2408 Vl.
1182 2376 1256 2408 AEn.
1279 2378 1289 2394 ⁴
1304 2376 1424 2407 credas
1446 2377 1563 2408 innare
1585 2379 1694 2408 revul-

1005 2437 1058 2458 sas
1085 2426 1274 2468 Cycladas?
1318 2426 1407 2457 Item
1437 2435 1488 2457 xx.
1513 2429 1586 2458 859.
1608 2426 1694 2457 Pru-

1003 2477 1097 2509 dent.
1113 2478 1123 2495 ‘
1136 2476 1254 2508 credas
1270 2476 1396 2507 moveri
1414 2475 1572 2507 fluctibus
1586 2476 1693 2507 Lacu-

1003 2529 1085 2560 nar.’
1129 2528 1248 2560 Cicero
1269 2528 1331 2558 hoc
1346 2527 1480 2558 volebat
1495 2527 1529 2557 in
1544 2525 1691 2557 Horten-

1002 2577 1064 2617 sio,
1079 2577 1213 2618 quando
1229 2576 1336 2607 dixit:
1360 2580 1369 2593 ‘
1382 2585 1455 2607 cum
1471 2575 1577 2606 omnis
1590 2575 1693 2606 soler-

1003 2627 1052 2658 tia
1073 2626 1225 2657 miranda
1245 2630 1310 2664 est,
1336 2629 1405 2655 tum
1429 2633 1468 2655 ea
1485 2633 1558 2664 quae
1574 2622 1692 2663 efficit,

1004 2681 1041 2706 ut
1051 2675 1198 2706 inanima
1210 2684 1284 2716 qnae
1297 2677 1385 2713 suut,
1396 2673 1508 2704 vivere
1519 2676 1554 2704 et
1562 2673 1692 2714 spirare

1004 2724 1204 2756 videantur.’

1046 2776 1110 2804 476
1147 2773 1262 2803 Rerum
1292 2770 1378 2801 vario
1404 2773 1546 2811 poscente
1574 2772 1691 2812 meatu]

1002 2823 1118 2854 Plaut.
1147 2822 1206 2853 ‘ut
1235 2830 1287 2853 res
1317 2823 1411 2860 eunt,
1434 2824 1472 2851 ut
1491 2821 1606 2853 saeculi
1621 2830 1692 2853 mos

1002 2870 1175 2914 possidet.'
