<?xml version="1.0" encoding="UTF-8"?>
<!DOCTYPE html PUBLIC "-//W3C//DTD XHTML 1.0 Transitional//EN"
    "http://www.w3.org/TR/xhtml1/DTD/xhtml1-transitional.dtd">
<html xmlns="http://www.w3.org/1999/xhtml" xml:lang="en" lang="en">
 <head>
  <title>
</title>
<meta http-equiv="Content-Type" content="text/html;charset=utf-8" />
  <meta name='ocr-system' content='tesseract 3.04.00' />
  <meta name='ocr-capabilities' content='ocr_page ocr_carea ocr_par ocr_line ocrx_word'/>
</head>
<body>
  <div class='ocr_page' id='page_1' title='image "./dictyscretensise02dictuoft_0291.png"; bbox 0 0 1889 3194; ppageno 0'>
   <div class='ocr_carea' id='block_1_1' title="bbox 515 296 1416 334">
    <p class='ocr_par' dir='ltr' id='par_1_1' title="bbox 515 296 1416 334">
     <span class='ocr_line' id='line_1_1' title="bbox 515 296 1416 334; baseline -0.006 0"><span class='ocrx_word' id='word_1_1' title='bbox 515 302 666 334; x_wconf 81' lang='lat' dir='ltr'><strong>PAULI</strong></span> <span class='ocrx_word' id='word_1_2' title='bbox 703 298 959 331; x_wconf 80' lang='lat' dir='ltr'>VINDINGII</span> <span class='ocrx_word' id='word_1_3' title='bbox 995 296 1135 328; x_wconf 82' lang='lat' dir='ltr'><strong>NOTAE</strong></span> <span class='ocrx_word' id='word_1_4' title='bbox 1169 297 1219 328; x_wconf 80' lang='grc' dir='ltr'><strong>ΙΝ</strong></span> <span class='ocrx_word' id='word_1_5' title='bbox 1258 298 1351 329; x_wconf 76' lang='lat' dir='ltr'><strong>Llss.</strong></span> <span class='ocrx_word' id='word_1_6' title='bbox 1376 299 1416 329; x_wconf 81' lang='lat' dir='ltr'><strong>V.</strong></span> 
     </span>
    </p>
   </div>
   <div class='ocr_carea' id='block_1_2' title="bbox 237 392 942 2878">
    <p class='ocr_par' dir='ltr' id='par_1_2' title="bbox 241 392 938 528">
     <span class='ocr_line' id='line_1_2' title="bbox 284 392 936 437; baseline -0.009 -9"><span class='ocrx_word' id='word_1_7' title='bbox 284 398 462 437; x_wconf 80' lang='lat' dir='ltr'><strong><em>Quidquam</em></strong></span> <span class='ocrx_word' id='word_1_8' title='bbox 485 395 573 436; x_wconf 84' lang='lat' dir='ltr'><strong>prius</strong></span> <span class='ocrx_word' id='word_1_9' title='bbox 601 397 781 427; x_wconf 75' lang='lat' dir='ltr'><strong>temeratum</strong></span> <span class='ocrx_word' id='word_1_10' title='bbox 805 393 844 424; x_wconf 87' lang='lat' dir='ltr'><strong>ab</strong></span> <span class='ocrx_word' id='word_1_11' title='bbox 871 392 936 433; x_wconf 81' lang='lat' dir='ltr'><strong>his]</strong></span> 
     </span>
     <span class='ocr_line' id='line_1_3' title="bbox 242 443 938 487; baseline -0.009 -9"><span class='ocrx_word' id='word_1_12' title='bbox 242 447 326 487; x_wconf 83' lang='lat' dir='ltr'><strong>Leg.</strong></span> <span class='ocrx_word' id='word_1_13' title='bbox 349 452 358 464; x_wconf 88' lang='lat'>‘</span> <span class='ocrx_word' id='word_1_14' title='bbox 373 445 566 485; x_wconf 85' lang='lat' dir='ltr'><strong>tentatum,&#39;</strong></span> <span class='ocrx_word' id='word_1_15' title='bbox 581 450 651 485; x_wconf 80' lang='lat' dir='ltr'><strong>aut,</strong></span> <span class='ocrx_word' id='word_1_16' title='bbox 674 444 701 476; x_wconf 89' lang='lat' dir='ltr'><strong>si</strong></span> <span class='ocrx_word' id='word_1_17' title='bbox 724 443 842 482; x_wconf 85' lang='lat' dir='ltr'><strong>mavis,</strong></span> <span class='ocrx_word' id='word_1_18' title='bbox 861 443 871 459; x_wconf 89' lang='lat'>‘</span> <span class='ocrx_word' id='word_1_19' title='bbox 890 447 938 473; x_wconf 83' lang='lat' dir='ltr'><strong>te-</strong></span> 
     </span>
     <span class='ocr_line' id='line_1_4' title="bbox 241 496 491 528; baseline -0.004 0"><span class='ocrx_word' id='word_1_20' title='bbox 241 507 335 528; x_wconf 87' lang='lat' dir='ltr'><strong>mere</strong></span> <span class='ocrx_word' id='word_1_21' title='bbox 352 496 491 528; x_wconf 68' lang='lat' dir='ltr'><strong>actum!</strong></span> 
     </span>
    </p>

    <p class='ocr_par' dir='ltr' id='par_1_3' title="bbox 243 543 938 639">
     <span class='ocr_line' id='line_1_5' title="bbox 286 543 938 588; baseline -0.006 -11"><span class='ocrx_word' id='word_1_22' title='bbox 286 548 304 588; x_wconf 54' lang='grc' dir='ltr'>ᾗ</span> <span class='ocrx_word' id='word_1_23' title='bbox 319 549 338 577; x_wconf 81' lang='lat'><strong>3</strong></span> <span class='ocrx_word' id='word_1_24' title='bbox 362 546 436 577; x_wconf 83' lang='lat' dir='ltr'><strong>Hac</strong></span> <span class='ocrx_word' id='word_1_25' title='bbox 449 549 540 586; x_wconf 80' lang='lat' dir='ltr'><strong>alque</strong></span> <span class='ocrx_word' id='word_1_26' title='bbox 554 544 632 585; x_wconf 83' lang='lat' dir='ltr'><strong>alia]</strong></span> <span class='ocrx_word' id='word_1_27' title='bbox 655 546 738 586; x_wconf 86' lang='lat' dir='ltr'><strong>Leg.</strong></span> <span class='ocrx_word' id='word_1_28' title='bbox 752 547 761 562; x_wconf 77' lang='lat'>⁸</span> <span class='ocrx_word' id='word_1_29' title='bbox 779 543 866 575; x_wconf 85' lang='lat' dir='ltr'><strong>Haec</strong></span> <span class='ocrx_word' id='word_1_30' title='bbox 888 547 938 574; x_wconf 90' lang='lat' dir='ltr'><strong>at-</strong></span> 
     </span>
     <span class='ocr_line' id='line_1_6' title="bbox 243 595 418 639; baseline 0 -11"><span class='ocrx_word' id='word_1_31' title='bbox 243 606 310 639; x_wconf 90' lang='lat' dir='ltr'><strong>que</strong></span> <span class='ocrx_word' id='word_1_32' title='bbox 327 595 418 628; x_wconf 87' lang='lat' dir='ltr'><strong>alia.&#39;</strong></span> 
     </span>
    </p>

    <p class='ocr_par' dir='ltr' id='par_1_4' title="bbox 285 643 741 685">
     <span class='ocr_line' id='line_1_7' title="bbox 285 643 741 685; baseline -0.004 -7"><span class='ocrx_word' id='word_1_33' title='bbox 285 644 443 685; x_wconf 63' lang='lat' dir='ltr'><strong>Habent]</strong></span> <span class='ocrx_word' id='word_1_34' title='bbox 466 645 548 685; x_wconf 85' lang='lat' dir='ltr'><strong>Leg.</strong></span> <span class='ocrx_word' id='word_1_35' title='bbox 570 645 580 662; x_wconf 93' lang='lat'>‘</span> <span class='ocrx_word' id='word_1_36' title='bbox 595 643 741 676; x_wconf 68' lang='lat' dir='ltr'><strong>habeat:</strong></span> 
     </span>
    </p>

    <p class='ocr_par' dir='ltr' id='par_1_5' title="bbox 242 692 939 787">
     <span class='ocr_line' id='line_1_8' title="bbox 285 692 939 737; baseline -0.006 -9"><span class='ocrx_word' id='word_1_37' title='bbox 285 697 338 737; x_wconf 70' lang='lat'><strong>§4</strong></span> <span class='ocrx_word' id='word_1_38' title='bbox 362 696 473 736; x_wconf 79' lang='lat' dir='ltr'><strong>Itaque</strong></span> <span class='ocrx_word' id='word_1_39' title='bbox 486 705 555 726; x_wconf 80' lang='lat' dir='ltr'><strong>cum</strong></span> <span class='ocrx_word' id='word_1_40' title='bbox 576 695 686 735; x_wconf 76' lang='lat' dir='ltr'><strong>quibas</strong></span> <span class='ocrx_word' id='word_1_41' title='bbox 704 692 811 734; x_wconf 80' lang='lat' dir='ltr'><strong>antea]</strong></span> <span class='ocrx_word' id='word_1_42' title='bbox 834 693 939 725; x_wconf 81' lang='lat' dir='ltr'>Forte</span> 
     </span>
     <span class='ocr_line' id='line_1_9' title="bbox 242 744 668 787; baseline -0.007 -9"><span class='ocrx_word' id='word_1_43' title='bbox 242 747 310 787; x_wconf 81' lang='lat' dir='ltr'><strong>leg.</strong></span> <span class='ocrx_word' id='word_1_44' title='bbox 325 747 334 763; x_wconf 87' lang='lat'><em>‘</em></span> <span class='ocrx_word' id='word_1_45' title='bbox 350 755 426 777; x_wconf 90' lang='lat' dir='ltr'><strong>cum</strong></span> <span class='ocrx_word' id='word_1_46' title='bbox 441 744 668 786; x_wconf 58' lang='lat' dir='ltr'><strong>quibusdam?</strong></span> 
     </span>
    </p>

    <p class='ocr_par' dir='ltr' id='par_1_6' title="bbox 239 792 939 1483">
     <span class='ocr_line' id='line_1_10' title="bbox 285 792 939 837; baseline -0.009 -9"><span class='ocrx_word' id='word_1_47' title='bbox 285 798 337 837; x_wconf 74' lang='lat'><strong>§5</strong></span> <span class='ocrx_word' id='word_1_48' title='bbox 364 795 552 835; x_wconf 81' lang='lat' dir='ltr'><strong>Palladium,</strong></span> <span class='ocrx_word' id='word_1_49' title='bbox 579 796 656 835; x_wconf 80' lang='lat' dir='ltr'><strong>quod</strong></span> <span class='ocrx_word' id='word_1_50' title='bbox 677 794 712 825; x_wconf 82' lang='lat' dir='ltr'><strong>in</strong></span> <span class='ocrx_word' id='word_1_51' title='bbox 737 794 847 834; x_wconf 81' lang='lat' dir='ltr'><strong>templo</strong></span> <span class='ocrx_word' id='word_1_52' title='bbox 873 792 939 823; x_wconf 77' lang='grc' dir='ltr'>11Ῑὶ-</span> 
     </span>
     <span class='ocr_line' id='line_1_11' title="bbox 240 843 939 885; baseline -0.007 -8"><span class='ocrx_word' id='word_1_53' title='bbox 240 856 345 882; x_wconf 73' lang='lat' dir='ltr'><strong>nervoe</strong></span> <span class='ocrx_word' id='word_1_54' title='bbox 359 845 452 885; x_wconf 80' lang='lat' dir='ltr'><strong>esset]</strong></span> <span class='ocrx_word' id='word_1_55' title='bbox 475 845 515 876; x_wconf 88' lang='lat' dir='ltr'><strong>Id</strong></span> <span class='ocrx_word' id='word_1_56' title='bbox 533 845 587 876; x_wconf 86' lang='lat' dir='ltr'><strong>hic</strong></span> <span class='ocrx_word' id='word_1_57' title='bbox 598 845 794 882; x_wconf 86' lang='lat' dir='ltr'><strong>notandum,</strong></span> <span class='ocrx_word' id='word_1_58' title='bbox 810 843 939 873; x_wconf 88' lang='lat' dir='ltr'><strong>Phere-</strong></span> 
     </span>
     <span class='ocr_line' id='line_1_12' title="bbox 240 893 939 937; baseline -0.006 -10"><span class='ocrx_word' id='word_1_59' title='bbox 240 897 362 937; x_wconf 86' lang='lat' dir='ltr'><strong>cydem</strong></span> <span class='ocrx_word' id='word_1_60' title='bbox 389 896 516 935; x_wconf 85' lang='lat' dir='ltr'>dicere,</span> <span class='ocrx_word' id='word_1_61' title='bbox 541 895 653 926; x_wconf 87' lang='lat' dir='ltr'><strong>omnia</strong></span> <span class='ocrx_word' id='word_1_62' title='bbox 678 894 857 925; x_wconf 87' lang='lat' dir='ltr'><strong>simulacra</strong></span> <span class='ocrx_word' id='word_1_63' title='bbox 878 893 939 923; x_wconf 90' lang='lat' dir='ltr'><strong>hn-</strong></span> 
     </span>
     <span class='ocr_line' id='line_1_13' title="bbox 241 942 939 987; baseline -0.007 -10"><span class='ocrx_word' id='word_1_64' title='bbox 241 956 353 987; x_wconf 83' lang='lat' dir='ltr'><strong>mana,</strong></span> <span class='ocrx_word' id='word_1_65' title='bbox 368 955 468 977; x_wconf 88' lang='lat' dir='ltr'><strong>manu</strong></span> <span class='ocrx_word' id='word_1_66' title='bbox 483 955 550 976; x_wconf 91' lang='lat' dir='ltr'><strong>non</strong></span> <span class='ocrx_word' id='word_1_67' title='bbox 572 944 675 980; x_wconf 84' lang='lat' dir='ltr'><strong>facta,</strong></span> <span class='ocrx_word' id='word_1_68' title='bbox 692 949 727 976; x_wconf 90' lang='lat' dir='ltr'><strong>et</strong></span> <span class='ocrx_word' id='word_1_69' title='bbox 743 942 903 985; x_wconf 86' lang='lat' dir='ltr'><strong>quicquid</strong></span> <span class='ocrx_word' id='word_1_70' title='bbox 919 952 939 973; x_wconf 87' lang='lat' dir='ltr'><strong>e</strong></span> 
     </span>
     <span class='ocr_line' id='line_1_14' title="bbox 241 993 939 1033; baseline -0.006 -6"><span class='ocrx_word' id='word_1_71' title='bbox 241 996 330 1028; x_wconf 86' lang='lat' dir='ltr'><strong>coelo</strong></span> <span class='ocrx_word' id='word_1_72' title='bbox 351 996 387 1027; x_wconf 89' lang='grc'><strong>111</strong></span> <span class='ocrx_word' id='word_1_73' title='bbox 411 1001 534 1026; x_wconf 83' lang='grc'>10113111</span> <span class='ocrx_word' id='word_1_74' title='bbox 563 994 768 1033; x_wconf 89' lang='lat' dir='ltr'><strong>devolvitur,</strong></span> <span class='ocrx_word' id='word_1_75' title='bbox 783 993 939 1023; x_wconf 84' lang='lat' dir='ltr'><strong>Palladia</strong></span> 
     </span>
     <span class='ocr_line' id='line_1_15' title="bbox 241 1043 939 1084; baseline -0.006 -7"><span class='ocrx_word' id='word_1_76' title='bbox 241 1045 368 1077; x_wconf 83' lang='lat' dir='ltr'><strong>vocari.</strong></span> <span class='ocrx_word' id='word_1_77' title='bbox 414 1044 604 1075; x_wconf 86' lang='lat' dir='ltr'><strong>Palladium</strong></span> <span class='ocrx_word' id='word_1_78' title='bbox 629 1044 730 1084; x_wconf 85' lang='lat' dir='ltr'><strong>Troja</strong></span> <span class='ocrx_word' id='word_1_79' title='bbox 762 1043 804 1074; x_wconf 88' lang='lat' dir='ltr'><strong>ab</strong></span> <span class='ocrx_word' id='word_1_80' title='bbox 833 1043 939 1074; x_wconf 88' lang='lat' dir='ltr'><strong>AEnea</strong></span> 
     </span>
     <span class='ocr_line' id='line_1_16' title="bbox 241 1093 937 1134; baseline -0.007 -7"><span class='ocrx_word' id='word_1_81' title='bbox 241 1096 422 1127; x_wconf 86' lang='lat' dir='ltr'><strong>advectum</strong></span> <span class='ocrx_word' id='word_1_82' title='bbox 439 1095 593 1126; x_wconf 86' lang='lat' dir='ltr'><strong>Macrob.</strong></span> <span class='ocrx_word' id='word_1_83' title='bbox 610 1103 667 1125; x_wconf 87' lang='grc'>111.</span> <span class='ocrx_word' id='word_1_84' title='bbox 684 1097 715 1125; x_wconf 81' lang='grc'>4.</span> <span class='ocrx_word' id='word_1_85' title='bbox 745 1093 937 1134; x_wconf 86' lang='lat' dir='ltr'>Apollinem</span> 
     </span>
     <span class='ocr_line' id='line_1_17' title="bbox 241 1143 938 1186; baseline -0.006 -9"><span class='ocrx_word' id='word_1_86' title='bbox 241 1151 278 1177; x_wconf 93' lang='lat' dir='ltr'><strong>et</strong></span> <span class='ocrx_word' id='word_1_87' title='bbox 294 1146 493 1186; x_wconf 83' lang='lat' dir='ltr'>Neptunum</span> <span class='ocrx_word' id='word_1_88' title='bbox 510 1144 612 1175; x_wconf 86' lang='lat' dir='ltr'><strong>fuisse</strong></span> <span class='ocrx_word' id='word_1_89' title='bbox 630 1143 764 1176; x_wconf 87' lang='lat' dir='ltr'><strong>asserit.</strong></span> <span class='ocrx_word' id='word_1_90' title='bbox 809 1143 887 1174; x_wconf 85' lang='lat' dir='ltr'>Fuit</span> <span class='ocrx_word' id='word_1_91' title='bbox 903 1147 938 1174; x_wconf 87' lang='lat' dir='ltr'><strong>et</strong></span> 
     </span>
     <span class='ocr_line' id='line_1_18' title="bbox 241 1194 938 1235; baseline -0.006 -8"><span class='ocrx_word' id='word_1_92' title='bbox 241 1195 387 1227; x_wconf 83' lang='lat' dir='ltr'><strong>Athenis</strong></span> <span class='ocrx_word' id='word_1_93' title='bbox 411 1194 606 1235; x_wconf 78' lang='grc' dir='ltr'>δικαστήριον</span> <span class='ocrx_word' id='word_1_94' title='bbox 628 1194 717 1235; x_wconf 87' lang='lat' dir='ltr'><strong>quod</strong></span> <span class='ocrx_word' id='word_1_95' title='bbox 738 1198 824 1225; x_wconf 87' lang='lat' dir='ltr'><strong>teste</strong></span> <span class='ocrx_word' id='word_1_96' title='bbox 848 1194 938 1224; x_wconf 84' lang='lat' dir='ltr'><strong>Pan-</strong></span> 
     </span>
     <span class='ocr_line' id='line_1_19' title="bbox 239 1242 938 1282; baseline -0.004 -5"><span class='ocrx_word' id='word_1_97' title='bbox 239 1246 336 1278; x_wconf 81' lang='lat' dir='ltr'><strong>sania</strong></span> <span class='ocrx_word' id='word_1_98' title='bbox 350 1244 532 1277; x_wconf 78' lang='grc' dir='ltr'>Παλλάδιον</span> <span class='ocrx_word' id='word_1_99' title='bbox 543 1246 734 1280; x_wconf 81' lang='lat' dir='ltr'><strong>dicebatur,</strong></span> <span class='ocrx_word' id='word_1_100' title='bbox 750 1244 807 1275; x_wconf 89' lang='lat' dir='ltr'><strong>ubi</strong></span> <span class='ocrx_word' id='word_1_101' title='bbox 817 1242 938 1282; x_wconf 73' lang='grc' dir='ltr'>ἐδίκαζ-</span> 
     </span>
     <span class='ocr_line' id='line_1_20' title="bbox 241 1294 937 1336; baseline -0.004 -8"><span class='ocrx_word' id='word_1_102' title='bbox 241 1308 277 1328; x_wconf 82' lang='grc' dir='ltr'><strong>ον</strong></span> <span class='ocrx_word' id='word_1_103' title='bbox 294 1296 366 1328; x_wconf 81' lang='grc' dir='ltr'>τοὺς</span> <span class='ocrx_word' id='word_1_104' title='bbox 381 1296 542 1328; x_wconf 79' lang='grc' dir='ltr'>ἀκουσίους</span> <span class='ocrx_word' id='word_1_105' title='bbox 556 1295 679 1336; x_wconf 85' lang='grc' dir='ltr'>φόνους.</span> <span class='ocrx_word' id='word_1_106' title='bbox 724 1295 816 1326; x_wconf 83' lang='grc' dir='ltr'>Η1110</span> <span class='ocrx_word' id='word_1_107' title='bbox 845 1294 937 1334; x_wconf 87' lang='lat' dir='ltr'><strong>apud</strong></span> 
     </span>
     <span class='ocr_line' id='line_1_21' title="bbox 241 1344 937 1387; baseline -0.004 -9"><span class='ocrx_word' id='word_1_108' title='bbox 241 1346 421 1387; x_wconf 70' lang='lat' dir='ltr'><strong>Aris-toph.</strong></span> <span class='ocrx_word' id='word_1_109' title='bbox 447 1348 552 1377; x_wconf 79' lang='grc' dir='ltr'>Κτενῶ</span> <span class='ocrx_word' id='word_1_110' title='bbox 567 1357 615 1381; x_wconf 84' lang='grc' dir='ltr'><strong>σε,</strong></span> <span class='ocrx_word' id='word_1_111' title='bbox 636 1345 756 1376; x_wconf 85' lang='grc' dir='ltr'>τέκνον.</span> <span class='ocrx_word' id='word_1_112' title='bbox 773 1346 790 1376; x_wconf 82' lang='grc' dir='ltr'><em>ὃ</em></span> <span class='ocrx_word' id='word_1_113' title='bbox 809 1344 843 1377; x_wconf 81' lang='grc' dir='ltr'><strong>δὲ</strong></span> <span class='ocrx_word' id='word_1_114' title='bbox 868 1345 937 1375; x_wconf 80' lang='grc' dir='ltr'>ὑπε-</span> 
     </span>
     <span class='ocr_line' id='line_1_22' title="bbox 240 1393 936 1436; baseline -0.003 -9"><span class='ocrx_word' id='word_1_115' title='bbox 240 1395 376 1436; x_wconf 78' lang='grc' dir='ltr'><strong>κρίνατο,</strong></span> <span class='ocrx_word' id='word_1_116' title='bbox 402 1395 452 1427; x_wconf 83' lang='grc' dir='ltr'><strong>ἐπὶ</strong></span> <span class='ocrx_word' id='word_1_117' title='bbox 477 1395 658 1435; x_wconf 75' lang='grc' dir='ltr'>Παλλαδίῳ,</span> <span class='ocrx_word' id='word_1_118' title='bbox 675 1396 746 1435; x_wconf 86' lang='grc' dir='ltr'>παρ’</span> <span class='ocrx_word' id='word_1_119' title='bbox 771 1393 805 1435; x_wconf 71' lang='grc' dir='ltr'><strong>ᾧ,</strong></span> <span class='ocrx_word' id='word_1_120' title='bbox 825 1393 936 1435; x_wconf 78' lang='grc' dir='ltr'>πάτερ,</span> 
     </span>
     <span class='ocr_line' id='line_1_23' title="bbox 239 1445 457 1483; baseline 0 -6"><span class='ocrx_word' id='word_1_121' title='bbox 239 1446 345 1477; x_wconf 82' lang='grc' dir='ltr'>δώσεις</span> <span class='ocrx_word' id='word_1_122' title='bbox 360 1445 457 1483; x_wconf 82' lang='grc' dir='ltr'>δίκην.</span> 
     </span>
    </p>

    <p class='ocr_par' dir='ltr' id='par_1_7' title="bbox 241 1494 937 1627">
     <span class='ocr_line' id='line_1_24' title="bbox 285 1494 937 1536; baseline -0.003 -10"><span class='ocrx_word' id='word_1_123' title='bbox 285 1497 369 1526; x_wconf 87' lang='lat' dir='ltr'><strong>Coelo</strong></span> <span class='ocrx_word' id='word_1_124' title='bbox 382 1495 565 1536; x_wconf 74' lang='lat' dir='ltr'><strong>sullapsum]</strong></span> <span class='ocrx_word' id='word_1_125' title='bbox 590 1495 655 1526; x_wconf 91' lang='lat' dir='ltr'><strong>Vel</strong></span> <span class='ocrx_word' id='word_1_126' title='bbox 681 1494 871 1535; x_wconf 85' lang='lat' dir='ltr'><strong>delapsum,</strong></span> <span class='ocrx_word' id='word_1_127' title='bbox 898 1497 937 1524; x_wconf 93' lang='lat' dir='ltr'><strong>ut</strong></span> 
     </span>
     <span class='ocr_line' id='line_1_25' title="bbox 242 1544 937 1586; baseline -0.004 -8"><span class='ocrx_word' id='word_1_128' title='bbox 242 1545 347 1578; x_wconf 86' lang='lat' dir='ltr'><strong>Ovid.</strong></span> <span class='ocrx_word' id='word_1_129' title='bbox 372 1546 406 1577; x_wconf 92' lang='lat' dir='ltr'><strong>in</strong></span> <span class='ocrx_word' id='word_1_130' title='bbox 431 1546 562 1578; x_wconf 83' lang='lat' dir='ltr'><strong>Fastis:</strong></span> <span class='ocrx_word' id='word_1_131' title='bbox 600 1544 610 1562; x_wconf 91' lang='lat'>‘</span> <span class='ocrx_word' id='word_1_132' title='bbox 637 1545 786 1586; x_wconf 79' lang='lat' dir='ltr'><strong>Delapsa</strong></span> <span class='ocrx_word' id='word_1_133' title='bbox 817 1545 937 1576; x_wconf 84' lang='lat' dir='ltr'><strong>ancilia</strong></span> 
     </span>
     <span class='ocr_line' id='line_1_26' title="bbox 241 1594 352 1627; baseline -0.009 0"><span class='ocrx_word' id='word_1_134' title='bbox 241 1594 352 1627; x_wconf 87' lang='lat' dir='ltr'><strong>coelo.&#39;</strong></span> 
     </span>
    </p>

    <p class='ocr_par' dir='ltr' id='par_1_8' title="bbox 240 1643 938 1784">
     <span class='ocr_line' id='line_1_27' title="bbox 282 1643 937 1685; baseline -0.003 -9"><span class='ocrx_word' id='word_1_135' title='bbox 282 1645 438 1676; x_wconf 80' lang='lat' dir='ltr'><strong>Exertius</strong></span> <span class='ocrx_word' id='word_1_136' title='bbox 471 1644 688 1685; x_wconf 74' lang='lat' dir='ltr'><strong>disserturum]</strong></span> <span class='ocrx_word' id='word_1_137' title='bbox 730 1643 937 1683; x_wconf 76' lang='lat' dir='ltr'><strong>violentius,</strong></span> 
     </span>
     <span class='ocr_line' id='line_1_28' title="bbox 242 1693 938 1735; baseline -0.004 -9"><span class='ocrx_word' id='word_1_138' title='bbox 242 1695 338 1735; x_wconf 87' lang='lat' dir='ltr'><strong>quasi</strong></span> <span class='ocrx_word' id='word_1_139' title='bbox 360 1699 478 1726; x_wconf 81' lang='lat' dir='ltr'><strong>exerta</strong></span> <span class='ocrx_word' id='word_1_140' title='bbox 503 1704 598 1733; x_wconf 89' lang='lat' dir='ltr'><strong>voce,</strong></span> <span class='ocrx_word' id='word_1_141' title='bbox 624 1698 664 1725; x_wconf 94' lang='lat' dir='ltr'><strong>ut</strong></span> <span class='ocrx_word' id='word_1_142' title='bbox 685 1694 814 1724; x_wconf 85' lang='lat' dir='ltr'><strong>exertis</strong></span> <span class='ocrx_word' id='word_1_143' title='bbox 833 1693 938 1724; x_wconf 83' lang='lat' dir='ltr'><strong>mani·</strong></span> 
     </span>
     <span class='ocr_line' id='line_1_29' title="bbox 240 1743 872 1784; baseline 0 -9"><span class='ocrx_word' id='word_1_144' title='bbox 240 1743 317 1784; x_wconf 85' lang='lat' dir='ltr'><strong>bns,</strong></span> <span class='ocrx_word' id='word_1_145' title='bbox 333 1748 369 1775; x_wconf 87' lang='lat' dir='ltr'><strong>et</strong></span> <span class='ocrx_word' id='word_1_146' title='bbox 384 1747 416 1775; x_wconf 90' lang='grc'><strong>8.</strong></span> <span class='ocrx_word' id='word_1_147' title='bbox 438 1743 618 1775; x_wconf 82' lang='lat' dir='ltr'><strong>‘Exertius</strong></span> <span class='ocrx_word' id='word_1_148' title='bbox 634 1743 872 1775; x_wconf 75' lang='lat' dir='ltr'><strong>disseruisset.y</strong></span> 
     </span>
    </p>

    <p class='ocr_par' dir='ltr' id='par_1_9' title="bbox 241 1793 937 1876">
     <span class='ocr_line' id='line_1_30' title="bbox 285 1793 937 1835; baseline 0 -11"><span class='ocrx_word' id='word_1_149' title='bbox 285 1795 360 1835; x_wconf 76' lang='lat'><strong>§10</strong></span> <span class='ocrx_word' id='word_1_150' title='bbox 383 1794 424 1825; x_wconf 89' lang='lat' dir='ltr'><strong>In</strong></span> <span class='ocrx_word' id='word_1_151' title='bbox 449 1793 562 1826; x_wconf 75' lang='lat' dir='ltr'><strong>honore</strong></span> <span class='ocrx_word' id='word_1_152' title='bbox 585 1793 727 1834; x_wconf 80' lang='lat' dir='ltr'><strong>Ducum]</strong></span> <span class='ocrx_word' id='word_1_153' title='bbox 751 1794 836 1834; x_wconf 86' lang='lat' dir='ltr'><strong>Leg.</strong></span> <span class='ocrx_word' id='word_1_154' title='bbox 871 1793 881 1811; x_wconf 88' lang='lat'>‘</span> <span class='ocrx_word' id='word_1_155' title='bbox 903 1793 937 1824; x_wconf 92' lang='lat' dir='ltr'><strong>in</strong></span> 
     </span>
     <span class='ocr_line' id='line_1_31' title="bbox 241 1843 427 1876; baseline 0 0"><span class='ocrx_word' id='word_1_156' title='bbox 241 1843 427 1876; x_wconf 62' lang='lat' dir='ltr'><strong>honorem)</strong></span> 
     </span>
    </p>

    <p class='ocr_par' dir='ltr' id='par_1_10' title="bbox 283 1892 770 1936">
     <span class='ocr_line' id='line_1_32' title="bbox 283 1892 770 1936; baseline -0.002 -10"><span class='ocrx_word' id='word_1_157' title='bbox 283 1895 325 1926; x_wconf 87' lang='lat' dir='ltr'><strong>In</strong></span> <span class='ocrx_word' id='word_1_158' title='bbox 340 1895 464 1936; x_wconf 75' lang='lat' dir='ltr'><strong>quibus]</strong></span> <span class='ocrx_word' id='word_1_159' title='bbox 491 1895 573 1936; x_wconf 86' lang='lat' dir='ltr'><strong>Leg.</strong></span> <span class='ocrx_word' id='word_1_160' title='bbox 598 1895 608 1913; x_wconf 89' lang='lat'>‘</span> <span class='ocrx_word' id='word_1_161' title='bbox 627 1892 770 1936; x_wconf 88' lang='lat' dir='ltr'><strong>quibus.’</strong></span> 
     </span>
    </p>

    <p class='ocr_par' dir='ltr' id='par_1_11' title="bbox 237 1943 940 2334">
     <span class='ocr_line' id='line_1_33' title="bbox 284 1943 940 1985; baseline -0.003 -9"><span class='ocrx_word' id='word_1_162' title='bbox 284 1945 510 1977; x_wconf 79' lang='lat' dir='ltr'><strong>Permansuros</strong></span> <span class='ocrx_word' id='word_1_163' title='bbox 527 1945 608 1976; x_wconf 78' lang='lat' dir='ltr'><strong>sein</strong></span> <span class='ocrx_word' id='word_1_164' title='bbox 629 1955 675 1983; x_wconf 87' lang='lat' dir='ltr'><strong>eo,</strong></span> <span class='ocrx_word' id='word_1_165' title='bbox 692 1945 772 1985; x_wconf 80' lang='lat' dir='ltr'><strong>quod</strong></span> <span class='ocrx_word' id='word_1_166' title='bbox 791 1943 851 1975; x_wconf 71' lang='lat' dir='ltr'><strong>sibi</strong></span> <span class='ocrx_word' id='word_1_167' title='bbox 871 1953 940 1975; x_wconf 84' lang='lat' dir='ltr'><strong>cam</strong></span> 
     </span>
     <span class='ocr_line' id='line_1_34' title="bbox 241 1994 940 2036; baseline -0.004 -9"><span class='ocrx_word' id='word_1_168' title='bbox 241 1995 401 2027; x_wconf 74' lang='lat' dir='ltr'><strong>Antenore</strong></span> <span class='ocrx_word' id='word_1_169' title='bbox 413 1995 620 2036; x_wconf 82' lang='lat' dir='ltr'><strong>convenisset]</strong></span> <span class='ocrx_word' id='word_1_170' title='bbox 643 1995 772 2035; x_wconf 85' lang='lat' dir='ltr'><strong>Egerat</strong></span> <span class='ocrx_word' id='word_1_171' title='bbox 794 1994 837 2024; x_wconf 89' lang='lat' dir='ltr'><strong>de</strong></span> <span class='ocrx_word' id='word_1_172' title='bbox 862 2003 940 2034; x_wconf 88' lang='lat' dir='ltr'><strong>pro-</strong></span> 
     </span>
     <span class='ocr_line' id='line_1_35' title="bbox 241 2043 939 2086; baseline -0.003 -10"><span class='ocrx_word' id='word_1_173' title='bbox 241 2045 354 2077; x_wconf 85' lang='lat' dir='ltr'><strong>denda</strong></span> <span class='ocrx_word' id='word_1_174' title='bbox 371 2046 502 2086; x_wconf 83' lang='lat' dir='ltr'><strong>patria3</strong></span> <span class='ocrx_word' id='word_1_175' title='bbox 525 2045 585 2075; x_wconf 86' lang='lat' dir='ltr'><strong>sed</strong></span> <span class='ocrx_word' id='word_1_176' title='bbox 608 2045 708 2075; x_wconf 83' lang='lat' dir='ltr'><strong>aliter</strong></span> <span class='ocrx_word' id='word_1_177' title='bbox 728 2043 866 2084; x_wconf 86' lang='lat' dir='ltr'><strong>Trojani</strong></span> <span class='ocrx_word' id='word_1_178' title='bbox 883 2052 939 2074; x_wconf 89' lang='grc'><strong>30-</strong></span> 
     </span>
     <span class='ocr_line' id='line_1_36' title="bbox 242 2093 939 2133; baseline -0.006 -6"><span class='ocrx_word' id='word_1_179' title='bbox 242 2100 315 2127; x_wconf 84' lang='grc'>111111</span> <span class='ocrx_word' id='word_1_180' title='bbox 337 2095 543 2133; x_wconf 81' lang='grc'>010110113111;</span> <span class='ocrx_word' id='word_1_181' title='bbox 564 2094 654 2125; x_wconf 82' lang='lat' dir='ltr'><strong>unde</strong></span> <span class='ocrx_word' id='word_1_182' title='bbox 670 2093 809 2133; x_wconf 85' lang='lat' dir='ltr'><strong>Ulysses</strong></span> <span class='ocrx_word' id='word_1_183' title='bbox 830 2093 863 2124; x_wconf 91' lang='lat' dir='ltr'><strong>in</strong></span> <span class='ocrx_word' id='word_1_184' title='bbox 882 2093 939 2133; x_wconf 91' lang='lat' dir='ltr'><strong>ju·</strong></span> 
     </span>
     <span class='ocr_line' id='line_1_37' title="bbox 243 2143 940 2176; baseline -0.004 0"><span class='ocrx_word' id='word_1_185' title='bbox 243 2151 398 2176; x_wconf 88' lang='lat' dir='ltr'><strong>ramento</strong></span> <span class='ocrx_word' id='word_1_186' title='bbox 426 2154 560 2175; x_wconf 89' lang='lat' dir='ltr'><strong>sensum</strong></span> <span class='ocrx_word' id='word_1_187' title='bbox 593 2143 772 2174; x_wconf 90' lang='lat' dir='ltr'><strong>verborum</strong></span> <span class='ocrx_word' id='word_1_188' title='bbox 803 2152 940 2174; x_wconf 88' lang='lat' dir='ltr'><strong>suorum</strong></span> 
     </span>
     <span class='ocr_line' id='line_1_38' title="bbox 240 2192 940 2226; baseline -0.004 0"><span class='ocrx_word' id='word_1_189' title='bbox 240 2195 305 2226; x_wconf 85' lang='lat' dir='ltr'><strong>sibi</strong></span> <span class='ocrx_word' id='word_1_190' title='bbox 321 2199 493 2226; x_wconf 85' lang='lat' dir='ltr'><strong>servatum</strong></span> <span class='ocrx_word' id='word_1_191' title='bbox 508 2194 637 2225; x_wconf 87' lang='lat' dir='ltr'><strong>habuit.</strong></span> <span class='ocrx_word' id='word_1_192' title='bbox 680 2192 771 2224; x_wconf 88' lang='lat' dir='ltr'><strong>Vide</strong></span> <span class='ocrx_word' id='word_1_193' title='bbox 783 2193 883 2224; x_wconf 88' lang='lat' dir='ltr'><strong>Grot.</strong></span> <span class='ocrx_word' id='word_1_194' title='bbox 896 2192 940 2224; x_wconf 92' lang='lat' dir='ltr'><strong>de</strong></span> 
     </span>
     <span class='ocr_line' id='line_1_39' title="bbox 237 2242 940 2285; baseline -0.003 -10"><span class='ocrx_word' id='word_1_195' title='bbox 237 2244 311 2285; x_wconf 84' lang='lat' dir='ltr'><strong>jur.</strong></span> <span class='ocrx_word' id='word_1_196' title='bbox 334 2244 376 2275; x_wconf 90' lang='lat' dir='ltr'><strong>B.</strong></span> <span class='ocrx_word' id='word_1_197' title='bbox 400 2248 436 2276; x_wconf 89' lang='lat' dir='ltr'><strong>et</strong></span> <span class='ocrx_word' id='word_1_198' title='bbox 459 2244 545 2275; x_wconf 89' lang='lat' dir='ltr'><strong>Pac.</strong></span> <span class='ocrx_word' id='word_1_199' title='bbox 569 2253 600 2275; x_wconf 91' lang='grc'><strong>0.</strong></span> <span class='ocrx_word' id='word_1_200' title='bbox 621 2242 665 2274; x_wconf 89' lang='lat' dir='ltr'><strong>de</strong></span> <span class='ocrx_word' id='word_1_201' title='bbox 686 2242 818 2274; x_wconf 82' lang='lat' dir='ltr'><strong>verbor.</strong></span> <span class='ocrx_word' id='word_1_202' title='bbox 835 2242 940 2274; x_wconf 87' lang='lat' dir='ltr'><strong>inter-</strong></span> 
     </span>
     <span class='ocr_line' id='line_1_40' title="bbox 243 2296 338 2334; baseline 0 -10"><span class='ocrx_word' id='word_1_203' title='bbox 243 2296 338 2334; x_wconf 85' lang='lat' dir='ltr'><strong>pret.</strong></span> 
     </span>
    </p>

    <p class='ocr_par' dir='ltr' id='par_1_12' title="bbox 243 2340 941 2521">
     <span class='ocr_line' id='line_1_41' title="bbox 287 2340 941 2382; baseline -0.002 -9"><span class='ocrx_word' id='word_1_204' title='bbox 287 2342 343 2373; x_wconf 83' lang='lat' dir='ltr'><strong>Ila</strong></span> <span class='ocrx_word' id='word_1_205' title='bbox 363 2341 412 2373; x_wconf 77' lang='lat' dir='ltr'><strong>uti</strong></span> <span class='ocrx_word' id='word_1_206' title='bbox 434 2351 510 2382; x_wconf 79' lang='lat' dir='ltr'><strong>pars</strong></span> <span class='ocrx_word' id='word_1_207' title='bbox 529 2342 569 2373; x_wconf 84' lang='lat' dir='ltr'><strong>ad</strong></span> <span class='ocrx_word' id='word_1_208' title='bbox 592 2342 698 2380; x_wconf 79' lang='lat' dir='ltr'><strong>solem,</strong></span> <span class='ocrx_word' id='word_1_209' title='bbox 720 2340 879 2372; x_wconf 78' lang='lat' dir='ltr'><strong>residuum</strong></span> <span class='ocrx_word' id='word_1_210' title='bbox 900 2341 941 2372; x_wconf 84' lang='lat' dir='ltr'><strong>ad</strong></span> 
     </span>
     <span class='ocr_line' id='line_1_42' title="bbox 243 2390 941 2432; baseline -0.003 -10"><span class='ocrx_word' id='word_1_211' title='bbox 243 2401 339 2423; x_wconf 78' lang='lat' dir='ltr'><strong>naves</strong></span> <span class='ocrx_word' id='word_1_212' title='bbox 347 2392 514 2432; x_wconf 82' lang='lat' dir='ltr'><strong>spectaret]</strong></span> <span class='ocrx_word' id='word_1_213' title='bbox 528 2390 583 2421; x_wconf 90' lang='lat' dir='ltr'><strong>Ad</strong></span> <span class='ocrx_word' id='word_1_214' title='bbox 597 2391 713 2430; x_wconf 89' lang='lat' dir='ltr'><strong>solem,</strong></span> <span class='ocrx_word' id='word_1_215' title='bbox 727 2391 789 2421; x_wconf 93' lang='grc'>1100</span> <span class='ocrx_word' id='word_1_216' title='bbox 806 2395 872 2431; x_wconf 87' lang='lat' dir='ltr'><strong>est,</strong></span> <span class='ocrx_word' id='word_1_217' title='bbox 887 2400 941 2421; x_wconf 88' lang='lat' dir='ltr'><strong>or-</strong></span> 
     </span>
     <span class='ocr_line' id='line_1_43' title="bbox 244 2440 940 2481; baseline -0.001 -9"><span class='ocrx_word' id='word_1_218' title='bbox 244 2446 329 2473; x_wconf 88' lang='lat' dir='ltr'><strong>tum.</strong></span> <span class='ocrx_word' id='word_1_219' title='bbox 371 2440 484 2481; x_wconf 90' lang='lat' dir='ltr'><strong>Trojae</strong></span> <span class='ocrx_word' id='word_1_220' title='bbox 502 2440 632 2481; x_wconf 87' lang='lat' dir='ltr'><strong>quippe</strong></span> <span class='ocrx_word' id='word_1_221' title='bbox 651 2441 735 2471; x_wconf 83' lang='lat' dir='ltr'><strong>situs</strong></span> <span class='ocrx_word' id='word_1_222' title='bbox 752 2440 940 2472; x_wconf 86' lang='lat' dir='ltr'><strong>Orientalis</strong></span> 
     </span>
     <span class='ocr_line' id='line_1_44' title="bbox 244 2489 856 2521; baseline -0.002 0"><span class='ocrx_word' id='word_1_223' title='bbox 244 2495 321 2521; x_wconf 84' lang='lat' dir='ltr'><strong>erat</strong></span> <span class='ocrx_word' id='word_1_224' title='bbox 337 2489 476 2521; x_wconf 82' lang='lat' dir='ltr'><strong>stationi</strong></span> <span class='ocrx_word' id='word_1_225' title='bbox 496 2489 628 2520; x_wconf 85' lang='lat' dir='ltr'><strong>navium</strong></span> <span class='ocrx_word' id='word_1_226' title='bbox 644 2489 856 2520; x_wconf 74' lang='lat' dir='ltr'><strong>Graecarum.</strong></span> 
     </span>
    </p>

    <p class='ocr_par' dir='ltr' id='par_1_13' title="bbox 244 2538 942 2621">
     <span class='ocr_line' id='line_1_45' title="bbox 286 2538 942 2581; baseline 0.002 -11"><span class='ocrx_word' id='word_1_227' title='bbox 286 2541 305 2581; x_wconf 82' lang='lat'>§</span> <span class='ocrx_word' id='word_1_228' title='bbox 322 2542 360 2571; x_wconf 87' lang='lat' dir='ltr'><strong>ll</strong></span> <span class='ocrx_word' id='word_1_229' title='bbox 379 2539 488 2571; x_wconf 68' lang='lat' dir='ltr'><strong>illotus</strong></span> <span class='ocrx_word' id='word_1_230' title='bbox 501 2538 636 2578; x_wconf 82' lang='lat' dir='ltr'><strong>facilius</strong></span> <span class='ocrx_word' id='word_1_231' title='bbox 649 2538 754 2579; x_wconf 81' lang='lat' dir='ltr'><strong>foret]</strong></span> <span class='ocrx_word' id='word_1_232' title='bbox 770 2539 854 2580; x_wconf 85' lang='lat' dir='ltr'><strong>Leg.</strong></span> <span class='ocrx_word' id='word_1_233' title='bbox 867 2540 878 2557; x_wconf 80' lang='lat'><em>⁴</em></span> <span class='ocrx_word' id='word_1_234' title='bbox 893 2538 942 2571; x_wconf 85' lang='lat' dir='ltr'><strong>fa-</strong></span> 
     </span>
     <span class='ocr_line' id='line_1_46' title="bbox 244 2588 364 2621; baseline -0.008 0"><span class='ocrx_word' id='word_1_235' title='bbox 244 2588 364 2621; x_wconf 87' lang='lat' dir='ltr'><strong>cilior.’</strong></span> 
     </span>
    </p>

    <p class='ocr_par' dir='ltr' id='par_1_14' title="bbox 244 2636 942 2720">
     <span class='ocr_line' id='line_1_47' title="bbox 297 2636 942 2679; baseline 0.002 -9"><span class='ocrx_word' id='word_1_236' title='bbox 297 2639 424 2670; x_wconf 85' lang='lat' dir='ltr'><strong>Donum</strong></span> <span class='ocrx_word' id='word_1_237' title='bbox 464 2638 620 2669; x_wconf 76' lang='lat' dir='ltr'><strong>Minervoe</strong></span> <span class='ocrx_word' id='word_1_238' title='bbox 663 2636 814 2678; x_wconf 77' lang='lat' dir='ltr'><strong>maxime]</strong></span> <span class='ocrx_word' id='word_1_239' title='bbox 857 2639 942 2679; x_wconf 85' lang='lat' dir='ltr'><strong>Leg.</strong></span> 
     </span>
     <span class='ocr_line' id='line_1_48' title="bbox 244 2688 475 2720; baseline 0.004 -1"><span class='ocrx_word' id='word_1_240' title='bbox 244 2688 257 2706; x_wconf 84' lang='lat'>‘</span> <span class='ocrx_word' id='word_1_241' title='bbox 272 2688 475 2720; x_wconf 67' lang='lat' dir='ltr'><strong>maximum!</strong></span> 
     </span>
    </p>

    <p class='ocr_par' dir='ltr' id='par_1_15' title="bbox 243 2735 940 2827">
     <span class='ocr_line' id='line_1_49' title="bbox 289 2735 940 2776; baseline 0 -7"><span class='ocrx_word' id='word_1_242' title='bbox 289 2739 368 2769; x_wconf 79' lang='lat' dir='ltr'><strong>Cum</strong></span> <span class='ocrx_word' id='word_1_243' title='bbox 387 2747 506 2769; x_wconf 81' lang='lat' dir='ltr'><strong>summa</strong></span> <span class='ocrx_word' id='word_1_244' title='bbox 528 2735 694 2776; x_wconf 79' lang='lat' dir='ltr'><strong>religione]</strong></span> <span class='ocrx_word' id='word_1_245' title='bbox 718 2737 802 2776; x_wconf 82' lang='lat' dir='ltr'><strong>Leg.</strong></span> <span class='ocrx_word' id='word_1_246' title='bbox 829 2737 839 2754; x_wconf 91' lang='lat'>‘</span> <span class='ocrx_word' id='word_1_247' title='bbox 854 2737 940 2769; x_wconf 89' lang='lat' dir='ltr'><strong>Eum</strong></span> 
     </span>
     <span class='ocr_line' id='line_1_50' title="bbox 243 2786 802 2827; baseline 0 -9"><span class='ocrx_word' id='word_1_248' title='bbox 243 2797 373 2819; x_wconf 82' lang='lat' dir='ltr'><strong>summa</strong></span> <span class='ocrx_word' id='word_1_249' title='bbox 388 2787 552 2827; x_wconf 85' lang='lat' dir='ltr'><strong>religione</strong></span> <span class='ocrx_word' id='word_1_250' title='bbox 565 2786 802 2826; x_wconf 69' lang='lat' dir='ltr'><strong>susciperent!</strong></span> 
     </span>
    </p>

    <p class='ocr_par' dir='ltr' id='par_1_16' title="bbox 288 2835 940 2878">
     <span class='ocr_line' id='line_1_51' title="bbox 288 2835 940 2878; baseline 0.002 -10"><span class='ocrx_word' id='word_1_251' title='bbox 288 2838 306 2878; x_wconf 57' lang='grc' dir='ltr'><strong>ξ</strong></span> <span class='ocrx_word' id='word_1_252' title='bbox 332 2839 372 2868; x_wconf 86' lang='grc'><strong>12</strong></span> <span class='ocrx_word' id='word_1_253' title='bbox 405 2837 495 2869; x_wconf 74' lang='lat' dir='ltr'><strong>Jovis</strong></span> <span class='ocrx_word' id='word_1_254' title='bbox 523 2839 597 2869; x_wconf 82' lang='lat' dir='ltr'><strong>ante</strong></span> <span class='ocrx_word' id='word_1_255' title='bbox 626 2835 804 2878; x_wconf 74' lang='lat' dir='ltr'><strong>aedijicz‘ale]</strong></span> <span class='ocrx_word' id='word_1_256' title='bbox 836 2836 940 2869; x_wconf 80' lang='lat' dir='ltr'><strong>Forte</strong></span> 
     </span>
    </p>
   </div>
   <div class='ocr_carea' id='block_1_3' title="bbox 1599 287 1685 330">
    <p class='ocr_par' dir='ltr' id='par_1_17' title="bbox 1599 287 1685 330">
     <span class='ocr_line' id='line_1_52' title="bbox 1599 287 1685 330; baseline 0.012 -1"><span class='ocrx_word' id='word_1_257' title='bbox 1599 287 1685 330; x_wconf 82' lang='lat'><strong>633</strong></span> 
     </span>
    </p>
   </div>
   <div class='ocr_carea' id='block_1_4' title="bbox 978 389 1689 2878">
    <p class='ocr_par' dir='ltr' id='par_1_18' title="bbox 987 389 1377 431">
     <span class='ocr_line' id='line_1_53' title="bbox 987 389 1377 431; baseline 0 -9"><span class='ocrx_word' id='word_1_258' title='bbox 987 391 1054 431; x_wconf 78' lang='lat' dir='ltr'><strong>leg.</strong></span> <span class='ocrx_word' id='word_1_259' title='bbox 1077 391 1086 408; x_wconf 89' lang='lat'>‘</span> <span class='ocrx_word' id='word_1_260' title='bbox 1105 389 1377 422; x_wconf 71' lang='lat' dir='ltr'><strong>antaedificians!</strong></span> 
     </span>
    </p>

    <p class='ocr_par' dir='ltr' id='par_1_19' title="bbox 978 443 1686 1279">
     <span class='ocr_line' id='line_1_54' title="bbox 1032 443 1683 484; baseline -0.002 -10"><span class='ocrx_word' id='word_1_261' title='bbox 1032 443 1227 474; x_wconf 80' lang='lat' dir='ltr'><strong>Retinentem</strong></span> <span class='ocrx_word' id='word_1_262' title='bbox 1250 447 1379 484; x_wconf 78' lang='lat' dir='ltr'><strong>utraque</strong></span> <span class='ocrx_word' id='word_1_263' title='bbox 1408 453 1500 475; x_wconf 82' lang='lat' dir='ltr'><strong>manu</strong></span> <span class='ocrx_word' id='word_1_264' title='bbox 1526 444 1566 474; x_wconf 76' lang='lat' dir='ltr'><strong>acl</strong></span> <span class='ocrx_word' id='word_1_265' title='bbox 1594 452 1683 475; x_wconf 84' lang='lat' dir='ltr'><strong>aram</strong></span> 
     </span>
     <span class='ocr_line' id='line_1_55' title="bbox 978 495 1682 536; baseline -0.003 -10"><span class='ocrx_word' id='word_1_266' title='bbox 978 495 1124 536; x_wconf 75' lang='lat' dir='ltr'><strong>jug-ulae]</strong></span> <span class='ocrx_word' id='word_1_267' title='bbox 1150 496 1355 536; x_wconf 82' lang='lat' dir='ltr'><strong>Praepositio</strong></span> <span class='ocrx_word' id='word_1_268' title='bbox 1379 496 1388 512; x_wconf 90' lang='lat'>‘</span> <span class='ocrx_word' id='word_1_269' title='bbox 1407 495 1468 527; x_wconf 84' lang='lat' dir='ltr'><strong>ad&#39;</strong></span> <span class='ocrx_word' id='word_1_270' title='bbox 1495 496 1597 535; x_wconf 86' lang='lat' dir='ltr'><strong>plane</strong></span> <span class='ocrx_word' id='word_1_271' title='bbox 1623 495 1682 525; x_wconf 86' lang='lat' dir='ltr'><strong>de-</strong></span> 
     </span>
     <span class='ocr_line' id='line_1_56' title="bbox 987 545 1683 587; baseline -0.003 -10"><span class='ocrx_word' id='word_1_272' title='bbox 987 546 1099 578; x_wconf 78' lang='lat' dir='ltr'><strong>lenda.</strong></span> <span class='ocrx_word' id='word_1_273' title='bbox 1153 545 1257 577; x_wconf 85' lang='lat' dir='ltr'><strong>Aram</strong></span> <span class='ocrx_word' id='word_1_274' title='bbox 1283 547 1372 578; x_wconf 87' lang='lat' dir='ltr'><strong>enim</strong></span> <span class='ocrx_word' id='word_1_275' title='bbox 1400 546 1583 587; x_wconf 83' lang='lat' dir='ltr'><strong>supplices,</strong></span> <span class='ocrx_word' id='word_1_276' title='bbox 1612 545 1683 576; x_wconf 83' lang='lat' dir='ltr'><strong>sive</strong></span> 
     </span>
     <span class='ocr_line' id='line_1_57' title="bbox 988 594 1685 638; baseline -0.003 -10"><span class='ocrx_word' id='word_1_277' title='bbox 988 602 1104 638; x_wconf 83' lang='lat' dir='ltr'><strong>postes</strong></span> <span class='ocrx_word' id='word_1_278' title='bbox 1120 597 1289 633; x_wconf 83' lang='lat' dir='ltr'><strong>altarium,</strong></span> <span class='ocrx_word' id='word_1_279' title='bbox 1303 597 1400 638; x_wconf 86' lang='lat' dir='ltr'><strong>quasi</strong></span> <span class='ocrx_word' id='word_1_280' title='bbox 1412 597 1444 628; x_wconf 92' lang='lat' dir='ltr'><strong>in</strong></span> <span class='ocrx_word' id='word_1_281' title='bbox 1459 597 1553 637; x_wconf 88' lang='lat' dir='ltr'><strong>asylo</strong></span> <span class='ocrx_word' id='word_1_282' title='bbox 1564 594 1685 634; x_wconf 86' lang='lat' dir='ltr'><strong>futuri,</strong></span> 
     </span>
     <span class='ocr_line' id='line_1_58' title="bbox 988 645 1684 689; baseline -0.006 -10"><span class='ocrx_word' id='word_1_283' title='bbox 988 648 1295 689; x_wconf 81' lang='lat' dir='ltr'><strong>amplectebantur,</strong></span> <span class='ocrx_word' id='word_1_284' title='bbox 1309 657 1372 678; x_wconf 93' lang='lat' dir='ltr'><strong>nec</strong></span> <span class='ocrx_word' id='word_1_285' title='bbox 1397 656 1433 678; x_wconf 90' lang='lat' dir='ltr'><strong>se</strong></span> <span class='ocrx_word' id='word_1_286' title='bbox 1457 646 1557 678; x_wconf 88' lang='lat' dir='ltr'><strong>avelli</strong></span> <span class='ocrx_word' id='word_1_287' title='bbox 1574 645 1684 686; x_wconf 85' lang='lat' dir='ltr'><strong>patie-</strong></span> 
     </span>
     <span class='ocr_line' id='line_1_59' title="bbox 988 695 1686 735; baseline -0.006 -6"><span class='ocrx_word' id='word_1_288' title='bbox 988 698 1124 729; x_wconf 83' lang='lat' dir='ltr'><strong>bantur.</strong></span> <span class='ocrx_word' id='word_1_289' title='bbox 1168 698 1225 729; x_wconf 90' lang='lat' dir='ltr'><strong>Ita</strong></span> <span class='ocrx_word' id='word_1_290' title='bbox 1239 697 1281 728; x_wconf 89' lang='lat' dir='ltr'><strong>de</strong></span> <span class='ocrx_word' id='word_1_291' title='bbox 1296 697 1408 729; x_wconf 86' lang='lat' dir='ltr'><strong>Joabo</strong></span> <span class='ocrx_word' id='word_1_292' title='bbox 1430 696 1462 727; x_wconf 91' lang='lat' dir='ltr'><strong>in</strong></span> <span class='ocrx_word' id='word_1_293' title='bbox 1485 696 1589 727; x_wconf 84' lang='lat' dir='ltr'><strong>sacris</strong></span> <span class='ocrx_word' id='word_1_294' title='bbox 1604 695 1686 735; x_wconf 84' lang='lat' dir='ltr'><strong>legi-</strong></span> 
     </span>
     <span class='ocr_line' id='line_1_60' title="bbox 989 746 1684 787; baseline -0.004 -9"><span class='ocrx_word' id='word_1_295' title='bbox 989 757 1062 778; x_wconf 89' lang='lat' dir='ltr'><strong>mus</strong></span> <span class='ocrx_word' id='word_1_296' title='bbox 1090 757 1112 778; x_wconf 91' lang='grc'><strong>1.</strong></span> <span class='ocrx_word' id='word_1_297' title='bbox 1141 748 1227 787; x_wconf 86' lang='lat' dir='ltr'><strong>Reg.</strong></span> <span class='ocrx_word' id='word_1_298' title='bbox 1250 750 1281 779; x_wconf 84' lang='lat'><strong>2.</strong></span> <span class='ocrx_word' id='word_1_299' title='bbox 1306 749 1359 778; x_wconf 84' lang='lat'><strong>28.</strong></span> <span class='ocrx_word' id='word_1_300' title='bbox 1405 747 1541 778; x_wconf 89' lang='lat' dir='ltr'><strong>Cornua</strong></span> <span class='ocrx_word' id='word_1_301' title='bbox 1570 746 1684 776; x_wconf 86' lang='lat' dir='ltr'><strong>altaris</strong></span> 
     </span>
     <span class='ocr_line' id='line_1_61' title="bbox 990 797 1684 838; baseline -0.003 -10"><span class='ocrx_word' id='word_1_302' title='bbox 990 798 1194 838; x_wconf 87' lang='lat' dir='ltr'><strong>amplexum,</strong></span> <span class='ocrx_word' id='word_1_303' title='bbox 1221 798 1325 837; x_wconf 89' lang='lat' dir='ltr'><strong>Regis</strong></span> <span class='ocrx_word' id='word_1_304' title='bbox 1357 797 1455 837; x_wconf 86' lang='lat' dir='ltr'><strong>jussu</strong></span> <span class='ocrx_word' id='word_1_305' title='bbox 1485 801 1684 827; x_wconf 87' lang='lat' dir='ltr'><strong>mactatum.</strong></span> 
     </span>
     <span class='ocr_line' id='line_1_62' title="bbox 989 848 1685 888; baseline -0.001 -10"><span class='ocrx_word' id='word_1_306' title='bbox 989 848 1046 879; x_wconf 87' lang='lat' dir='ltr'><strong>Ita</strong></span> <span class='ocrx_word' id='word_1_307' title='bbox 1082 849 1171 888; x_wconf 86' lang='lat' dir='ltr'><strong>apud</strong></span> <span class='ocrx_word' id='word_1_308' title='bbox 1209 850 1390 886; x_wconf 81' lang='lat' dir='ltr'><strong>Molossos,</strong></span> <span class='ocrx_word' id='word_1_309' title='bbox 1434 848 1685 885; x_wconf 78' lang='lat' dir='ltr'><strong>Samothracas,</strong></span> 
     </span>
     <span class='ocr_line' id='line_1_63' title="bbox 988 898 1686 938; baseline -0.001 -9"><span class='ocrx_word' id='word_1_310' title='bbox 988 898 1217 935; x_wconf 80' lang='lat' dir='ltr'><strong>Crotoniatas,</strong></span> <span class='ocrx_word' id='word_1_311' title='bbox 1233 899 1434 938; x_wconf 81' lang='lat' dir='ltr'><strong>Messenios,</strong></span> <span class='ocrx_word' id='word_1_312' title='bbox 1450 900 1514 930; x_wconf 88' lang='lat' dir='ltr'><strong>&amp;c.</strong></span> <span class='ocrx_word' id='word_1_313' title='bbox 1532 898 1573 928; x_wconf 89' lang='lat' dir='ltr'><strong>ad</strong></span> <span class='ocrx_word' id='word_1_314' title='bbox 1592 898 1686 928; x_wconf 89' lang='lat' dir='ltr'><strong>Deo·</strong></span> 
     </span>
     <span class='ocr_line' id='line_1_64' title="bbox 989 942 1685 990; baseline 0 -12"><span class='ocrx_word' id='word_1_315' title='bbox 989 958 1062 979; x_wconf 89' lang='lat' dir='ltr'><strong>rum</strong></span> <span class='ocrx_word' id='word_1_316' title='bbox 1080 959 1154 980; x_wconf 89' lang='lat' dir='ltr'><strong>aras</strong></span> <span class='ocrx_word' id='word_1_317' title='bbox 1171 942 1365 990; x_wconf 67' lang='lat' dir='ltr'><strong>confugisse</strong></span> <span class='ocrx_word' id='word_1_318' title='bbox 1391 959 1453 990; x_wconf 87' lang='lat' dir='ltr'><strong>pro</strong></span> <span class='ocrx_word' id='word_1_319' title='bbox 1478 949 1571 989; x_wconf 88' lang='lat' dir='ltr'><strong>asylo</strong></span> <span class='ocrx_word' id='word_1_320' title='bbox 1592 947 1685 978; x_wconf 88' lang='lat' dir='ltr'><strong>habi-</strong></span> 
     </span>
     <span class='ocr_line' id='line_1_65' title="bbox 990 998 1685 1037; baseline -0.001 -9"><span class='ocrx_word' id='word_1_321' title='bbox 990 1003 1081 1037; x_wconf 81' lang='lat' dir='ltr'><strong>tum3</strong></span> <span class='ocrx_word' id='word_1_322' title='bbox 1104 998 1193 1029; x_wconf 91' lang='lat' dir='ltr'><strong>unde</strong></span> <span class='ocrx_word' id='word_1_323' title='bbox 1209 1003 1244 1029; x_wconf 87' lang='lat' dir='ltr'><strong>et</strong></span> <span class='ocrx_word' id='word_1_324' title='bbox 1263 999 1460 1029; x_wconf 82' lang='lat' dir='ltr'><strong>Ithacenses</strong></span> <span class='ocrx_word' id='word_1_325' title='bbox 1480 998 1576 1030; x_wconf 84' lang='lat' dir='ltr'><strong>Jovis</strong></span> <span class='ocrx_word' id='word_1_326' title='bbox 1592 1005 1685 1028; x_wconf 88' lang='lat' dir='ltr'><strong>aram</strong></span> 
     </span>
     <span class='ocr_line' id='line_1_66' title="bbox 987 1046 1683 1079; baseline -0.001 -1"><span class='ocrx_word' id='word_1_327' title='bbox 987 1047 1150 1079; x_wconf 82' lang='lat' dir='ltr'><strong>habuere.</strong></span> <span class='ocrx_word' id='word_1_328' title='bbox 1194 1048 1282 1079; x_wconf 88' lang='lat' dir='ltr'><strong>Vide</strong></span> <span class='ocrx_word' id='word_1_329' title='bbox 1304 1048 1403 1079; x_wconf 87' lang='lat' dir='ltr'><strong>Alex.</strong></span> <span class='ocrx_word' id='word_1_330' title='bbox 1428 1047 1470 1078; x_wconf 89' lang='lat' dir='ltr'><strong>ab</strong></span> <span class='ocrx_word' id='word_1_331' title='bbox 1494 1046 1683 1078; x_wconf 85' lang='lat' dir='ltr'><strong>Alexandr.</strong></span> 
     </span>
     <span class='ocr_line' id='line_1_67' title="bbox 988 1097 1685 1138; baseline -0.001 -9"><span class='ocrx_word' id='word_1_332' title='bbox 988 1098 1045 1129; x_wconf 91' lang='lat' dir='ltr'><strong>Sic</strong></span> <span class='ocrx_word' id='word_1_333' title='bbox 1058 1099 1145 1138; x_wconf 90' lang='lat' dir='ltr'><strong>apud</strong></span> <span class='ocrx_word' id='word_1_334' title='bbox 1162 1099 1345 1130; x_wconf 90' lang='lat' dir='ltr'><strong>Nostrum:</strong></span> <span class='ocrx_word' id='word_1_335' title='bbox 1364 1101 1373 1116; x_wconf 90' lang='lat'>‘</span> <span class='ocrx_word' id='word_1_336' title='bbox 1386 1098 1585 1129; x_wconf 86' lang='lat' dir='ltr'><strong>deliberatio</strong></span> <span class='ocrx_word' id='word_1_337' title='bbox 1598 1097 1685 1128; x_wconf 85' lang='lat' dir='ltr'><strong>inita</strong></span> 
     </span>
     <span class='ocr_line' id='line_1_68' title="bbox 988 1147 1686 1190; baseline 0 -12"><span class='ocrx_word' id='word_1_338' title='bbox 988 1158 1091 1189; x_wconf 87' lang='lat' dir='ltr'><strong>super</strong></span> <span class='ocrx_word' id='word_1_339' title='bbox 1113 1149 1178 1189; x_wconf 89' lang='lat' dir='ltr'><strong>his,</strong></span> <span class='ocrx_word' id='word_1_340' title='bbox 1193 1149 1248 1190; x_wconf 90' lang='lat' dir='ltr'><strong>qui</strong></span> <span class='ocrx_word' id='word_1_341' title='bbox 1267 1148 1308 1180; x_wconf 91' lang='lat' dir='ltr'><strong>ab</strong></span> <span class='ocrx_word' id='word_1_342' title='bbox 1325 1150 1475 1180; x_wconf 87' lang='lat' dir='ltr'><strong>Deorum</strong></span> <span class='ocrx_word' id='word_1_343' title='bbox 1499 1148 1565 1179; x_wconf 87' lang='lat' dir='ltr'><strong>aris</strong></span> <span class='ocrx_word' id='word_1_344' title='bbox 1588 1147 1686 1178; x_wconf 86' lang='lat' dir='ltr'><strong>auxi-</strong></span> 
     </span>
     <span class='ocr_line' id='line_1_69' title="bbox 987 1197 1684 1238; baseline 0 -10"><span class='ocrx_word' id='word_1_345' title='bbox 987 1198 1067 1228; x_wconf 92' lang='lat' dir='ltr'><strong>lium</strong></span> <span class='ocrx_word' id='word_1_346' title='bbox 1099 1198 1179 1228; x_wconf 78' lang='lat' dir='ltr'><strong>vitae</strong></span> <span class='ocrx_word' id='word_1_347' title='bbox 1216 1197 1513 1237; x_wconf 76' lang='lat' dir='ltr'><strong>imploraverant3&#39;</strong></span> <span class='ocrx_word' id='word_1_348' title='bbox 1547 1197 1603 1238; x_wconf 84' lang='lat' dir='ltr'><strong>qui</strong></span> <span class='ocrx_word' id='word_1_349' title='bbox 1633 1201 1684 1228; x_wconf 80' lang='lat' dir='ltr'><strong>ta-</strong></span> 
     </span>
     <span class='ocr_line' id='line_1_70' title="bbox 987 1246 1662 1279; baseline 0.003 -2"><span class='ocrx_word' id='word_1_350' title='bbox 987 1257 1062 1278; x_wconf 86' lang='lat' dir='ltr'><strong>men</strong></span> <span class='ocrx_word' id='word_1_351' title='bbox 1080 1249 1171 1278; x_wconf 90' lang='lat' dir='ltr'><strong>nullo</strong></span> <span class='ocrx_word' id='word_1_352' title='bbox 1187 1247 1316 1279; x_wconf 87' lang='lat' dir='ltr'><strong>dilectu</strong></span> <span class='ocrx_word' id='word_1_353' title='bbox 1333 1248 1494 1279; x_wconf 80' lang='lat' dir='ltr'><strong>trucidati</strong></span> <span class='ocrx_word' id='word_1_354' title='bbox 1508 1246 1662 1279; x_wconf 84' lang='lat' dir='ltr'><strong>fuerunt.</strong></span> 
     </span>
    </p>

    <p class='ocr_par' dir='ltr' id='par_1_20' title="bbox 986 1298 1685 1784">
     <span class='ocr_line' id='line_1_71' title="bbox 1030 1298 1685 1338; baseline 0 -10"><span class='ocrx_word' id='word_1_355' title='bbox 1030 1299 1048 1338; x_wconf 51' lang='grc' dir='ltr'>ᾧ</span> <span class='ocrx_word' id='word_1_356' title='bbox 1066 1301 1104 1328; x_wconf 83' lang='grc'><strong>13</strong></span> <span class='ocrx_word' id='word_1_357' title='bbox 1133 1298 1206 1329; x_wconf 83' lang='lat' dir='ltr'><strong>Vice</strong></span> <span class='ocrx_word' id='word_1_358' title='bbox 1227 1298 1382 1338; x_wconf 82' lang='lat' dir='ltr'><strong>pecorum]</strong></span> <span class='ocrx_word' id='word_1_359' title='bbox 1409 1298 1485 1329; x_wconf 86' lang='lat' dir='ltr'><strong>Hoc</strong></span> <span class='ocrx_word' id='word_1_360' title='bbox 1502 1298 1685 1333; x_wconf 82' lang='lat' dir='ltr'><strong>est,instar</strong></span> 
     </span>
     <span class='ocr_line' id='line_1_72' title="bbox 987 1347 1683 1387; baseline 0.001 -10"><span class='ocrx_word' id='word_1_361' title='bbox 987 1356 1163 1387; x_wconf 88' lang='lat' dir='ltr'><strong>pecorum,</strong></span> <span class='ocrx_word' id='word_1_362' title='bbox 1193 1352 1231 1378; x_wconf 90' lang='lat' dir='ltr'><strong>ut</strong></span> <span class='ocrx_word' id='word_1_363' title='bbox 1255 1356 1311 1378; x_wconf 89' lang='grc'>111.</span> <span class='ocrx_word' id='word_1_364' title='bbox 1338 1351 1389 1380; x_wconf 81' lang='grc'><strong>14.</strong></span> <span class='ocrx_word' id='word_1_365' title='bbox 1423 1348 1534 1378; x_wconf 87' lang='lat' dir='ltr'><strong>‘Vice</strong></span> <span class='ocrx_word' id='word_1_366' title='bbox 1566 1347 1683 1378; x_wconf 88' lang='lat' dir='ltr'><strong>imbel-</strong></span> 
     </span>
     <span class='ocr_line' id='line_1_73' title="bbox 986 1396 1684 1438; baseline 0.001 -11"><span class='ocrx_word' id='word_1_367' title='bbox 986 1397 1090 1428; x_wconf 82' lang='lat' dir='ltr'><strong>lium.’</strong></span> <span class='ocrx_word' id='word_1_368' title='bbox 1133 1397 1174 1428; x_wconf 93' lang='lat' dir='ltr'><strong>In</strong></span> <span class='ocrx_word' id='word_1_369' title='bbox 1190 1396 1312 1438; x_wconf 85' lang='lat' dir='ltr'><strong>fragm.</strong></span> <span class='ocrx_word' id='word_1_370' title='bbox 1325 1398 1463 1429; x_wconf 81' lang='lat' dir='ltr'><strong>Sallust.</strong></span> <span class='ocrx_word' id='word_1_371' title='bbox 1478 1398 1488 1415; x_wconf 85' lang='lat'>‘</span> <span class='ocrx_word' id='word_1_372' title='bbox 1501 1398 1684 1438; x_wconf 90' lang='lat' dir='ltr'><strong>Ruuntque</strong></span> 
     </span>
     <span class='ocr_line' id='line_1_74' title="bbox 986 1447 1685 1487; baseline 0.001 -11"><span class='ocrx_word' id='word_1_373' title='bbox 986 1456 1066 1487; x_wconf 88' lang='lat' dir='ltr'><strong>pars</strong></span> <span class='ocrx_word' id='word_1_374' title='bbox 1091 1447 1236 1477; x_wconf 84' lang='lat' dir='ltr'><strong>maxima</strong></span> <span class='ocrx_word' id='word_1_375' title='bbox 1259 1447 1400 1477; x_wconf 89' lang='lat' dir='ltr'><strong>suismet</strong></span> <span class='ocrx_word' id='word_1_376' title='bbox 1423 1450 1483 1477; x_wconf 86' lang='lat' dir='ltr'><strong>aut</strong></span> <span class='ocrx_word' id='word_1_377' title='bbox 1505 1456 1685 1487; x_wconf 88' lang='lat' dir='ltr'><strong>proxumo-</strong></span> 
     </span>
     <span class='ocr_line' id='line_1_75' title="bbox 986 1496 1683 1536; baseline 0.001 -10"><span class='ocrx_word' id='word_1_378' title='bbox 986 1505 1058 1526; x_wconf 89' lang='lat' dir='ltr'><strong>rnm</strong></span> <span class='ocrx_word' id='word_1_379' title='bbox 1086 1496 1175 1534; x_wconf 90' lang='lat' dir='ltr'><strong>telis,</strong></span> <span class='ocrx_word' id='word_1_380' title='bbox 1199 1496 1314 1527; x_wconf 82' lang='lat' dir='ltr'><strong>caeteri</strong></span> <span class='ocrx_word' id='word_1_381' title='bbox 1338 1497 1411 1528; x_wconf 90' lang='lat' dir='ltr'><strong>vice</strong></span> <span class='ocrx_word' id='word_1_382' title='bbox 1434 1505 1597 1536; x_wconf 87' lang='lat' dir='ltr'><strong>pecorum</strong></span> <span class='ocrx_word' id='word_1_383' title='bbox 1622 1496 1683 1527; x_wconf 91' lang='lat' dir='ltr'><strong>ob-</strong></span> 
     </span>
     <span class='ocr_line' id='line_1_76' title="bbox 987 1545 1684 1578; baseline 0.001 -3"><span class='ocrx_word' id='word_1_384' title='bbox 987 1545 1258 1577; x_wconf 69' lang='lat' dir='ltr'><strong>truncabantur!</strong></span> <span class='ocrx_word' id='word_1_385' title='bbox 1317 1545 1363 1576; x_wconf 90' lang='lat' dir='ltr'><strong>Et</strong></span> <span class='ocrx_word' id='word_1_386' title='bbox 1392 1546 1505 1578; x_wconf 80' lang='lat' dir='ltr'><strong>Tacit.</strong></span> <span class='ocrx_word' id='word_1_387' title='bbox 1546 1546 1605 1576; x_wconf 88' lang='lat' dir='ltr'><strong>lib.</strong></span> <span class='ocrx_word' id='word_1_388' title='bbox 1634 1555 1684 1576; x_wconf 79' lang='lat' dir='ltr'><strong>vr.</strong></span> 
     </span>
     <span class='ocr_line' id='line_1_77' title="bbox 986 1593 1682 1636; baseline -0.001 -10"><span class='ocrx_word' id='word_1_389' title='bbox 986 1594 997 1611; x_wconf 82' lang='lat'><em>⁴</em></span> <span class='ocrx_word' id='word_1_390' title='bbox 1014 1595 1081 1626; x_wconf 81' lang='lat' dir='ltr'><strong>Qui</strong></span> <span class='ocrx_word' id='word_1_391' title='bbox 1096 1595 1207 1625; x_wconf 87' lang='lat' dir='ltr'><strong>omnia</strong></span> <span class='ocrx_word' id='word_1_392' title='bbox 1223 1593 1314 1626; x_wconf 85' lang='lat' dir='ltr'><strong>facta</strong></span> <span class='ocrx_word' id='word_1_393' title='bbox 1329 1594 1490 1636; x_wconf 87' lang='lat' dir='ltr'><strong>dictaque</strong></span> <span class='ocrx_word' id='word_1_394' title='bbox 1506 1594 1579 1626; x_wconf 88' lang='lat' dir='ltr'><strong>vice</strong></span> <span class='ocrx_word' id='word_1_395' title='bbox 1594 1595 1682 1635; x_wconf 86' lang='lat' dir='ltr'><strong>legis</strong></span> 
     </span>
     <span class='ocr_line' id='line_1_78' title="bbox 986 1643 1684 1685; baseline -0.001 -10"><span class='ocrx_word' id='word_1_396' title='bbox 986 1644 1194 1677; x_wconf 79' lang='lat' dir='ltr'><strong>observans.’</strong></span> <span class='ocrx_word' id='word_1_397' title='bbox 1246 1645 1255 1662; x_wconf 87' lang='lat'>‘</span> <span class='ocrx_word' id='word_1_398' title='bbox 1273 1645 1357 1675; x_wconf 88' lang='lat' dir='ltr'><strong>Vice</strong></span> <span class='ocrx_word' id='word_1_399' title='bbox 1386 1643 1569 1685; x_wconf 87' lang='lat' dir='ltr'><strong>pecorum,&#39;</strong></span> <span class='ocrx_word' id='word_1_400' title='bbox 1593 1643 1684 1675; x_wconf 91' lang='lat' dir='ltr'><strong>idem</strong></span> 
     </span>
     <span class='ocr_line' id='line_1_79' title="bbox 987 1693 1685 1734; baseline 0.001 -10"><span class='ocrx_word' id='word_1_401' title='bbox 987 1698 1039 1724; x_wconf 90' lang='lat' dir='ltr'><strong>est</strong></span> <span class='ocrx_word' id='word_1_402' title='bbox 1066 1703 1105 1725; x_wconf 87' lang='lat' dir='ltr'><strong>ac</strong></span> <span class='ocrx_word' id='word_1_403' title='bbox 1127 1693 1215 1734; x_wconf 86' lang='lat' dir='ltr'><strong>apud</strong></span> <span class='ocrx_word' id='word_1_404' title='bbox 1242 1693 1316 1725; x_wconf 89' lang='lat' dir='ltr'><strong>Liv.</strong></span> <span class='ocrx_word' id='word_1_405' title='bbox 1340 1702 1399 1725; x_wconf 73' lang='lat' dir='ltr'><strong>xl„</strong></span> <span class='ocrx_word' id='word_1_406' title='bbox 1424 1693 1433 1710; x_wconf 91' lang='lat'>‘</span> <span class='ocrx_word' id='word_1_407' title='bbox 1450 1693 1558 1724; x_wconf 93' lang='lat' dir='ltr'><strong>Modo</strong></span> <span class='ocrx_word' id='word_1_408' title='bbox 1584 1702 1685 1734; x_wconf 90' lang='lat' dir='ltr'><strong>peco-</strong></span> 
     </span>
     <span class='ocr_line' id='line_1_80' title="bbox 988 1741 1585 1784; baseline 0.002 -11"><span class='ocrx_word' id='word_1_409' title='bbox 988 1751 1060 1774; x_wconf 87' lang='lat' dir='ltr'><strong>rum</strong></span> <span class='ocrx_word' id='word_1_410' title='bbox 1078 1742 1250 1783; x_wconf 86' lang='lat' dir='ltr'><strong>fugientes</strong></span> <span class='ocrx_word' id='word_1_411' title='bbox 1266 1752 1328 1784; x_wconf 88' lang='lat' dir='ltr'><strong>per</strong></span> <span class='ocrx_word' id='word_1_412' title='bbox 1343 1743 1448 1773; x_wconf 91' lang='lat' dir='ltr'><strong>saltus</strong></span> <span class='ocrx_word' id='word_1_413' title='bbox 1466 1741 1585 1774; x_wconf 67' lang='lat' dir='ltr'><strong>avios!</strong></span> 
     </span>
    </p>

    <p class='ocr_par' dir='ltr' id='par_1_21' title="bbox 989 1791 1684 1884">
     <span class='ocr_line' id='line_1_81' title="bbox 1032 1791 1684 1834; baseline -0.002 -10"><span class='ocrx_word' id='word_1_414' title='bbox 1032 1794 1076 1824; x_wconf 81' lang='lat' dir='ltr'><strong>Et</strong></span> <span class='ocrx_word' id='word_1_415' title='bbox 1102 1793 1160 1824; x_wconf 84' lang='lat' dir='ltr'><strong>alii</strong></span> <span class='ocrx_word' id='word_1_416' title='bbox 1189 1793 1226 1823; x_wconf 84' lang='lat' dir='ltr'><strong>ob</strong></span> <span class='ocrx_word' id='word_1_417' title='bbox 1252 1793 1421 1834; x_wconf 76' lang='lat' dir='ltr'><strong>pretiosam</strong></span> <span class='ocrx_word' id='word_1_418' title='bbox 1444 1792 1576 1833; x_wconf 82' lang='lat' dir='ltr'><strong>vestem]</strong></span> <span class='ocrx_word' id='word_1_419' title='bbox 1599 1791 1684 1833; x_wconf 74' lang='lat' dir='ltr'><strong>Leg-</strong></span> 
     </span>
     <span class='ocr_line' id='line_1_82' title="bbox 989 1843 1434 1884; baseline -0.002 -9"><span class='ocrx_word' id='word_1_420' title='bbox 989 1843 1000 1862; x_wconf 84' lang='lat'>‘</span> <span class='ocrx_word' id='word_1_421' title='bbox 1017 1844 1058 1875; x_wconf 87' lang='lat' dir='ltr'><strong>ad</strong></span> <span class='ocrx_word' id='word_1_422' title='bbox 1077 1845 1264 1884; x_wconf 87' lang='lat' dir='ltr'><strong>pretiosam</strong></span> <span class='ocrx_word' id='word_1_423' title='bbox 1281 1845 1434 1874; x_wconf 68' lang='lat' dir='ltr'><strong>vestem!</strong></span> 
     </span>
    </p>

    <p class='ocr_par' dir='ltr' id='par_1_22' title="bbox 988 1892 1687 2035">
     <span class='ocr_line' id='line_1_83' title="bbox 1042 1892 1687 1934; baseline -0.003 -9"><span class='ocrx_word' id='word_1_424' title='bbox 1042 1895 1105 1925; x_wconf 85' lang='lat' dir='ltr'><strong>Per</strong></span> <span class='ocrx_word' id='word_1_425' title='bbox 1136 1894 1372 1934; x_wconf 81' lang='lat' dir='ltr'><strong>Neoptolemum</strong></span> <span class='ocrx_word' id='word_1_426' title='bbox 1404 1892 1525 1925; x_wconf 76' lang='lat' dir='ltr'><strong>Achilli</strong></span> <span class='ocrx_word' id='word_1_427' title='bbox 1553 1892 1687 1930; x_wconf 75' lang='lat' dir='ltr'><strong>inferias</strong></span> 
     </span>
     <span class='ocr_line' id='line_1_84' title="bbox 988 1940 1686 1984; baseline -0.003 -9"><span class='ocrx_word' id='word_1_428' title='bbox 988 1942 1098 1983; x_wconf 79' lang='lat' dir='ltr'><strong>missa]</strong></span> <span class='ocrx_word' id='word_1_429' title='bbox 1116 1944 1200 1974; x_wconf 81' lang='grc' dir='ltr'>Ἔδει</span> <span class='ocrx_word' id='word_1_430' title='bbox 1220 1943 1283 1983; x_wconf 71' lang='grc' dir='ltr'><strong>’γὰρ</strong></span> <span class='ocrx_word' id='word_1_431' title='bbox 1305 1944 1422 1984; x_wconf 79' lang='grc' dir='ltr'>νεκροῖς</span> <span class='ocrx_word' id='word_1_432' title='bbox 1445 1940 1558 1974; x_wconf 78' lang='grc' dir='ltr'>οἰκεῖόν</span> <span class='ocrx_word' id='word_1_433' title='bbox 1575 1953 1609 1974; x_wconf 85' lang='grc' dir='ltr'><strong>τι</strong></span> <span class='ocrx_word' id='word_1_434' title='bbox 1630 1941 1686 1983; x_wconf 81' lang='grc' dir='ltr'><strong>φέ-</strong></span> 
     </span>
     <span class='ocr_line' id='line_1_85' title="bbox 988 1992 1582 2035; baseline -0.002 -11"><span class='ocrx_word' id='word_1_435' title='bbox 988 1995 1104 2035; x_wconf 82' lang='grc' dir='ltr'>ρεσθαι.</span> <span class='ocrx_word' id='word_1_436' title='bbox 1150 1993 1230 2024; x_wconf 86' lang='lat' dir='ltr'><strong>Vid.</strong></span> <span class='ocrx_word' id='word_1_437' title='bbox 1246 1994 1402 2024; x_wconf 82' lang='lat' dir='ltr'><strong>Eustath.</strong></span> <span class='ocrx_word' id='word_1_438' title='bbox 1419 1992 1462 2024; x_wconf 87' lang='lat' dir='ltr'><strong>ad</strong></span> <span class='ocrx_word' id='word_1_439' title='bbox 1482 1992 1525 2023; x_wconf 87' lang='lat'><strong>11.</strong></span> <span class='ocrx_word' id='word_1_440' title='bbox 1541 1996 1582 2023; x_wconf 82' lang='grc' dir='ltr'>Ψ.</span> 
     </span>
    </p>

    <p class='ocr_par' dir='ltr' id='par_1_23' title="bbox 1031 2040 1565 2084">
     <span class='ocr_line' id='line_1_86' title="bbox 1031 2040 1565 2084; baseline -0.006 -9"><span class='ocrx_word' id='word_1_441' title='bbox 1031 2044 1099 2075; x_wconf 80' lang='lat' dir='ltr'><strong>Aut</strong></span> <span class='ocrx_word' id='word_1_442' title='bbox 1114 2053 1154 2074; x_wconf 82' lang='lat' dir='ltr'><strong>ex</strong></span> <span class='ocrx_word' id='word_1_443' title='bbox 1170 2042 1317 2084; x_wconf 79' lang='lat' dir='ltr'><strong>captivis]</strong></span> <span class='ocrx_word' id='word_1_444' title='bbox 1342 2042 1430 2074; x_wconf 87' lang='lat' dir='ltr'><strong>Dele</strong></span> <span class='ocrx_word' id='word_1_445' title='bbox 1453 2042 1464 2059; x_wconf 81' lang='lat'>‘</span> <span class='ocrx_word' id='word_1_446' title='bbox 1482 2040 1565 2073; x_wconf 87' lang='lat' dir='ltr'><strong>ant.’</strong></span> 
     </span>
    </p>

    <p class='ocr_par' dir='ltr' id='par_1_24' title="bbox 990 2090 1688 2234">
     <span class='ocr_line' id='line_1_87' title="bbox 1033 2090 1688 2133; baseline -0.002 -10"><span class='ocrx_word' id='word_1_447' title='bbox 1033 2093 1051 2133; x_wconf 48' lang='grc' dir='ltr'>ᾧ</span> <span class='ocrx_word' id='word_1_448' title='bbox 1076 2094 1117 2123; x_wconf 84' lang='grc'><strong>14</strong></span> <span class='ocrx_word' id='word_1_449' title='bbox 1149 2093 1281 2132; x_wconf 82' lang='lat' dir='ltr'><strong>Jamque</strong></span> <span class='ocrx_word' id='word_1_450' title='bbox 1310 2091 1552 2132; x_wconf 75' lang='lat' dir='ltr'><strong>approbantibus</strong></span> <span class='ocrx_word' id='word_1_451' title='bbox 1579 2090 1688 2122; x_wconf 79' lang='lat' dir='ltr'><strong>multis</strong></span> 
     </span>
     <span class='ocr_line' id='line_1_88' title="bbox 990 2140 1687 2183; baseline -0.001 -10"><span class='ocrx_word' id='word_1_452' title='bbox 990 2141 1091 2183; x_wconf 78' lang='lat' dir='ltr'><strong>bonis]</strong></span> <span class='ocrx_word' id='word_1_453' title='bbox 1112 2142 1169 2174; x_wconf 85' lang='lat' dir='ltr'><strong>Sic</strong></span> <span class='ocrx_word' id='word_1_454' title='bbox 1181 2142 1341 2173; x_wconf 82' lang='lat' dir='ltr'><strong>Liv.xxi.</strong></span> <span class='ocrx_word' id='word_1_455' title='bbox 1363 2143 1372 2158; x_wconf 86' lang='lat'>‘</span> <span class='ocrx_word' id='word_1_456' title='bbox 1387 2141 1508 2181; x_wconf 87' lang='lat' dir='ltr'><strong>Pauci,</strong></span> <span class='ocrx_word' id='word_1_457' title='bbox 1522 2150 1562 2172; x_wconf 84' lang='lat' dir='ltr'><strong>ac</strong></span> <span class='ocrx_word' id='word_1_458' title='bbox 1578 2140 1687 2172; x_wconf 87' lang='lat' dir='ltr'><strong>ferme</strong></span> 
     </span>
     <span class='ocr_line' id='line_1_89' title="bbox 990 2191 1581 2234; baseline -0.003 -9"><span class='ocrx_word' id='word_1_459' title='bbox 990 2193 1139 2234; x_wconf 90' lang='lat' dir='ltr'><strong>optimus</strong></span> <span class='ocrx_word' id='word_1_460' title='bbox 1155 2192 1294 2233; x_wconf 88' lang='lat' dir='ltr'><strong>quisque</strong></span> <span class='ocrx_word' id='word_1_461' title='bbox 1311 2191 1581 2223; x_wconf 64' lang='lat' dir='ltr'><strong>assentiebatur?</strong></span> 
     </span>
    </p>

    <p class='ocr_par' dir='ltr' id='par_1_25' title="bbox 990 2240 1688 2322">
     <span class='ocr_line' id='line_1_90' title="bbox 1034 2240 1688 2283; baseline -0.002 -10"><span class='ocrx_word' id='word_1_462' title='bbox 1034 2243 1107 2283; x_wconf 71' lang='lat'><strong>§15</strong></span> <span class='ocrx_word' id='word_1_463' title='bbox 1134 2243 1212 2273; x_wconf 84' lang='lat' dir='ltr'><strong>Cum</strong></span> <span class='ocrx_word' id='word_1_464' title='bbox 1238 2245 1311 2273; x_wconf 85' lang='lat' dir='ltr'><strong>ante</strong></span> <span class='ocrx_word' id='word_1_465' title='bbox 1328 2240 1414 2281; x_wconf 77' lang='lat' dir='ltr'><strong>jam]</strong></span> <span class='ocrx_word' id='word_1_466' title='bbox 1445 2242 1455 2258; x_wconf 89' lang='lat'>‘</span> <span class='ocrx_word' id='word_1_467' title='bbox 1478 2240 1583 2274; x_wconf 84' lang='lat' dir='ltr'><strong>Jam’</strong></span> <span class='ocrx_word' id='word_1_468' title='bbox 1613 2250 1688 2273; x_wconf 88' lang='lat' dir='ltr'><strong>era-</strong></span> 
     </span>
     <span class='ocr_line' id='line_1_91' title="bbox 990 2290 1217 2322; baseline 0 -1"><span class='ocrx_word' id='word_1_469' title='bbox 990 2290 1139 2322; x_wconf 87' lang='lat' dir='ltr'><strong>dendum</strong></span> <span class='ocrx_word' id='word_1_470' title='bbox 1154 2295 1217 2321; x_wconf 88' lang='lat' dir='ltr'><strong>est.</strong></span> 
     </span>
    </p>

    <p class='ocr_par' dir='ltr' id='par_1_26' title="bbox 989 2341 1689 2532">
     <span class='ocr_line' id='line_1_92' title="bbox 1033 2341 1688 2382; baseline 0 -9"><span class='ocrx_word' id='word_1_471' title='bbox 1033 2342 1072 2373; x_wconf 88' lang='lat' dir='ltr'><strong>In</strong></span> <span class='ocrx_word' id='word_1_472' title='bbox 1103 2341 1247 2382; x_wconf 65' lang='lat' dir='ltr'><strong>Rhoeteo]</strong></span> <span class='ocrx_word' id='word_1_473' title='bbox 1269 2341 1390 2373; x_wconf 85' lang='lat' dir='ltr'><strong>Strabo</strong></span> <span class='ocrx_word' id='word_1_474' title='bbox 1412 2341 1570 2381; x_wconf 84' lang='grc' dir='ltr'>Ῥοίτειον,</span> <span class='ocrx_word' id='word_1_475' title='bbox 1593 2342 1688 2374; x_wconf 84' lang='grc' dir='ltr'>πόλις</span> 
     </span>
     <span class='ocr_line' id='line_1_93' title="bbox 991 2389 1688 2432; baseline 0.003 -10"><span class='ocrx_word' id='word_1_476' title='bbox 991 2390 1136 2431; x_wconf 79' lang='grc' dir='ltr'>ἐπὶλόφῳ</span> <span class='ocrx_word' id='word_1_477' title='bbox 1147 2389 1282 2430; x_wconf 82' lang='grc' dir='ltr'>κειμένη,</span> <span class='ocrx_word' id='word_1_478' title='bbox 1291 2390 1341 2422; x_wconf 76' lang='grc' dir='ltr'><strong>καὶ</strong></span> <span class='ocrx_word' id='word_1_479' title='bbox 1351 2392 1396 2430; x_wconf 73' lang='grc' dir='ltr'><strong>τῷ</strong></span> <span class='ocrx_word' id='word_1_480' title='bbox 1407 2391 1540 2431; x_wconf 79' lang='grc' dir='ltr'>Ῥοιτείῳ</span> <span class='ocrx_word' id='word_1_481' title='bbox 1551 2393 1688 2432; x_wconf 75' lang='grc' dir='ltr'>συνεχὴς</span> 
     </span>
     <span class='ocr_line' id='line_1_94' title="bbox 989 2439 1689 2483; baseline 0.003 -11"><span class='ocrx_word' id='word_1_482' title='bbox 989 2441 1063 2479; x_wconf 83' lang='grc' dir='ltr'><strong>ἠῖὼν</strong></span> <span class='ocrx_word' id='word_1_483' title='bbox 1078 2440 1222 2479; x_wconf 73' lang='grc' dir='ltr'>ἁλιτενὴς</span> <span class='ocrx_word' id='word_1_484' title='bbox 1234 2440 1406 2483; x_wconf 77' lang='grc' dir='ltr'>Αἶάντειον,</span> <span class='ocrx_word' id='word_1_485' title='bbox 1421 2442 1469 2482; x_wconf 73' lang='grc' dir='ltr'><strong>ἐφ’</strong></span> <span class='ocrx_word' id='word_1_486' title='bbox 1480 2439 1505 2483; x_wconf 75' lang='grc' dir='ltr'><em>ᾗ</em></span> <span class='ocrx_word' id='word_1_487' title='bbox 1516 2443 1621 2481; x_wconf 83' lang='grc' dir='ltr'>μνῆμα</span> <span class='ocrx_word' id='word_1_488' title='bbox 1635 2442 1689 2474; x_wconf 72' lang='grc' dir='ltr'><strong>καὶ</strong></span> 
     </span>
     <span class='ocr_line' id='line_1_95' title="bbox 991 2491 1226 2532; baseline 0.004 -11"><span class='ocrx_word' id='word_1_489' title='bbox 991 2491 1072 2532; x_wconf 80' lang='grc' dir='ltr'>ἱερὸν</span> <span class='ocrx_word' id='word_1_490' title='bbox 1086 2491 1226 2522; x_wconf 75' lang='grc' dir='ltr'><strong>Αἴαντος.</strong></span> 
     </span>
    </p>

    <p class='ocr_par' dir='ltr' id='par_1_27' title="bbox 987 2540 1689 2878">
     <span class='ocr_line' id='line_1_96' title="bbox 1032 2540 1688 2580; baseline 0.002 -9"><span class='ocrx_word' id='word_1_491' title='bbox 1032 2540 1047 2579; x_wconf 85' lang='lat'>§</span> <span class='ocrx_word' id='word_1_492' title='bbox 1058 2543 1098 2571; x_wconf 82' lang='lat'><strong>16</strong></span> <span class='ocrx_word' id='word_1_493' title='bbox 1108 2540 1350 2580; x_wconf 81' lang='lat' dir='ltr'><strong>Appellaturque</strong></span> <span class='ocrx_word' id='word_1_494' title='bbox 1359 2540 1560 2580; x_wconf 81' lang='lat' dir='ltr'><strong>Cynossema]</strong></span> <span class='ocrx_word' id='word_1_495' title='bbox 1572 2540 1688 2575; x_wconf 87' lang='lat' dir='ltr'><strong>Strab.</strong></span> 
     </span>
     <span class='ocr_line' id='line_1_97' title="bbox 992 2588 1689 2631; baseline -0.001 -10"><span class='ocrx_word' id='word_1_496' title='bbox 992 2599 1078 2622; x_wconf 83' lang='lat' dir='ltr'><strong>xm.</strong></span> <span class='ocrx_word' id='word_1_497' title='bbox 1093 2590 1135 2620; x_wconf 88' lang='lat' dir='ltr'><strong>de</strong></span> <span class='ocrx_word' id='word_1_498' title='bbox 1151 2591 1202 2621; x_wconf 84' lang='lat' dir='ltr'><strong>Fl.</strong></span> <span class='ocrx_word' id='word_1_499' title='bbox 1219 2589 1347 2620; x_wconf 87' lang='lat' dir='ltr'><strong>Rodio:</strong></span> <span class='ocrx_word' id='word_1_500' title='bbox 1368 2589 1441 2620; x_wconf 82' lang='grc' dir='ltr'><em>Καθ’</em></span> <span class='ocrx_word' id='word_1_501' title='bbox 1457 2588 1493 2620; x_wconf 73' lang='grc' dir='ltr'><strong>ὃν</strong></span> <span class='ocrx_word' id='word_1_502' title='bbox 1508 2590 1542 2620; x_wconf 86' lang='grc' dir='ltr'><strong>ἐν</strong></span> <span class='ocrx_word' id='word_1_503' title='bbox 1551 2589 1598 2631; x_wconf 76' lang='grc' dir='ltr'><strong>τῇ</strong></span> <span class='ocrx_word' id='word_1_504' title='bbox 1610 2591 1689 2630; x_wconf 81' lang='grc' dir='ltr'>Χεῤ-</span> 
     </span>
     <span class='ocr_line' id='line_1_98' title="bbox 990 2636 1689 2679; baseline -0.001 -9"><span class='ocrx_word' id='word_1_505' title='bbox 990 2638 1107 2679; x_wconf 80' lang='grc' dir='ltr'>ῥονήσῳ</span> <span class='ocrx_word' id='word_1_506' title='bbox 1130 2638 1168 2669; x_wconf 80' lang='grc' dir='ltr'><strong>τὸ</strong></span> <span class='ocrx_word' id='word_1_507' title='bbox 1193 2637 1290 2669; x_wconf 76' lang='grc' dir='ltr'>Κυνὸς</span> <span class='ocrx_word' id='word_1_508' title='bbox 1315 2636 1400 2677; x_wconf 83' lang='grc' dir='ltr'>σῆμά.</span> <span class='ocrx_word' id='word_1_509' title='bbox 1424 2638 1523 2678; x_wconf 83' lang='grc' dir='ltr'>ἐστιν,</span> <span class='ocrx_word' id='word_1_510' title='bbox 1547 2638 1564 2669; x_wconf 80' lang='grc' dir='ltr'>ὅ</span> <span class='ocrx_word' id='word_1_511' title='bbox 1591 2645 1689 2679; x_wconf 76' lang='grc' dir='ltr'>φασιν</span> 
     </span>
     <span class='ocr_line' id='line_1_99' title="bbox 987 2686 1687 2728; baseline -0.003 -8"><span class='ocrx_word' id='word_1_512' title='bbox 987 2687 1125 2726; x_wconf 78' lang='grc' dir='ltr'>Ἑκάβης</span> <span class='ocrx_word' id='word_1_513' title='bbox 1136 2686 1210 2719; x_wconf 78' lang='grc' dir='ltr'>εἶναι</span> <span class='ocrx_word' id='word_1_514' title='bbox 1223 2686 1336 2727; x_wconf 82' lang='grc' dir='ltr'>τάφον.</span> <span class='ocrx_word' id='word_1_515' title='bbox 1381 2688 1427 2718; x_wconf 92' lang='lat' dir='ltr'><strong>Et</strong></span> <span class='ocrx_word' id='word_1_516' title='bbox 1441 2687 1495 2718; x_wconf 89' lang='lat' dir='ltr'><strong>hic</strong></span> <span class='ocrx_word' id='word_1_517' title='bbox 1512 2688 1687 2728; x_wconf 72' lang='lat' dir='ltr'><strong>corrigen-</strong></span> 
     </span>
     <span class='ocr_line' id='line_1_100' title="bbox 990 2735 1687 2776; baseline -0.001 -7"><span class='ocrx_word' id='word_1_518' title='bbox 990 2739 1052 2770; x_wconf 86' lang='lat' dir='ltr'><strong>dus</strong></span> <span class='ocrx_word' id='word_1_519' title='bbox 1080 2738 1229 2768; x_wconf 76' lang='lat' dir='ltr'><strong>Brietius</strong></span> <span class='ocrx_word' id='word_1_520' title='bbox 1255 2736 1382 2767; x_wconf 87' lang='lat' dir='ltr'><strong>Parall.</strong></span> <span class='ocrx_word' id='word_1_521' title='bbox 1411 2735 1539 2776; x_wconf 84' lang='lat' dir='ltr'><strong>Geogr.</strong></span> <span class='ocrx_word' id='word_1_522' title='bbox 1556 2740 1637 2768; x_wconf 83' lang='lat' dir='ltr'><strong>tom.</strong></span> <span class='ocrx_word' id='word_1_523' title='bbox 1653 2739 1687 2768; x_wconf 89' lang='grc'>2.</span> 
     </span>
     <span class='ocr_line' id='line_1_101' title="bbox 990 2786 1688 2827; baseline 0 -9"><span class='ocrx_word' id='word_1_524' title='bbox 990 2787 1033 2818; x_wconf 88' lang='lat' dir='ltr'><strong>de</strong></span> <span class='ocrx_word' id='word_1_525' title='bbox 1047 2787 1210 2818; x_wconf 83' lang='lat' dir='ltr'><strong>Thracica</strong></span> <span class='ocrx_word' id='word_1_526' title='bbox 1222 2787 1447 2818; x_wconf 85' lang='lat' dir='ltr'><strong>Chersoneso.</strong></span> <span class='ocrx_word' id='word_1_527' title='bbox 1491 2787 1501 2803; x_wconf 87' lang='lat'>‘</span> <span class='ocrx_word' id='word_1_528' title='bbox 1519 2786 1688 2827; x_wconf 83' lang='lat' dir='ltr'><strong>Cynosse-</strong></span> 
     </span>
     <span class='ocr_line' id='line_1_102' title="bbox 989 2835 1688 2878; baseline -0.003 -10"><span class='ocrx_word' id='word_1_529' title='bbox 989 2836 1069 2877; x_wconf 88' lang='lat' dir='ltr'><strong>ma,’</strong></span> <span class='ocrx_word' id='word_1_530' title='bbox 1098 2835 1220 2878; x_wconf 87' lang='lat' dir='ltr'><strong>inquit,</strong></span> <span class='ocrx_word' id='word_1_531' title='bbox 1239 2836 1249 2852; x_wconf 89' lang='lat'>‘</span> <span class='ocrx_word' id='word_1_532' title='bbox 1267 2836 1327 2867; x_wconf 88' lang='grc'>1100</span> <span class='ocrx_word' id='word_1_533' title='bbox 1342 2840 1408 2876; x_wconf 90' lang='lat' dir='ltr'><strong>est,</strong></span> <span class='ocrx_word' id='word_1_534' title='bbox 1421 2835 1567 2867; x_wconf 87' lang='lat' dir='ltr'><strong>tumulus</strong></span> <span class='ocrx_word' id='word_1_535' title='bbox 1583 2835 1688 2868; x_wconf 91' lang='lat' dir='ltr'><strong>Hele·</strong></span> 
     </span>
    </p>
   </div>
  </div>
 </body>
</html>
