1889 3194
424 309 597 341 ULRlCl
631 308 879 340 OBRECH'PI
914 308 1056 339 No'rAE
1089 308 1140 338 ΙΝ
1177 308 1270 338 Llss.
1304 309 1357 338 11.

169 402 243 434 acie
275 402 477 445 fatigaretur
490 403 510 435 ι’
539 403 666 435 subint.
700 404 709 420 ⁶
732 402 826 433 miles
841 401 861 431 ι’

168 456 313 484 sumtum
343 463 384 484 ex
416 453 600 484 Homerico
631 453 709 483 illo:
741 451 810 492 περὶ
839 452 865 482 δ’

168 500 264 540 ἔγχεΐ
273 503 365 542 χεῖρα
381 503 531 540 καμεῖται.
565 501 631 532 Ubi
643 502 863 533 Sclioliastes:

167 551 366 591 ἐπροσώπως.
381 553 487 583 male:
507 551 630 583 rectius
651 552 738 591 quod
755 550 864 591 sequi-

168 606 243 632 tur:
266 601 287 639 ἢ
311 601 455 641 καμεῖταί
476 613 536 642 τις,
559 602 700 640 καμεῖται
715 600 866 642 στρατιώ-

166 662 237 688 της.

212 701 266 741 §6
290 700 431 741 Inspecto
453 700 557 740 crure]
581 701 636 732 lta
650 700 867 741 Vindingius,

169 749 340 789 εὐστόχως.
358 751 446 789 vulg.
467 753 477 768 ‘
495 752 652 791 inspecta
668 750 773 782 cura!
812 751 866 782 Li·

167 801 241 831 vius
257 809 284 831 1.
299 803 354 832 41.
371 800 582 841 ‘inspectum
601 801 719 831 vulnus
735 801 865 831 abster-

167 859 206 881 so
220 849 365 882 cruore.’

210 900 318 931 Metus
344 903 436 940 atque
458 910 569 931 moeror
595 901 753 932 universos
777 901 865 932 inva-

166 951 248 991 sere]
272 951 324 982 Ex
354 951 490 983 Sallust.
519 951 600 992 Jug.
627 954 680 982 39.
715 953 725 969 ‘
749 952 865 983 Metus

165 1006 269 1040 atque
286 1010 408 1032 moeror
423 1001 595 1032 civitatem
613 1001 792 1033 invasere!

212 1051 251 1082 In
276 1061 464 1082 communem
493 1052 659 1092 perniciem
685 1052 864 1093 proecipila-

166 1104 231 1132 tum
253 1101 312 1142 iri]
339 1101 420 1142 Arg.
452 1104 462 1119 ‘
480 1102 513 1132 in
537 1101 739 1133 commune.'
793 1102 865 1142 Ap-

167 1156 267 1191 paret
296 1151 458 1191 scriptum
490 1150 616 1184 fuisse:
653 1153 663 1170 ⁴
689 1161 864 1183 commune

167 1201 200 1232 in
219 1201 403 1242 perniciem
420 1202 670 1242 praecipitatum
684 1202 753 1234 iri.'
778 1203 866 1233 Com·

168 1261 271 1292 mune,
287 1250 410 1290 Κοινὸν,
424 1260 517 1291 saepe
534 1251 567 1281 in
591 1252 732 1282 nummis
756 1257 791 1282 et
815 1252 864 1282 in-

168 1301 412 1342 scriptionibus
435 1302 582 1342 antiquis
598 1302 639 1332 de
656 1307 730 1333 tota
748 1302 863 1342 populi

167 1352 402 1384 universitate.
457 1352 525 1383 Sed
550 1356 585 1383 et
610 1351 698 1392 apud
723 1352 863 1383 Cicero-

169 1411 245 1434 nem
262 1403 294 1433 in
311 1403 473 1433 Verrem:
497 1401 686 1442 ‘quomodo
701 1401 757 1432 ille
773 1411 864 1431 com-

169 1461 271 1483 mune
307 1451 486 1483 Mili-adum
519 1450 717 1482 vexaverit.'
762 1450 865 1481 Ovid.

167 1502 308 1533 Metam.
324 1510 391 1532 xu.
412 1502 422 1518 ⁴
438 1501 702 1542 Conjurata’que
718 1510 862 1540 sequnn-

167 1556 222 1582 tur
237 1551 332 1582 Mille
348 1555 438 1582 rates
453 1550 631 1591 gentisque
647 1550 745 1581 simul
762 1550 863 1581 Com·

165 1611 267 1632 mune
284 1600 463 1641 Pelasgae!

209 1651 364 1691 Apollinis
381 1651 501 1681 oraculo
517 1649 668 1689 monitus]
688 1649 727 1681 ‘O
741 1649 862 1690 τρώσας

165 1700 298 1736 ἰάσεται,
322 1701 411 1742 quod
436 1701 468 1731 in
497 1701 713 1740 proverbium
739 1701 860 1731 abiisse

166 1756 264 1783 notat
280 1750 481 1792 Apostolius
499 1759 582 1782 xiii.
599 1753 652 1782 36.
670 1756 705 1781 et
722 1751 863 1791 colligas

165 1800 266 1831 etiam
280 1809 321 1830 ex
333 1800 496 1830 Suetonio
513 1800 546 1830 in
564 1799 684 1831 Claud.
698 1802 753 1830 43.

207 1851 287 1881 Dux
308 1851 456 1890 Telephus
480 1850 516 1881 ob
542 1854 697 1891 acceptam
721 1851 861 1889 gratiam

153 1900 278 1941 filetus]
296 1901 430 1931 Malim:
458 1901 467 1917 ‘
485 1899 528 1931 ob
544 1901 679 1940 accepti
697 1900 861 1941 gratiani!

165 1950 214 1982 Ut
242 1950 368 1981 Achilli
399 1950 508 1981 sanati
537 1949 686 1980 vulneris
716 1950 860 1989 gratiam

165 2001 323 2033 referret.
376 2002 504 2033 Eodem
534 2001 621 2032 haud
654 2001 757 2032 dubie
794 2001 860 2033 loci

164 2052 289 2092 reperit
303 2051 500 2091 Septimius,
516 2061 581 2091 quo
596 2050 795 2092 Apostolius
820 2060 862 2082 ea

164 2112 240 2144 quae
264 2101 306 2132 ad
330 2101 489 2142 proverb.
512 2103 627 2132 Μυσῶν
648 2100 736 2132 λείαν
758 2111 860 2132 anno-

165 2152 263 2184 tavit.
275 2152 333 2182 ubi
349 2152 439 2183 inter
453 2157 580 2183 caetera
597 2152 752 2192 apposite
767 2161 861 2191 pror-

164 2212 221 2233 sus
236 2202 277 2233 ad
294 2202 384 2232 hunc
399 2201 528 2232 locum:
552 2201 569 2231 ὁ
583 2201 608 2232 δ’
623 2199 791 2240 Ἀχιλλεὺς
806 2200 860 2238 μό·

163 2263 221 2284 νως
235 2252 271 2283 ἐκ
284 2251 342 2282 τοῦ
354 2249 522 2292 τρωθέντος
537 2250 672 2291 ζητῆσαι
686 2251 792 2289 μαθεῖν
802 2251 861 2287 τὴν

163 2301 239 2342 πρὸς
252 2300 363 2341 Τρόῖαν
384 2300 466 2339 ὁδὸν,
493 2300 544 2331 καὶ
565 2300 684 2338 ταύτην
703 2301 806 2339 μαθὼν
829 2300 861 2339 ἐξ

163 2353 272 2387 affui-⁰13,
290 2350 424 2393 ἠρκέσθη
448 2350 547 2392 ταύτῃ
570 2352 616 2392 τῇ
631 2350 748 2391 χάριτι.
791 2351 859 2382 Ευ-

164 2403 311 2434 statilius
335 2401 377 2433 ad
401 2401 442 2432 Il.
456 2405 494 2432 A.
515 2402 559 2442 τῇ
572 2402 634 2431 τῶν
645 2400 798 2441 νεωτέρων
812 2399 859 2430 ἱσ-

163 2452 252 2495 τορίᾳ
268 2452 437 2488 attribuit,
463 2457 499 2482 et
521 2451 644 2483 exinde
667 2451 784 2482 itidem
800 2450 859 2488 τὴν

163 2503 207 2536 εἷς
234 2502 344 2544 Τρόΐαν
371 2501 501 2541 ὁδηγίαν
524 2501 633 2541 μισθὸν
665 2502 722 2539 τῆς
756 2500 860 2539 ὑγείας

164 2555 289 2586 Achilli
326 2553 385 2586 abs
420 2553 570 2594 Telepho
605 2552 780 2593 obtigisse,
806 2561 858 2583 re-

163 2603 244 2636 fert.

206 2655 224 2695 §
241 2656 281 2685 12
307 2654 370 2685 Per
393 2653 493 2684 latera
515 2656 605 2694 atque
620 2662 734 2684 cornua
748 2652 857 2684 distri-

163 2703 303 2744 buentes]
321 2704 378 2734 Ἐκ
391 2703 595 2745 παραλλήλου
608 2704 663 2735 hic
686 2708 857 2744 ponuntur

163 2755 271 2786 latera
288 2759 389 2795 atque
409 2764 537 2785 cornua
551 2754 734 2785 exercitus.
777 2753 857 2783 Pol-

163 2805 221 2836 qu
235 2805 413 2835 Onomost.
429 2813 453 2835 1.
470 2806 520 2835 10.
541 2803 583 2835 τὰ
596 2805 660 2834 τῶν
672 2801 857 2842 μαχομένων

164 2853 348 2895 ἑκατέρωθεν
362 2853 450 2895 ἄκρα,
463 2854 593 2895 πλευρὰ,
617 2854 743 2896 κέρατα,
761 2853 856 2892 δεξιὸν

249 2908 363 2949 Delph.
377 2911 406 2939 et
424 2908 499 2940 Var.
518 2909 603 2940 clas.

773 2907 862 2939 Dict.
881 2907 966 2940 Cret·
981 2909 1035 2948 ᾅτ.

1529 299 1614 340 609

914 401 965 433 καὶ
979 401 1141 440 εὐώνυμον.

958 450 1100 491 Cygnus,
1123 451 1211 490 cujus
1233 449 1316 480 haud
1339 452 1446 491 procul
1470 460 1491 482 a
1518 450 1615 490 Troja

912 510 1044 540 regnum
1068 502 1151 542 erae]
1186 498 1325 532 Βασιλέα
1350 499 1490 540 Τρωάδος
1515 506 1614 533 vocat

915 552 1032 582 Conon
1061 552 1199 582 Narrat.
1218 554 1273 582 28.
1319 553 1473 582 Κολωνῶν
1496 551 1613 583 strab.

916 609 1000 631 xxii.
1025 601 1180 632 nimirum
1204 601 1350 632 Colonas
1373 601 1534 640 intelligit
1556 599 1615 632 τὰς

914 649 964 680 ἐπὶ
996 651 1040 691 τῇ
1076 649 1166 681 ἐκτὸς
1193 650 1430 691 Ἓλλησποντίᾳ
1460 648 1616 690 θαλάττῃ,

914 710 990 741 quae
1016 699 1096 730 urbs
1122 710 1187 731 non
1213 700 1278 730 nisi
1304 702 1377 732 140.
1401 699 1521 731 stadiis
1547 699 1614 730 Ilio

914 748 1078 779 distabat.
1124 750 1222 780 Unde
1238 749 1425 780 Pausanias
1441 750 1474 780 in
1491 749 1615 780 Phoci-

915 798 986 830 cis:
1011 798 1044 829 αἱ
1064 798 1097 830 δὲ
1121 800 1258 838 φ’κοῦντο
1281 799 1313 829 ἐν
1331 800 1375 840 τῇ
1388 801 1432 841 ’γῇ
1445 800 1485 841 τῇ
1499 798 1617 839 Τρωάδι

915 848 947 879 αἱ
962 849 1116 880 Κολῶναι.
1162 850 1282 890 Nepos
1299 850 1333 880 in
1350 850 1410 880 vit.
1423 850 1570 880 Pausan.
1582 851 1615 880 3.

915 898 925 914 ‘
944 899 1103 938 Colonas‚
1119 899 1177 939 qui
1198 900 1291 930 locus
1316 899 1350 929 in
1372 908 1454 939 agro
1477 898 1614 929 Troade

915 954 979 988 est,
994 958 1029 980 se
1046 950 1265 981 contulerat.'

948 1003 1192 1033 Mentorensium
1208 1003 1382 1044 civitatem]
1397 1003 1480 1044 Arg.
1494 1008 1502 1022 ‘
1512 996 1615 1047 lffifn·

916 1054 1102 1083 torensium
1116 1053 1139 1083 :’
1160 1053 1255 1085 Med.
1278 1058 1286 1071 ‘
1305 1055 1616 1095 Mentoriensium‚’

914 1102 1041 1133 Venet.
1067 1102 1402 1135 ‘Methoriensium.'
1446 1105 1613 1136 Methone

916 1152 996 1182 urbs
1012 1152 1362 1194 passimGeograpliis
1375 1158 1478 1195 atque
1492 1154 1616 1186 Poeta-

915 1211 988 1232 rum
1012 1202 1258 1242 interpretibus
1278 1203 1464 1243 celebrata,
1490 1205 1550 1236 sed
1579 1207 1614 1236 in

914 1252 1059 1282 Thracia
1082 1253 1168 1290 sita3
1191 1262 1209 1282 e
1226 1262 1293 1292 qua
1319 1254 1457 1293 regione
1476 1255 1614 1295 Cygnus

914 1301 1090 1333 oriundus.
1112 1301 1164 1333 Ac
1179 1302 1351 1343 pleraeque
1365 1304 1613 1344 insuperThra-

913 1351 976 1381 ciae
990 1355 1091 1391 atque
1104 1351 1246 1382 Troadis
1257 1352 1369 1383 Urbes
1384 1354 1616 1393 cognomines,

914 1406 951 1431 ut
967 1400 1126 1431 Straboni
1143 1401 1215 1440 jam
1232 1401 1470 1442 observatum3
1495 1409 1533 1435 ut
1557 1405 1612 1436 hic

914 1459 979 1480 non
1004 1451 1171 1482 immerito
1194 1453 1203 1468 ‘
1221 1452 1522 1493 Metlionensium‚’
1546 1464 1613 1496 quo

913 1500 1073 1532 editionis
1089 1502 1233 1534 Venetae
1258 1503 1363 1535 lectio
1385 1504 1492 1546 ducit,
1508 1506 1614 1547 scrip·

913 1555 984 1582 tum
1002 1550 1103 1582 fuisse
1120 1553 1313 1593 suspiceris.

955 1602 972 1641 ᾧ
990 1603 1028 1632 15
1055 1601 1154 1640 cnjus
1175 1613 1272 1642 neque
1294 1604 1458 1635 consilium
1477 1615 1613 1645 anquam

911 1659 1007 1690 neque
1021 1652 1123 1682 virtus
1133 1653 1264 1690 frustra
1277 1654 1363 1695 suit]
1384 1655 1434 1685 Ex
1450 1655 1613 1687 Sallustio

913 1705 1061 1731 sumtum
1074 1701 1155 1741 Jug.
1169 1705 1200 1733 7.
1226 1703 1235 1719 ‘
1250 1703 1379 1744 quippe
1393 1704 1489 1744 cujus
1502 1713 1612 1745 neque

913 1752 1104 1792 consilium,
1141 1763 1252 1795 neque
1296 1754 1471 1796 inceptum
1506 1756 1612 1787 ullum

911 1800 1038 1833 frustra
1055 1803 1153 1834 erat!

956 1854 974 1893 ξ
1000 1855 1041 1883 16
1075 1853 1208 1884 Lesbum
1236 1856 1438 1896 aggreditur]
1466 1856 1610 1888 Parthe-

913 1903 985 1933 nius
996 1904 1186 1935 Nicaeensis
1203 1905 1235 1936 in
1247 1906 1394 1937 Eroticis
1410 1910 1465 1939 21.
1481 1906 1612 1945 λέγεται

911 1952 962 1983 καὶ
977 1953 1030 1984 ὅτε
1043 1954 1217 1994 Ἀχιλλεὺς
1238 1955 1344 1986 πλέων
1365 1956 1424 1988 τὰς
1444 1959 1612 1997 προσεχεῖς

910 2005 951 2045 τῇ
965 2004 1076 2044 ἠπείρῳ
1085 2004 1197 2042 νήσους
1209 2005 1338 2047 ἐπόρθει,
1353 2009 1506 2047 προσχεῖν
1517 2007 1612 2038 αὐτὸν

909 2053 1031 2094 Λέσβῳ,
1044 2066 1073 2086 κ.
1082 2061 1150 2086 τ.λ.
1187 2055 1286 2086 Adde
1303 2057 1447 2087 eundem
1465 2067 1540 2097 cap.
1555 2060 1610 2089 26.

938 2104 1024 2136 Dein
1035 2105 1189 2145 Phyrum]
1203 2105 1284 2144 Arg.
1295 2110 1303 2123 ⁸
1313 2106 1405 2146 Phry
1411 2106 1506 2137 ram.'
1517 2107 1611 2138 Med.

908 2153 918 2171 ‘
929 2154 1097 2194 Pyrram:
1115 2156 1169 2186 L.‘
1180 2155 1367 2196 Pyrrham!
1383 2157 1459 2188 Quo
1474 2157 1611 2189 nomine

910 2203 1000 2234 inter
1015 2203 1115 2234 Lesbi
1133 2204 1232 2235 urbes
1248 2214 1314 2235 una
1335 2206 1345 2222 ⁴
1361 2205 1493 2246 Scylaci
1505 2205 1513 2218 '
1539 2216 1607 2238 me-

910 2259 1069 2291 moratur,
1085 2259 1121 2284 et
1138 2253 1226 2284 inter
1243 2254 1368 2285 insulas
1383 2256 1504 2287 Troadi
1522 2266 1608 2296 prae-

910 2308 1035 2340 tentas,
1060 2303 1149 2334 Plin.
1174 2313 1207 2336 v.
1234 2306 1287 2336 31.
1336 2305 1462 2345 Scyrus
1485 2316 1524 2337 ea
1550 2307 1608 2338 de-

909 2363 998 2384 mum
1029 2354 1260 2393 expeditione,
1290 2364 1389 2395 quam
1421 2356 1454 2386 in
1481 2356 1607 2388 Cilicas

909 2403 1233 2440 instituitAchilles,
1243 2410 1441 2446 expugnata
1458 2406 1605 2439 videtur.

908 2452 999 2485 Add.
1015 2453 1149 2485 Strabo.

952 2504 1015 2544 §17
1032 2502 1201 2541 Interfecto
1213 2504 1283 2534 dein
1292 2504 1423 2535 Eetione
1435 2505 1487 2544 qui
1500 2505 1548 2536 his
1560 2507 1605 2537 lo-

905 2553 951 2584 cis
964 2553 1178 2594 imperitabat]
1198 2554 1276 2585 Non
1287 2555 1328 2585 de
1344 2555 1511 2594 Lyrnesso
1529 2556 1606 2588 liaec'

907 2602 1129 2642 intelligenda
1138 2608 1229 2642 sunt,
1239 2603 1341 2634 sedin
1354 2604 1547 2636 universum
1557 2605 1600 2636 de

907 2652 1081 2692 Cilicibus,
1101 2652 1222 2693 quibus
1244 2653 1360 2695 utique
1381 2654 1604 2694 imperitabat

907 2703 1043 2734 Eetion.
1087 2702 1173 2734 Inde
1190 2703 1294 2734 Hom.
1310 2704 1352 2735 11.
1370 2708 1404 2736 Z.
1421 2707 1495 2736 397.
1520 2706 1602 2738 dici-

905 2757 961 2784 tur
977 2752 1138 2784 Κιλίκεσσ)
1152 2752 1314 2793 ἄνδρεσσιν
1323 2752 1478 2786 ἀνάσσων.
1511 2755 1600 2796 Reg-

905 2804 938 2834 ni
953 2803 1061 2843 sedes,
1074 2804 1200 2836 Thebe.
1225 2804 1338 2836 Schol.
1352 2804 1491 2836 Homer.
1505 2805 1536 2836 in
1554 2806 1599 2838 Il.

904 2858 941 2886 A.
969 2857 1045 2886 366.
1090 2852 1213 2886 Κίλικες
1243 2852 1329 2886 ἔθνος
1357 2853 1516 2896 βάρβαρον
1541 2857 1598 2894 τῆς

1439 2909 1512 2942 20
