1889 3194
273 328 359 369 634
445 339 587 369 NOTAE
621 339 884 369 VAmoRUM
921 338 971 369 lN

274 439 326 460 nae
365 430 398 461 in
427 440 543 461 canem
574 440 760 466 conversae,
797 430 967 470 lapidibus

274 479 406 510 obrutae
421 489 440 510 a
457 480 589 511 Graecis
606 481 649 511 ob
666 480 844 512 convicia)
890 481 968 512 Non

274 531 361 561 enim
380 531 534 566 Helenae,
551 532 608 562 sed
625 531 779 562 Hecubae
796 536 859 562 est.

318 581 336 620 ξ
365 583 403 610 17
444 581 613 612 Civitatem
647 581 750 611 condit
785 582 969 620 appellatam

277 631 444 671 Corcyram
456 631 624 670 Melenam]
644 632 725 669 Leg.
744 632 753 647 ‘
768 628 970 660 Melaenam:

276 679 416 711 Μέλαινα
442 679 578 721 Κέρκυρα
601 679 774 719 καλουμένη
796 679 845 710 καὶ
864 678 969 710 πόλις.

275 730 389 761 Strab.
405 738 472 760 vu.

532 813 624 844 LIB.
650 812 714 844 VI.

319 880 336 919 ς
354 881 371 910 1
394 878 570 910 Ascendere
584 878 660 919 ipsi]
679 877 871 910 Delendum
888 878 898 897 ⁴
910 877 969 920 Ip-

276 927 328 959 si.’

320 976 545 1017 Dispalantur]
587 977 648 1007 Uti
685 977 775 1018 apud
813 977 944 1008 Livium
960 987 968 1008 :

277 1027 287 1045 ‘
303 1027 414 1058 Palati
433 1036 494 1067 per
512 1026 638 1066 agros.'

320 1077 490 1117 Postquam
503 1078 542 1107 ad
554 1077 701 1107 Euboeam
716 1077 875 1118 devenere]
889 1077 970 1109 Om—

277 1126 356 1157 nino
373 1126 448 1156 dele
470 1127 479 1143 ‘
497 1125 708 1167 postquam3'
734 1131 771 1157 ut
798 1132 832 1157 et
857 1137 972 1167 supra,

277 1177 287 1194 ‘
305 1175 381 1215 est,'
405 1180 442 1206 ut
469 1184 585 1206 sensus
606 1176 662 1215 sit,
687 1180 864 1217 postquam
884 1176 971 1217 Ajax

278 1225 389 1256 enisus
410 1225 534 1266 aliique
558 1224 730 1256 fluitantes
751 1225 794 1256 ad
809 1225 972 1257 Euboeam

278 1275 460 1314 devenere,
481 1279 563 1306 tunc
588 1274 806 1306 Chaeradibus
825 1276 973 1316 scopulis

277 1324 412 1365 appulsi
430 1327 587 1364 pereunt.

322 1374 369 1413 §2
381 1373 537 1404 Muliebre
550 1372 723 1414 ingenium]
740 1373 811 1404 Liv.
825 1382 849 1404 1.
863 1374 872 1391 ‘
885 1375 972 1407 Quae

278 1422 420 1453 maxime
437 1422 478 1453 ad
496 1422 659 1453 muliebre
677 1423 846 1463 ingenium
863 1423 974 1456 effica-

279 1481 334 1502 ces
351 1481 470 1512 preces
486 1471 589 1502 sunt.'

322 1521 367 1552 Et
394 1521 509 1552 Teucer
533 1520 723 1561 prohibitus]
744 1521 822 1553 Vid.
843 1522 974 1555 Justin.

282 1578 382 1601 κων.
396 1573 427 1602 3.
443 1576 477 1601 et
491 1570 615 1602 Horat.
639 1571 648 1587 ‘
660 1572 792 1602 Teucer
805 1572 975 1605 Salamina

281 1623 478 1659 patremque
491 1619 574 1649 Cum
590 1617 751 1658 fugeret!

325 1669 342 1708 ς
354 1671 372 1698 3
390 1668 426 1698 H
429 1667 578 1705 ujusmodi
588 1669 711 1699 numine
721 1667 877 1708 armatus]
895 1669 975 1709 Leg.

281 1718 291 1735 ‘
309 1716 499 1748 animatus!

323 1766 480 1806 AEgisehi]
502 1766 582 1806 Leg.
604 1766 614 1783 ‘
631 1764 806 1806 AEgistho.'

324 1818 342 1857 ξ
356 1819 377 1847 4
400 1816 498 1846 Multi
514 1815 646 1855 undique
659 1815 751 1846 virile
771 1826 808 1847 ac
829 1816 975 1848 muliebre

281 1878 357 1898 sexu
372 1865 548 1907 confluunt]
570 1866 653 1906 Leg.
677 1866 746 1897 ita:
771 1867 781 1883 ‘
798 1866 900 1897 Multi
917 1876 975 1897 un-

281 1918 394 1958 dique,
410 1916 504 1947 virile
529 1925 569 1946 ac
595 1915 757 1946 muliebre
780 1925 879 1947 sexus
896 1925 976 1946 con-

280 1965 416 1997 fluunt.’

283 2014 373 2056 apud
391 2014 538 2046 Nonium
553 2013 702 2053 legitur;
719 2017 754 2045 et
769 2013 928 2044 Plautum
941 2014 975 2044 in

282 2065 460 2095 Rudente:
484 2064 494 2081 ‘
511 2063 617 2094 Virile
640 2072 742 2094 sexus
765 2063 893 2094 nullum
916 2073 975 2094 un-

281 2123 381 2154 quam
410 2111 544 2144 habui:'
578 2111 668 2152 quod
697 2116 734 2144 et
775 2113 905 2144 notavit
933 2122 976 2143 ex

284 2163 410 2194 Plauto
425 2161 632 2193 Priscianus.

328 2213 406 2247 Quoe
420 2213 460 2242 ad
476 2211 657 2242 oblivionem
671 2209 845 2249 hujusmodi
851 2210 976 2250 facino-

281 2262 342 2303 ris]
365 2261 551 2300 Ἀμνηστίαν
565 2260 687 2292 innuit.

325 2314 378 2352 §5
402 2313 443 2342 In
468 2321 526 2352 quo
549 2310 698 2342 exhibitis
720 2310 901 2350 quibusdam
925 2321 977 2343 sa-

282 2364 360 2404 cris]
389 2362 454 2393 Illa
477 2371 575 2392 sacra
604 2361 692 2401 apud
724 2361 825 2392 Hom.
853 2361 922 2393 Od.
940 2365 977 2392 Λ.

284 2414 365 2444 talia
380 2412 497 2444 fuere:
523 2412 584 2450 ἐγὼ
599 2411 623 2441 δ’
640 2410 694 2451 ἄορ
706 2409 757 2449 ὀξὺ
773 2410 978 2451 ἐρυσσάμενος

284 2464 366 2504 παρὰ
373 2464 468 2504 μηροῦ
482 2462 596 2502 Βόθρον
611 2461 709 2502 ὄρυζα,
723 2461 798 2492 ὅσον
810 2473 848 2492 τε
863 2462 978 2501 πυγού-

284 2526 366 2553 σιον,
385 2513 455 2544 ἔνθα
471 2511 520 2543 καὶ
536 2511 618 2542 ἔνθα·
641 2511 732 2550 Ἀμφ’
750 2511 832 2550 αὐτῷ
848 2510 880 2542 δὲ
899 2511 978 2550 χοὰς

285 2563 400 2604 χέομεν
409 2564 486 2593 πᾶσι
496 2561 667 2596 νεκύεσσιν,
675 2562 786 2600 Πρῶνα
794 2560 980 2600 μελικρήτῳ,

283 2614 447 2653 μετέπειτα
470 2611 502 2643 δὲ
525 2610 595 2649 ἡδέϊ
618 2610 700 2649 οἴνῳ,
720 2610 762 2641 Τὸ
783 2609 888 2649 τρίτον
917 2609 979 2642 αὖθ’

285 2666 383 2695 ὕδατι·
407 2662 456 2694 ἐπὶ
469 2662 495 2692 δ’
511 2661 631 2700 ἄλφιτα
644 2660 742 2691 λευκὰ
755 2658 905 2691 πάλυνον.

329 2716 347 2754 §
362 2716 382 2744 6
407 2711 583 2743 Telemacho
598 2719 637 2740 ex
653 2709 791 2740 Nausica
812 2714 919 2740 natum
932 2710 978 2750 fi-

285 2763 362 2794 lium
402 2762 527 2801 Ulysses
562 2758 794 2798 Ptoliporthum
828 2760 978 2799 appellat]

283 2812 366 2851 Ipse
380 2811 517 2850 Ulysses
533 2807 719 2847 Epitheton
740 2807 797 2837 τοῦ
811 2807 981 2848 πτολιπόρ-

285 2863 338 2892 θου
353 2859 483 2899 habuit,
505 2856 596 2897 apud
616 2856 756 2889 Homer.
772 2856 814 2888 11.
836 2861 871 2890 Β.
908 2857 981 2891 Ἀνὰ

461 1964 549 1996 Nam
565 1969 601 1995 et
616 1964 626 1981 ‘
639 1963 765 1995 Sexus'
782 1964 816 1995 in
831 1965 979 2004 Neutro,

1008 337 1198 368 DlCTYM
1231 336 1542 367 CRETENSEM.

1018 430 1044 461 δ’
1060 430 1076 460 ὃ
1092 429 1297 470 πτολίπορθος
1311 428 1479 460 Ὀδυσσεὺς
1493 428 1596 466 ’‘l-:mn
1613 428 1712 466 σκῆπ-

1016 491 1088 518 τρον
1112 479 1205 517 ἔχων.
1250 479 1349 508 Unde
1377 478 1532 509 Eustath.
1561 478 1596 508 in
1618 477 1660 510 Il.
1676 480 1714 509 A.

1015 527 1171 558 Ὀδυσσέα
1183 528 1200 557 ὁ
1211 527 1351 564 ποιητὴς,
1364 526 1412 557 διὰ
1422 525 1493 564 μίας
1503 525 1623 558 πόλεως
1633 525 1716 556 ἅλω·

1019 587 1080 614 σιν,
1095 577 1304 616 πτολίπορθον
1319 575 1490 615 πολλαχοῦ
1504 574 1600 615 λέγει.
1632 575 1714 607 Vid.

1019 627 1121 657 etiam
1138 627 1181 657 ad
1197 636 1245 656 vs.
1262 628 1294 656 2.
1312 625 1380 656 Od.
1396 629 1433 657 A.

1062 678 1079 717 ς
1097 679 1116 707 8
1141 676 1193 707 Ad
1208 675 1375 714 Sepiadum
1395 675 1484 706 littus
1499 675 1578 714 quod
1589 676 1716 715 propter

1019 735 1164 757 saxorum
1192 725 1403 767 difficultatem
1431 735 1539 756 nomen
1567 723 1717 762 ejusmodi

1018 776 1220 816 quaesiverat]
1250 775 1318 806 Sed
1342 774 1420 815 quid
1444 774 1534 804 saxis
1556 783 1634 806 cum
1655 773 1717 804 Se-

1019 826 1098 866 pia?
1135 825 1284 865 Egregia
1296 834 1375 855 sane
1386 823 1612 864 Etymologia.
1636 823 1718 854 Fuit

1019 876 1157 916 quidem
1191 874 1375 914 Sepiadum
1413 874 1508 905 littus
1546 882 1715 914 saxosum,

1019 925 1108 956 unde
1125 925 1267 956 Strabo:
1285 923 1352 954 ἔστι
1366 924 1390 954 δ’
1410 923 1487 960 αὐτὴ
1501 922 1559 962 μὲν
1571 922 1651 960 ἀκτὴ
1662 935 1718 954 πε-

1018 974 1144 1014 τρώδης,
1160 975 1218 1005 sed
1237 984 1256 1005 a
1272 975 1376 1014 Sepia
1399 975 1492 1014 pisce
1515 983 1636 1005 nomen
1656 973 1715 1004 ob-

1019 1025 1140 1056 tinuit:
1159 1025 1314 1055 Eustath.
1332 1023 1352 1061 ἦ
1369 1023 1487 1061 Σηπιὰς
1500 1022 1578 1064 ἄκρα
1597 1024 1645 1055 διὰ
1658 1023 1717 1055 τὰς

1020 1074 1124 1106 αὐτόθι
1152 1073 1274 1111 σηπίας.
1329 1073 1519 1115 Refertque
1545 1074 1717 1114 Apollonii

1021 1124 1227 1156 Scholiastes
1244 1125 1293 1154 ita
1304 1123 1434 1154 dictum
1446 1124 1623 1154 Thessaliae
1640 1132 1718 1164 pro-

1021 1174 1222 1205 montorium
1247 1183 1266 1204 a
1280 1173 1436 1211 Thetide,
1456 1182 1553 1214 quam
1569 1172 1648 1203 dum
1666 1182 1718 1204 se-

1021 1224 1136 1264 quitur
1149 1223 1286 1262 Peleus,
1300 1223 1333 1253 in
1348 1223 1483 1263 Sepiam
1500 1227 1631 1253 mutata
1645 1227 1717 1261 est3

1022 1280 1057 1305 et
1073 1275 1194 1306 Strabo
1211 1284 1263 1307 lx.
1280 1274 1301 1312 ἡ
1314 1273 1373 1314 μέν
1383 1286 1431 1305 τοι
1442 1273 1560 1312 Σηπιὰς
1571 1273 1651 1313 ἀκτὴ
1665 1274 1717 1306 καὶ

1020 1326 1263 1365 τετραγῳδῆται.

1065 1376 1082 1415 ᾧ
1099 1379 1119 1407 9
1146 1376 1189 1406 Ut
1204 1376 1257 1416 ne]
1282 1375 1368 1407 Dele
1391 1375 1401 1393 ⁴
1419 1374 1482 1406 ut.’

1064 1427 1081 1466 ξ
1100 1428 1137 1456 11
1157 1426 1315 1466 Responsa
1331 1424 1450 1466 editur]
1466 1424 1606 1466 Melius,
1625 1425 1636 1444 ‘
1654 1426 1719 1457 Re-

1023 1474 1209 1516 sponsum!

1067 1525 1084 1565 ξ
1098 1527 1137 1555 13
1154 1523 1207 1555 Ad
1221 1524 1453 1564 inquisitionem
1466 1524 1527 1556 viri
1547 1525 1721 1566 profectus]

1023 1574 1105 1613 Leg.
1129 1573 1139 1590 ‘
1156 1572 1351 1614 proficisci)

1067 1624 1084 1662 ξ
1102 1625 1139 1652 15
1166 1622 1227 1653 Cui
1249 1621 1412 1653 summitas
1433 1622 1564 1652 marinae
1585 1622 1719 1653 turturis

1022 1681 1088 1703 osse
1101 1671 1295 1710 armabatur]
1314 1672 1394 1702 Fuit
1408 1670 1496 1702 forte
1509 1672 1635 1703 Turtur
1649 1682 1720 1703 ma-

1023 1720 1098 1751 rina
1113 1719 1146 1751 in
1162 1720 1253 1751 AEaea
1275 1720 1383 1751 insula
1406 1721 1537 1761 signum
1561 1721 1720 1762 militare,

1023 1775 1062 1801 ut
1085 1769 1173 1810 apud
1197 1770 1323 1800 Persas
1346 1770 1471 1810 aquila,
1494 1769 1722 1801 Athenienses

1024 1825 1160 1854 noctua,
1175 1821 1241 1850 διο.
1274 1819 1320 1850 Et
1334 1827 1376 1849 ex
1391 1819 1454 1850 hoc
1470 1819 1545 1850 loco
1558 1819 1721 1852 Authoris

1024 1868 1132 1899 nostri
1155 1867 1312 1899 habuisse
1340 1872 1424 1908 puto
1444 1867 1545 1900 Alex.
1561 1869 1604 1900 ab
1619 1868 1722 1900 Alex.

1026 1917 1111 1949 dier.
1127 1917 1250 1958 genial.
1269 1926 1318 1948 lv.
1334 1920 1366 1948 2.
1383 1927 1458 1958 quae
1471 1918 1505 1948 in
1520 1918 1720 1950 recensione

1026 1968 1199 2007 signorum
1217 1967 1412 1998 militarium
1430 1967 1554 2008 inquit,
1569 1969 1578 1985 ‘
1591 1967 1721 1999 Theba-

1025 2016 1077 2047 nis
1104 2015 1273 2057 Sphyngis
1296 2015 1446 2056 effigies:
1470 2016 1571 2048 AEa‘ae
1601 2017 1719 2049 insulae

1024 2065 1155 2096 marina
1182 2063 1318 2096 turtur.’
1370 2065 1498 2095 Turtur
1522 2066 1650 2097 marina
1675 2075 1720 2097 ex

1026 2115 1151 2147 Graeco
1174 2119 1241 2155 est,
1261 2114 1382 2155 τρυγὼν
1397 2113 1566 2152 θαλασσίη,
1579 2115 1669 2146 unde
1685 2119 1722 2147 et

1025 2165 1137 2196 Plinio
1153 2173 1204 2195 ix.
1218 2166 1272 2195 48.
1309 2164 1447 2204 Trygon
1462 2163 1600 2203 dicitur,
1615 2164 1720 2204 pesti-

1025 2213 1135 2245 ferum
1151 2214 1294 2245 animal:
1318 2214 1372 2244 cui
1396 2212 1509 2243 radius
1528 2222 1628 2253 super
1641 2223 1721 2244 cau·

1026 2265 1102 2296 dam
1131 2264 1283 2295 eminens
1312 2262 1492 2293 admodum
1519 2262 1720 2293 execrabilis

1025 2319 1101 2345 est:
1125 2313 1202 2344 hinc
1220 2312 1424 2352 Oppianus:
1448 2312 1458 2329 ‘
1478 2310 1641 2342 Nascitur
1662 2320 1722 2342 ex-

1025 2368 1134 2395 trema
1173 2362 1282 2393 cauda
1318 2360 1577 2401 impenetrabile
1615 2361 1720 2392 telum

1025 2411 1203 2453 Trygoni!
1243 2410 1311 2442 Sed
1326 2409 1469 2440 eandem
1484 2409 1611 2450 optime
1626 2419 1720 2441 more

1026 2471 1086 2493 suo
1113 2459 1296 2500 descripsit
1318 2458 1418 2490 Phile
1441 2458 1483 2489 de
1505 2458 1721 2497 animalibus,

1026 2511 1124 2552 cujus
1141 2510 1184 2541 de
1200 2510 1257 2540 illa
1273 2518 1389 2540 versus
1403 2518 1479 2539 cum
1495 2508 1529 2538 in
1545 2507 1646 2539 editis
1661 2517 1720 2538 ex-

1027 2560 1228 2602 emplaribus
1248 2559 1375 2595 desint,
1395 2562 1434 2589 ut
1456 2563 1493 2590 et
1515 2558 1549 2590 in
1570 2558 1639 2589 Ms.
1653 2558 1720 2589 Tu.

1027 2613 1111 2651 Roe,
1133 2620 1199 2652 quo
1223 2609 1351 2641 Oxonii
1375 2618 1453 2640 usus
1483 2618 1569 2644 sum,
1592 2608 1720 2640 adscri-

1027 2662 1103 2693 bam
1120 2671 1163 2692 ex
1181 2661 1248 2691 Ms.
1264 2660 1329 2691 alio
1341 2658 1542 2692 Oxoniensi,
1554 2667 1621 2698 quo
1638 2658 1721 2689 nihil

1027 2709 1236 2752 splendidius
1251 2718 1395 2749 unquam
1412 2707 1516 2738 oculis
1532 2706 1615 2737 meis
1628 2716 1721 2738 usur-

1028 2761 1126 2802 pavi;
1149 2764 1184 2791 et
1209 2763 1358 2790 meretur
1381 2761 1476 2787 certe
1499 2756 1595 2787 Phile
1610 2756 1720 2789 lucem

1028 2810 1201 2851 publicam
1228 2806 1447 2848 splendidiori
1470 2810 1593 2837 ornatu
1620 2815 1720 2847 quam

1027 2860 1203 2898 hactenus,
1221 2855 1333 2889 studio
1345 2854 1487 2896 Georgii
1508 2854 1720 2897 Bersmauni,
