1889 3194
494 351 556 380 DE
591 349 746 380 BELLo
780 347 1005 379 'PROJANO
1041 347 1134 377 Lrss.
1169 349 1220 378 ιι,
1468 337 1553 378 417

110 444 340 498 Ingessere
360 443 505 484 oculis
522 457 532 484 :
564 455 746 497 quarum
765 454 866 496 quae
886 440 1083 482 maxima
1098 439 1234 481 fando
1468 438 1554 479 235

108 511 202 553 Vix
219 513 332 553 bene
354 515 569 551 maturam
590 510 686 551 visa
707 514 773 551 est
793 508 982 549 solvisse
1003 507 1193 561 quietem
1212 519 1223 547 :

164 577 384 619 Venimus
405 577 449 617 in
468 577 608 617 saltus
630 575 861 630 Phrygios,
882 587 909 615 o
931 574 1153 623 Dardane‚
1173 573 1273 615 veni

110 643 262 696 Magni
280 648 422 697 nupta
438 643 467 685 J
472 643 585 692 ovis,
601 642 722 684 venit
742 641 965 683 Mavortia
985 640 1157 690 Pallas,

108 709 246 751 Venit
262 709 426 750 blanda
443 709 623 750 Venus:
654 713 823 761 gratare
842 720 896 748 en
915 711 1068 748 noster
1087 706 1308 755 alumnus,

108 775 242 826 Quod
263 775 366 817 dare
387 776 537 817 Parca
555 781 698 828 neget,
715 776 865 816 timeat
885 774 1131 828 promittere
1153 778 1320 823 votum,
1463 771 1548 812 :240

108 842 303 884 Sidereae
323 843 480 884 libram
499 842 653 884 formae
675 842 794 883 dedit
809 843 910 895 ipsa
924 841 1141 882 Tonantis

108 907 268 959 Unica,
290 922 389 962 quae
408 908 507 950 trini
527 909 736 961 dispenso
756 908 924 949 foedera
944 907 1079 959 regni,

108 974 194 1016 Cui
216 981 372 1029 parent
392 975 522 1017 undae
541 975 756 1029 Neptuni,
771 974 957 1016 Tartara
974 974 1109 1023 Ditis,

107 1040 243 1084 Astra
262 1042 291 1083 J
294 1043 404 1084 ovis.
450 1042 557 1083 Non
579 1043 617 1083 si
637 1041 795 1083 laudor
816 1032 1000 1083 censore
1021 1040 1206 1089 caduco,

107 1107 332 1161 Indignor,
348 1122 437 1150 non
459 1114 583 1162 grata
603 1109 746 1149 minus
768 1107 962 1149 reditura
980 1106 1187 1156 Tonanti,
1471 1104 1556 1145 245

107 1175 156 1216 Si
176 1180 328 1216 nostro
349 1175 511 1216 dubius
531 1174 666 1217 haesit
686 1174 887 1215 mortalis
907 1174 950 1214 in
972 1186 1061 1214 ore.

109 1240 240 1291 Quod
256 1242 434 1294 longum
454 1244 538 1291 est,
558 1242 757 1283 mirantis
774 1242 879 1282 erit:
901 1253 987 1281 neu
1008 1240 1115 1281 forte
1136 1242 1316 1293 putetur

109 1307 328 1358 Mendax,
350 1321 479 1362 quem
500 1308 630 1349 debet
648 1308 900 1348 famulatrix
920 1307 1038 1348 fama
1057 1306 1270 1356 favorem,

108 1373 244 1424 Quod
263 1388 406 1416 rarum
429 1374 628 1428 Superis,
649 1373 792 1414 nudos
809 1386 864 1414 en
885 1372 1037 1426 aspice
1058 1372 1232 1413 vultus:

106 1441 234 1482 Talis
254 1441 300 1481 in
320 1441 555 1494 amplexus
576 1440 702 1481 venio
720 1439 749 1480 J
753 1440 865 1480 ovis.
909 1439 1027 1491 Ergo
1050 1439 1151 1492 quis
1175 1450 1313 1479 ausus
1472 1436 1557 1478 250

108 1507 297 1550 Pallada
317 1508 612 1561 Gorgooeam,
632 1506 987 1561 bellatricemque
1011 1506 1264 1555 Medusam,

107 1574 198 1615 His
219 1574 414 1616 conferre
435 1575 589 1628 genis‘l
623 1574 729 1615 Non
749 1574 813 1615 sic
833 1574 977 1628 pudor
995 1573 1145 1614 exulat
1165 1572 1328 1623 omnis,

106 1640 171 1682 Ut
190 1641 349 1695 populi
369 1644 517 1689 terror,
537 1640 659 1693 vulgi
679 1641 798 1694 fuga,
818 1640 971 1694 bajula
989 1640 1111 1690 lethi,

108 1707 243 1759 Quod
265 1712 414 1758 terret,
437 1709 660 1762 placuisse
681 1709 813 1750 velit:
846 1709 916 1749 vis
937 1708 1031 1749 dira
1051 1708 1217 1758 doceri,

107 1775 227 1817 Diva
249 1780 392 1817 tamen
415 1775 585 1817 dictura
605 1776 693 1817 fui:
715 1789 800 1816 non
820 1776 893 1818 hic
916 1788 1030 1828 opus
1053 1788 1173 1825 ense,
1472 1775 1557 1816 ‘255

105 1841 288 1895 Angues
308 1843 412 1884 tolle
433 1847 548 1892 tuos,
571 1847 763 1884 armatos
785 1856 899 1885 exue
921 1843 1088 1893 vultus,

109 1909 180 1949 Da
199 1909 373 1950 facilem
393 1909 493 1949 visu
513 1909 688 1959 faciem,
708 1910 888 1950 frontem
908 1921 1055 1960 exere,
1076 1910 1209 1950 cedat

107 1974 280 2025 Cassis,
302 1980 347 2016 et
366 1976 589 2016 inclusum
613 1978 709 2017 sine
732 1977 950 2030 respirare
972 1980 1193 2018 cerasten:

114 2041 278 2094 Detege
300 2043 421 2095 quod
437 2044 562 2096 galea
582 2044 857 2093 horrendum,
873 2043 993 2097 quod
1015 2056 1169 2097 parma
1191 2042 1442 2096 pudendum

756 2157 899 2189 NOTAE

148 2221 211 2250 23⁷
241 2218 403 2259 Venimus]
426 2219 571 2251 ,Iunonis
594 2220 667 2251 haee
690 2221 800 2251 oratio
898 2223 961 2252 253
987 2220 1104 2259 Bajula
1119 2219 1210 2259 lethi]
1232 2218 1450 2259 Θανατοφόρος
1464 2218 1484 2256 ἢ
1500 2218 1552 2249 θά-

105 2267 263 2307 ὀγκώδηςε
288 2268 449 2307 Palladis,
464 2269 545 2307 δεινὴ
560 2269 611 2300 καὶ
628 2269 799 2309 ἆνδρώδηςι
855 2281 950 2301 vav-ov
975 2269 1207 2310 ἆχθοφοροῦσα,
1231 2270 1240 2286 ‘
1253 2269 1389 2309 gerulus
1414 2269 1555 2299 nuncio-

104 2318 263 2358 Veneris,
277 2317 423 2357 ’γλαφυρὰ
438 2317 488 2348 καὶ
502 2318 639 2357 χαρίτων
659 2318 798 2358 πλήρηςτ
855 2329 930 2351 rum
947 2318 956 2333 '
985 2324 1021 2350 et
1051 2320 1060 2336 ‘
1078 2318 1248 2349 fallaciam
1280 2317 1396 2356 ferre,’
1434 2318 1552 2349 Plaut.

104 2367 209 2409 idque
229 2377 271 2398 ex
288 2368 412 2399 decoro
427 2377 661 2409 personarum,
677 2378 743 2409 qua
758 2369 801 2400 de
855 2367 983 2399 Pseud.
1002 2368 1081 2398 Sen.
1095 2367 1205 2408 Epist.
1222 2368 1298 2398 123.
1325 2371 1335 2385 ‘
1349 2365 1455 2397 verba
1478 2376 1554 2406 ges-

105 2426 144 2448 re
167 2422 244 2458 post
266 2417 372 2449 Arist.
391 2427 427 2448 m
451 2418 552 2449 Rhet.
577 2418 803 2457 Demetrium,
855 2422 929 2449 tare
942 2422 977 2449 et
994 2417 1099 2449 vitia-¹

103 2467 369 2508 Hermogenem,
385 2468 491 2498 multa
505 2467 575 2500 Jul.
590 2467 706 2498 Caesar
723 2467 801 2499 Sca·
896 2469 960 2498 258
997 2468 1041 2497 Et
1065 2467 1215 2497 inclusurn
1237 2466 1303 2496 sine
1327 2465 1485 2504 respirare
1505 2475 1553 2497 ce-

105 2516 204 2557 liger,
221 2526 278 2548 111.
293 2516 392 2548 Poe't.
408 2521 443 2547 et
459 2517 541 2548 alibi
557 2516 693 2557 passim.
853 2517 975 2557 rasteu]
1000 2515 1139 2556 Angues
1169 2525 1212 2546 ex
1240 2515 1355 2555 capite
1384 2514 1553 2552 Medusae,

147 2569 209 2598 241
232 2567 368 2598 Sidereae
385 2567 497 2598 libram
510 2566 642 2607 formoe]
663 2566 719 2597 Ita
734 2565 800 2597 Mi·
855 2576 938 2608 quos
967 2565 1110 2598 adverso
1140 2569 1281 2605 pectore
1316 2564 1486 2605 gestabat,
1514 2569 1554 2596 ut

103 2617 218 2648 nutius
235 2617 344 2658 Felix,
358 2617 500 2649 ‘libram
516 2623 632 2649 teneas
647 2616 800 2658 aequissi-
854 2617 958 2649 habet
974 2616 1077 2648 Ovid.
1088 2616 1122 2647 in
1138 2615 1205 2646 fine
1217 2624 1268 2646 ιν.
1282 2615 1424 2646 Metam.
1435 2614 1553 2655 Apoll.

105 2665 150 2697 mi
158 2665 305 2707 judicii.'
855 2676 896 2698 11.
919 2667 1033 2705 Ἀθηνᾶ
1046 2666 1072 2698 δ’
1089 2666 1124 2697 ἐν
1135 2665 1216 2707 μέσῃ
1230 2666 1272 2707 τῇ
1285 2664 1390 2696 ἀσπίδι
1407 2667 1464 2702 τῆς
1479 2669 1552 2707 Pop·

146 2717 211 2747 249
233 2717 346 2748 Nudos
367 2725 406 2748 en
430 2717 532 2757 aspice
553 2716 672 2756 vultus]
694 2715 799 2756 Apud
853 2717 946 2757 γόνος
959 2717 1019 2755 τὴν
1033 2716 1174 2757 κεφαλὴν
1189 2715 1328 2753 ἅνεθηκε.
1352 2716 1459 2748 Prud.
1482 2715 1552 2757 περὶ

105 2766 304 2806 Lucianum,
328 2767 363 2798 ἐν
387 2769 463 2799 θεῶν
486 2767 593 2809 κρίσει,
618 2777 732 2799 omnes
763 2776 800 2798 se
854 2771 945 2806 στεφ.
960 2770 1035 2799 275.
1060 2767 1068 2783 ‘
1084 2767 1129 2798 Et
1144 2767 1223 2798 dum
1239 2765 1404 2798 Minervae
1429 2770 1551 2807 pectus

105 2821 233 2847 exuunt
251 2827 259 2848 :
287 2817 377 2858 apud
394 2818 560 2849 Nostrum
584 2818 699 2850 Venus
725 2821 799 2848 tan·
853 2816 968 2856 hydris
983 2814 1142 2857 asperat!

105 2869 175 2896 tum
189 2870 266 2906 post
282 2867 476 2908 alloquium.

190 2918 302 2959 Delph.
315 2923 345 2951 et
364 2919 438 2952 Var.
453 2920 538 2951 Clas.
729 2919 820 2951 Dict.
838 2919 925 2951 Cret.
939 2920 992 2959 851:-
1387 2921 1407 2950 2
1433 2920 1463 2951 D
