1889 3194
514 382 578 412 DE
612 382 767 412 BELLO
798 382 1023 413 TROJANO
1057 382 1151 412 [ΑΒ.
1183 383 1236 412 11.

1510 373 1595 415 435

154 473 330 530 Aspera
345 475 501 518 miscet
520 477 664 518 adhuc
686 476 871 531 Superis
891 477 1067 518 dotatus
1090 476 1282 531 Olympo

156 543 264 583 Flos
284 541 425 593 Asiae,
447 545 702 586 veneranda
721 545 864 586 Deum
883 557 1118 598 regumque
1135 556 1348 598 propago.

157 610 262 651 Non
282 622 407 651 meus
428 611 651 652 instabilis
672 612 797 653 labor
818 615 899 661 est,
921 616 999 653 aut
1018 612 1173 664 gloria,
1193 623 1348 652 versus

1505 611 1590 652 590

154 675 343 725 Texere,
364 688 454 717 non
474 677 668 730 trepidas
689 679 840 732 pensis
859 690 1009 731 urgere
1028 678 1231 731 puellas:

155 741 262 783 Non
278 756 446 784 mecum
468 744 685 795 Phoebus,
707 758 879 786 mecum
901 745 1084 786 certabit
1103 743 1327 787 Arachne:

155 808 260 850 Hos
277 809 429 850 Pallas
450 811 531 851 tibi
552 817 685 865 pacta
705 811 854 866 pedes,
871 812 966 853 haec
989 813 1182 853 stamina
1202 817 1354 854 nectat

154 876 363 918 Plurima.
410 877 487 918 Dii
507 877 687 932 (fateor)
707 879 860 920 faciles
881 883 923 920 et
943 892 1114 920 summa
1132 880 1302 933 pacisci

154 943 212 984 Et
233 943 361 986 dare:
392 945 466 985 sed
486 945 589 998 quid
608 958 735 999 opeS,
758 945 862 999 quid
882 958 1026 998 regna,
1048 946 1154 998 quid
1177 959 1296 986 arma
1313 946 1480 999 potenti
1509 947 1594 988 595

153 1011 416 1065 Adjiciunt'?
477 1011 614 1066 Cujus
637 1016 853 1066 sceptrum
873 1025 976 1065 pars
999 1012 1185 1066 amplior
1207 1013 1342 1062 orbis,

154 1078 293 1133 Cujus
315 1092 426 1133 opes
447 1079 668 1134 Phrygiae,
689 1079 820 1133 cujus
842 1092 946 1131 gens
969 1079 1183 1121 Dardana
1202 1080 1336 1122 vires.

154 1145 215 1188 At
235 1146 272 1186 si
296 1146 483 1187 solanda
502 1151 570 1188 est
590 1147 770 1188 thalami
790 1146 949 1200 regalis
969 1151 1156 1198 egestas,

153 1214 203 1255 Si
221 1214 355 1263 vires,
377 1214 415 1254 si
437 1217 612 1268 sceptra
628 1214 737 1255 nihil
759 1214 853 1254 sine
873 1213 1071 1267 conjugis
1092 1227 1192 1264 usu,

154 1281 322 1322 Munus
343 1281 457 1322 habe
479 1281 690 1332 Veneris;
722 1293 880 1322 munus
901 1293 987 1333 quo
1009 1281 1171 1334 Sparta
1192 1281 1406 1335 superbit,

1508 1281 1593 1322 (500

153 1349 319 1390 Munus
340 1348 461 1402 quod
482 1347 570 1389 dici
591 1347 707 1389 Juno
727 1348 848 1397 velit,
865 1360 967 1388 esse
990 1347 1206 1390 Minerva.

153 1414 275 1465 Quid
296 1428 441 1456 moror
456 1417 475 1456 ’ἒ
507 1415 715 1456 internam
735 1415 919 1468 propius
935 1413 1091 1455 rimare
1116 1415 1324 1457 Dionem:

153 1481 250 1523 Res
273 1483 417 1535 agitur
440 1481 668 1523 tractanda
688 1482 851 1535 palam,
865 1480 960 1534 jam
980 1486 1163 1534 pectora
1182 1482 1300 1523 nuda

151 1549 393 1592 Pandimus
414 1562 422 1588 :
453 1549 536 1590 hac
556 1548 674 1589 facie
694 1547 864 1589 Phoebo
886 1547 997 1589 duce
1018 1549 1172 1589 metior
1192 1553 1323 1599 astra,

152 1616 257 1657 Hoc
279 1616 405 1658 vultu
427 1615 620 1670 produco
642 1614 785 1655 diem:
821 1613 1025 1665 formose,
1046 1616 1226 1656 merenti

1511 1615 1595 1655 605

152 1682 352 1733 Gratare,
369 1688 414 1724 et
435 1682 622 1724 similem
636 1682 778 1737 judex
797 1694 853 1721 ne
876 1681 1056 1735 despice
1079 1683 1257 1723 vultum.

207 1751 283 1792 Sic
303 1750 447 1797 effata,
469 1763 602 1803 genas
617 1753 745 1803 rapto
766 1748 985 1802 depromit
1007 1751 1195 1791 amictu:

152 1817 292 1859 Nuda
311 1818 529 1867 humeros,
550 1821 705 1858 exerta
727 1815 868 1865 sinus,
888 1819 1071 1869 totoque
1091 1816 1250 1857 diescit

156 1884 243 1926 Ore
261 1898 272 1926 t
303 1884 442 1938 pudet
462 1884 588 1926 divas
610 1883 774 1925 Veneri
795 1882 986 1924 cessisse
1010 1883 1290 1937 triumphum.

803 2002 942 2035 NOTAE

193 2070 256 2099 ⁵88
280 2068 400 2107 Aspera
434 2068 540 2100 miscet
574 2069 672 2100 adhuc
699 2067 842 2109 Superis]

152 2117 416 2156 Καταγλυκαίνει,
429 2119 481 2149 vel
501 2120 597 2161 κιρνᾷ.
615 2119 726 2150 Catul.
751 2119 761 2136 ‘
775 2119 842 2152 Qui

153 2166 286 2198 dulcem
301 2168 388 2198 curis
406 2168 521 2199 miscet
538 2168 748 2199 amaritiem.’

195 2219 258 2248 589
288 2217 364 2247 Flos
391 2217 493 2258 Asiae]
531 2218 758 2258 Ganymedes,
787 2218 843 2258 qui

153 2267 276 2307 pocula
302 2265 411 2297 Hebae
435 2266 579 2298 Junonis
601 2266 692 2308 filiae,
708 2272 742 2298 et
766 2268 845 2308 quia

152 2315 356 2356 παιδεραστὴς
367 2315 517 2356 Jupiter,
526 2316 651 2348 Junoni
664 2326 758 2348 usum
772 2317 844 2348 tha-

118 2369 125 2375 ’
151 2366 231 2397 lami
268 2365 404 2406 eripuit.
447 2365 543 2396 Talia
578 2370 656 2396 sunt
692 2367 844 2397 Deorum

153 2415 343 2456 gentilium,
368 2414 503 2456 quibus,
520 2414 698 2454 Augustini
723 2415 848 2455 verbis,

152 2467 162 2484 ‘
180 2466 263 2498 aetii
286 2470 377 2505 sunt,
403 2465 597 2506 sanguinem
619 2475 684 2497 non
711 2466 846 2506 habent,

151 2515 267 2556 itaque
285 2525 346 2546 nec
367 2515 597 2547 erubescunt.'
633 2520 641 2533 ¹
658 2516 735 2547 Flos
755 2516 846 2548 Asiae

154 2570 234 2596 ante
251 2565 380 2606 ipsum!
396 2566 476 2598 Juv.
491 2566 563 2597 Sat.
578 2575 612 2597 v.

195 2619 258 2647 599
281 2617 412 2656 Sceptra
435 2617 515 2648 nihil
535 2618 603 2648 sine
617 2616 755 2656 conjugis
775 2616 847 2657 usu]

153 2665 288 2697 Videsis
304 2665 434 2697 Asterii
454 2667 578 2698 Homil.
595 2676 624 2698 v.
640 2670 694 2698 65.
710 2669 774 2698 &c.
790 2667 847 2699 ubi

154 2717 266 2757 χρῆσιν
280 2716 372 2748 illam
387 2717 522 2757 egregie
537 2717 708 2758 exprimit.

195 2769 258 2798 600
281 2767 399 2798 Munus
409 2777 466 2808 quo
477 2766 592 2808 Sparta
603 2767 754 2808 superbit]
776 2768 846 2799 He-

153 2816 231 2847 lena
246 2815 348 2854 πάσης
361 2816 514 2849 Ἑλλάδος
530 2817 654 2858 ἄστρον,
669 2818 844 2849 maximam

153 2865 244 2896 illam
260 2866 303 2897 ad
317 2871 445 2898 motum
467 2867 572 2907 ῥοπὴν,
589 2872 758 2898 oratorum
777 2877 845 2898 mo-

155 2914 239 2955 nitu,
255 2921 464 2948 reservarat:
490 2917 683 2958 Fulgentius
699 2918 782 2950 scite
807 2926 845 2949 n.

896 2066 1043 2107 Mytliol.
1060 2068 1114 2099 tit.
1132 2067 1174 2099 de
1191 2067 1342 2099 Hercule
1355 2071 1389 2099 et
1405 2066 1592 2108 Omphale:

894 2119 904 2135 ‘
922 2117 1078 2149 Mulieris
1091 2117 1251 2149 illecebra
1263 2118 1371 2159 major
1383 2122 1435 2149 est
1447 2116 1596 2155 mund0,’

896 2177 931 2208 p.
950 2171 1023 2199 136.
1053 2169 1174 2210 Neque
1193 2169 1306 2200 obstat
1320 2169 1408 2210 quod
1425 2168 1594 2200 Helenam

896 2219 1045 2250 nondum
1075 2220 1221 2261 viderat,
1242 2230 1319 2252 nam
1345 2224 1380 2251 et
1405 2220 1596 2260 ignotarum

897 2280 1055 2311 magnum
1080 2269 1186 2301 fuisse
1212 2279 1359 2301 amorem
1382 2279 1426 2300 ex
1449 2269 1595 2301 Charete

897 2319 1111 2359 Mitylenaeo,
1150 2318 1257 2351 Arist.
1289 2319 1428 2360 aliisque
1464 2318 1595 2359 prolixe

899 2369 1023 2409 probat
1039 2368 1223 2400 Athenaeus
1240 2377 1296 2400 111.
1313 2372 1388 2400 575.

940 2422 1004 2450 604
1027 2419 1099 2450 Hac
1121 2419 1209 2457 facie
1238 2418 1353 2450 Phoebo
1382 2419 1456 2449 duce
1485 2417 1596 2449 metior

898 2468 998 2508 astra]
1034 2469 1087 2500 Ad
1112 2470 1249 2500 Stellam
1270 2468 1415 2500 Veneris
1444 2469 1516 2499 haec
1543 2477 1594 2499 re-

899 2518 1051 2558 ferenda,
1096 2528 1172 2550 cum
1201 2519 1306 2550 solem
1336 2518 1445 2550 anteit
1475 2523 1511 2549 et
1545 2527 1597 2549 se-

901 2569 1027 2610 quitur.

941 2622 1004 2650 608
1030 2619 1162 2660 Totoque
1180 2618 1289 2651 diescit
1312 2619 1389 2660 Ore]
1412 2617 1512 2659 Apud
1531 2619 1595 2649 Lu·

901 2667 1035 2699 cianum
1064 2668 1100 2699 in
1129 2670 1203 2700 θεῶν
1232 2668 1328 2709 κρίσει
1349 2678 1384 2699 se
1411 2677 1525 2699 omnes
1554 2668 1596 2698 ab

900 2717 998 2749 initio
1026 2718 1170 2750 actionis
1201 2718 1354 2750 nudant:
1379 2717 1469 2759 apud
1495 2718 1597 2750 Colu-

900 2766 994 2799 thum
1021 2767 1113 2808 prius
1134 2772 1245 2800 vestes
1262 2768 1370 2808 exuit,
1386 2767 1464 2799 inde
1486 2768 1596 2809 loqui-

900 2821 969 2857 tur,
985 2818 1123 2849 Venus:
1144 2818 1215 2849 'Hs‘
1242 2817 1331 2849 ἑανὸν
1343 2817 1542 2855 βαθύκολπον
1565 2818 1596 2849 ἐς

899 2866 973 2908 ἀέρα
988 2867 1177 2907 γυμνώσασα
1192 2868 1320 2900 Κόλπον
1335 2869 1529 2910 ἀνηχώρησε,
1547 2868 1595 2898 καὶ

899 2917 955 2949 οὐκ
978 2917 1133 2960 ᾐδέσσατο
1160 2917 1282 2958 Κύπρις.
1329 2919 1458 2950 Deinde
1482 2920 1596 2955 Στῆθος
