1889 3194
710 327 775 358 An
810 327 1092 358 LECTOREM.
1535 317 1612 358 361

346 515 621 557 Guilhelmus
644 514 924 557 Cambdenus
944 516 990 556 in
1006 515 1234 557 Britannia
1252 528 1332 557 sua
1352 516 1449 558 133.

234 622 338 673 Quo
366 624 531 665 saeculo
562 623 727 674 floruit,
751 624 828 677 qui
848 622 950 664 hinc
981 622 1195 664 oriundus
1222 628 1268 664 et
1287 622 1619 676 cognominatus

174 689 401 745 ,Iosephus
444 690 647 741 Iscanus,
682 690 1045 744 splendidissimo
1085 690 1263 743 ingenio
1294 689 1454 740 Po'eta,
1491 689 1621 743 cujus

175 757 342 811 scripta
369 758 432 798 ita
451 759 764 811 probabantur,
798 761 847 799 ut
866 757 922 798 ad
942 762 1140 799 veterum
1163 757 1426 811 scriptorum
1444 756 1621 798 laudem

173 824 447 877 pervenerint
468 838 478 866 :
507 824 604 877 ejus
626 826 786 866 etenim
807 825 862 866 de
877 824 995 866 bello
1012 824 1207 878 Trojano
1227 823 1390 878 po'effla
1410 823 1622 865 Germani

175 891 310 933 semel
331 896 464 946 atque
484 892 643 934 iterum
674 893 759 934 sub
791 891 984 934 Cornelii
1016 891 1205 945 Nepotis
1226 892 1400 934 nomine
1420 890 1621 943 divulga-

171 963 285 1001 runt.

791 1070 916 1112 Idem
936 1070 1006 1112 33.

230 1158 368 1209 Quod
408 1171 512 1201 vero
551 1159 788 1201 Britannos
828 1172 916 1201 una
955 1171 1056 1200 cum
1088 1157 1286 1200 Hercule
1317 1158 1363 1198 in
1395 1156 1621 1198 Hesiones

173 1231 306 1280 raptu
345 1225 524 1267 affuisse
555 1226 800 1279 colligatur,
831 1239 886 1267 ex
934 1226 1003 1267 his
1035 1225 1242 1275 Cornelii,
1272 1230 1323 1265 ut
1353 1224 1622 1273 existimant,

173 1293 366 1346 Nepotis
388 1294 601 1345 versibus,
631 1294 736 1334 dum
767 1293 941 1347 nuptias
959 1291 1212 1334 Telamonis
1232 1296 1276 1333 et
1297 1291 1523 1333 Hesiones
1545 1291 1622 1332 de-

175 1359 328 1400 scribit
350 1370 402 1399 11.
421 1359 492 1401 87.

457 1430 501 1467 et
517 1427 562 1466 in
584 1439 714 1468 aurea
733 1427 899 1480 pocula
919 1427 1005 1468 fusi

286 1492 478 1534 Invitant
499 1506 594 1534 sese
615 1494 780 1547 pateris
800 1495 927 1547 plebs
948 1493 1106 1543 mixta,
1131 1493 1345 1542 Britanni,
1367 1494 1447 1533 διο.

173 1559 312 1600 Plane
332 1559 556 1614 poeticum
575 1566 669 1602 est:
692 1564 735 1602 et
746 1562 863 1602 illius
883 1564 1106 1602 auctorem
1120 1574 1205 1601 non
1219 1560 1356 1600 fuisse
1371 1558 1620 1599 Cornelium

173 1626 407 1680 Nepotem,
438 1631 486 1669 ut
505 1627 711 1669 Germani
733 1628 900 1679 volunt,
932 1628 1007 1670 sed
1029 1628 1058 1669 J
1062 1627 1274 1681 osephum
1296 1627 1507 1668 Iscanum
1529 1626 1622 1666 sive

172 1693 481 1745 Exoniensem,
519 1695 710 1737 dilucide
740 1699 782 1737 et
811 1697 937 1750 quasi
968 1696 1217 1748 obsignatis
1248 1694 1407 1736 tabulis
1437 1693 1623 1746 probare

170 1773 371 1814 possum.
432 1762 598 1816 Utique
638 1763 715 1817 qui
750 1763 937 1804 Henrici
970 1764 1107 1804 nostri
1148 1761 1330 1804 secundi
1367 1764 1409 1802 et
1438 1759 1623 1801 Thomae

172 1827 501 1872 Cantuariensis
521 1830 864 1886 Archiepiscopi
884 1831 1142 1873 meminerit.

769 1989 896 2031 Idem
928 1990 1026 2031 160.

230 2073 328 2114 Nec
350 2076 431 2115 abs
453 2089 498 2117 re
519 2078 616 2128 erit,
647 2078 685 2119 si
707 2091 805 2132 quae
825 2078 855 2119 J
859 2078 1055 2132 osephus
1085 2080 1230 2118 noster
1252 2076 1438 2117 Iscanus
1458 2085 1545 2113 non
1568 2071 1621 2112 dc

171 2141 336 2192 populo
355 2141 497 2184 Poeta
514 2145 619 2185 olim
640 2145 684 2186 in
704 2159 788 2187 sua
808 2145 1112 2195 Antiocheide,
1130 2145 1175 2186 in
1196 2143 1434 2185 Arthurum
1452 2141 1624 2188 cecinit,

172 2207 244 2247 hic
267 2207 514 2263 adjungam.
573 2211 761 2265 [Versus
779 2213 916 2254 habes
936 2213 980 2254 in
1001 2212 1083 2253 fine
1103 2211 1322 2253 Notarum
1341 2208 1434 2260 ιιι]

772 2350 897 2392 Idem
923 2351 1023 2392 261.

230 2435 322 2477 Hic
344 2435 416 2476 ille
438 2439 505 2477 est
525 2436 700 2487 Scaeva,
732 2438 860 2491 cujus
883 2438 1021 2479 virtus
1041 2439 1084 2478 in
1104 2437 1223 2478 bello
1244 2434 1366 2476 civili
1388 2433 1622 2488 Dyrrachii

171 2502 414 2544 clarissime
436 2503 630 2554 emicuit,
654 2518 872 2559 quemque
892 2506 1069 2546 natione
1091 2505 1350 2545 Britannum
1370 2502 1507 2542 fuisse
1529 2500 1620 2541 Po-

171 2568 246 2610 'eta
266 2572 416 2610 noster
434 2569 463 2611 J
467 2570 658 2624 osephus
677 2572 722 2612 in
743 2570 1037 2613 Antiocheide
1056 2571 1217 2625 prodit,
1231 2569 1300 2610 his
1320 2568 1373 2609 de
1391 2567 1622 2609 Britannia

172 2635 398 2678 versibus:

285 2703 406 2744 Hinc
428 2707 472 2744 et
493 2704 652 2746 Scaeva
673 2710 812 2756 satus,
834 2719 936 2761 pars
957 2719 1044 2747 non
1067 2705 1257 2746 obscura
1279 2701 1491 2744 tumultus

285 2768 458 2819 Civilis,
479 2770 687 2824 Magnum
713 2774 833 2814 solus
855 2774 929 2827 qui
946 2773 1057 2814 mole
1080 2771 1226 2812 soluta

285 2835 490 2888 Obsedit,
512 2839 752 2894 meliorque
775 2841 896 2883 stetit
915 2853 993 2896 pro
1015 2840 1193 2882 Caesare
1216 2849 1379 2878 murus,
