1889 3194
575 307 638 337 DE
672 305 828 335 BELLO
861 302 1088 334 TROJANO
1122 303 1217 334 mn.
1251 303 1295 333 v.
1570 290 1653 333 511

204 400 503 456 Naupliadam
521 414 531 443 :
561 400 634 441 ille
655 399 792 454 queri,
813 397 945 440 caecis
965 396 1082 452 quod
1102 401 1225 438 nutet
1244 395 1427 438 habenis
1569 394 1658 436 285

202 470 460 524 Imperium,
483 468 601 523 quod
622 481 708 509 non
725 468 858 509 tantis
878 465 1057 507 inscitia
1077 465 1195 506 curis

204 537 446 578 Plisthenia
468 535 665 585 accedat,
686 535 805 588 quod
826 535 952 576 bellis
980 533 1153 585 segnior
1175 545 1300 580 usus,

203 603 424 656 Quodque
447 603 535 644 alio
555 602 679 643 miles
699 606 825 655 egeat
845 602 956 642 duce
976 616 984 641 :
1017 599 1186 652 singula
1206 604 1363 639 texens

203 670 420 724 Obliquat
440 670 667 724 proprium
688 670 830 710 meriti
852 669 998 718 decus,
1020 679 1155 716 arma,
1173 671 1372 719 paratus,

204 738 448 788 Excubias‚
469 738 690 787 consulta,
713 737 861 778 fidem.
920 736 994 776 Sic
1017 735 1178 776 anxius
1200 733 1338 775 ambit
1571 729 1657 772 290

203 804 461 858 Imperium,
482 817 630 846 caecus
652 805 845 853 nimium,
867 804 938 845 cui
959 803 1054 844 sola
1066 801 1253 855 jubendi

204 871 378 921 Gloria,
401 877 444 913 et
463 871 700 913 innumerae
722 871 896 912 veniant
915 883 1012 910 cum
1033 869 1228 923 principe
1249 870 1414 921 pestes.

262 938 484 979 Dissensu
505 938 628 979 vario
647 941 783 979 certat
801 937 953 978 favor:
984 936 1052 976 his
1072 948 1188 976 nova
1209 946 1380 987 semper

205 1004 348 1047 Grata
368 1005 523 1057 magis,
545 1005 794 1057 veterisque
808 1004 905 1058 jugi
925 1003 1103 1056 fastigia
1126 1002 1221 1043 tolli

206 1072 410 1114 Clamant
429 1085 439 1113 :
468 1075 537 1112 ast
558 1071 656 1112 aliis
676 1077 804 1112 notos
824 1075 1020 1111 mutasse
1041 1070 1289 1118 molestum,
1571 1065 1657 1107 295

205 1139 264 1181 Et
286 1140 464 1193 longum
487 1139 696 1180 didicisse
718 1151 885 1179 novos:
927 1138 1142 1178 sententia
1161 1136 1355 1177 nondum

206 1206 341 1248 Certa
367 1205 545 1256 ducum,
566 1205 753 1247 redeunt
775 1218 918 1255 enses,
940 1211 985 1246 et
1006 1217 1117 1258 pace
1138 1204 1315 1257 sepulta

205 1272 343 1314 Arma
358 1274 510 1314 iterum
533 1273 710 1326 rapiunt
729 1286 738 1310 :
771 1271 986 1325 conjectis
1009 1271 1201 1325 undique
1218 1271 1353 1323 signis

207 1339 387 1381 Collidit
407 1341 593 1381 Bellona
614 1340 756 1381 viros:
788 1339 887 1380 hinc
907 1338 1085 1379 Troilus
1108 1338 1272 1387 audax,

206 1406 545 1460 Fulmineusque
566 1406 754 1456 Hector,
775 1410 820 1446 et
840 1405 1145 1446 formidandus
1168 1406 1211 1446 in
1234 1404 1364 1446 armis
1574 1403 1659 1446 300

206 1474 403 1515 AEneas:
436 1473 581 1527 proles
602 1478 755 1514 contra
776 1476 984 1526 suspecta
1003 1472 1196 1513 Tonanti

206 1540 431 1589 AEacides‚
451 1540 607 1593 gemini
626 1539 816 1589 Atridae,
839 1539 1080 1592 Calydonis
1104 1539 1318 1589 alumnus,

211 1606 445 1648 Certantes
467 1612 631 1648 acuunt
650 1608 755 1648 iras.
809 1606 884 1647 Sic
906 1604 1070 1646 Auster
1090 1606 1134 1646 in
1155 1606 1320 1647 Arcton

216 1674 362 1723 Irruit,
380 1673 424 1714 in
444 1674 675 1728 Zephyros
697 1674 859 1723 Eurus,
877 1674 941 1714 sic
961 1673 1118 1714 AEolus
1140 1676 1277 1714 armat

206 1741 443 1795 Hybernas
465 1741 596 1791 acies,
618 1742 883 1795 AEtnaeaque
903 1739 1088 1781 fulmina
1110 1740 1259 1782 vincit.
1575 1739 1661 1781 305

263 1808 437 1849 Hector
458 1809 668 1849 continuo
687 1813 776 1849 tres
797 1807 945 1848 fundit
966 1807 1127 1858 Marte,
1150 1806 1322 1848 Bo'eten

207 1874 358 1924 Saxis,
381 1874 692 1916 Archilochum
715 1875 879 1927 gladio,
901 1875 1171 1916 Prothenora
1191 1875 1291 1916 telo.

210 1941 448 1995 Indignata
469 1942 630 1983 ducum
651 1944 790 1984 virtus
811 1943 901 1984 coit
922 1942 1064 1983 omnis
1084 1943 1128 1982 in
1148 1955 1297 1992 unum,

208 2008 357 2051 Unum
378 2022 527 2051 omnes
549 2010 776 2064 contisque
792 2015 1012 2064 premunt,
1034 2009 1282 2064 gladiisque
1299 2010 1535 2061 lacessunt,

861 2128 1003 2161 NOTAE

209 2191 324 2229 animi,
347 2195 382 2223 et
407 2191 545 2223 invidiae
570 2193 719 2232 plenum,
734 2191 854 2224 anteiri
871 2202 907 2224 se
961 2192 1052 2224 Vide
1069 2202 1117 2224 vr.
1133 2195 1186 2225 28.
1231 2193 1298 2225 Sed
1317 2193 1381 2224 ista
1397 2193 1514 2223 animis
1529 2192 1660 2224 eventi·

211 2252 230 2273 a
246 2241 384 2272 meliore
400 2241 487 2272 haud
504 2241 605 2273 facile
625 2242 766 2282 patitur.
801 2242 906 2273 Arist.
962 2242 1034 2273 lant
1050 2244 1095 2273 illi
1110 2245 1330 2283 φανητιῶντες,
1343 2242 1392 2274 καὶ
1404 2242 1659 2283 αὐτοχειροτόνη-

210 2301 252 2323 11.
271 2292 374 2322 Rhet.
392 2295 443 2322 10.
467 2290 580 2331 φθόνος
605 2290 676 2323 ἐστὶ
697 2291 781 2329 λύπη
797 2292 842 2322 ἐπ’
860 2292 909 2323 εὐ·
961 2303 1021 2332 τοι,
1046 2292 1096 2323 καὶ
1122 2293 1355 2333 σπουδαρχίδαι,
1381 2298 1419 2325 ut
1443 2294 1660 2325 nominantur

209 2340 328 2382 πραγίᾳ
356 2340 524 2383 φαινομένῃ
565 2340 633 2382 περὶ
670 2341 743 2373 τοὺς
777 2342 909 2380 ὁμοίους.
963 2342 1005 2373 ab
1023 2343 1154 2373 Isidoro
1171 2343 1356 2375 Pelusiota.

209 2392 298 2422 Vide
316 2391 411 2432 plura
429 2391 524 2423 inibi.
1006 2395 1068 2424 *293
1094 2393 1158 2424 His
1183 2403 1261 2424 nova
1280 2403 1397 2433 semper
1416 2394 1519 2425 Grata
1540 2393 1660 2434 magis]

254 2443 318 2472 289
343 2441 491 2481 Obliquat
517 2441 623 2472 meriti
645 2440 751 2481 decus]
777 2442 836 2472 Est
853 2440 910 2472 ob·
962 2443 1133 2482 Grapliice
1151 2443 1336 2473 animorum
1351 2444 1423 2474 inas
1436 2448 1660 2484 tempestates

210 2491 300 2532 lique
331 2491 469 2531 ingerit.
527 2491 586 2522 Sic
616 2500 668 2522 lv·
699 2491 742 2522 de
773 2492 909 2531 Ulysse,
962 2492 1129 2532 depingit,
1141 2497 1274 2523 secutus
1290 2492 1470 2532 Papinium
1484 2501 1538 2523 ιιι.
1555 2492 1661 2523 Theb.

236 2541 357 2572 doctus
374 2540 560 2581 Obliquare
577 2540 695 2571 dolos.’
719 2541 841 2582 Papin.
855 2550 910 2571 ιιι.
959 2542 968 2558 ‘
988 2543 1032 2573 Et
1055 2541 1112 2580 qui
1135 2551 1212 2572 mox
1236 2542 1370 2582 populis
1394 2547 1554 2573 venturus
1570 2551 1661 2572 ama-

210 2593 315 2624 Tbeb.
330 2597 338 2610 ‘
354 2592 583 2633 Obliquatque
595 2592 737 2633 preces,’
749 2602 783 2625 v.
800 2593 908 2624 Theb.
957 2592 1036 2631 tur‚'
1052 2595 1115 2624 διο.

211 2643 484 2684 ‘obliquumque
500 2653 517 2674 a
535 2640 633 2684 patre
648 2653 752 2684 genus
764 2642 785 2682 ;’
809 2642 909 2683 νόθον,
1002 2645 1063 2673 301
1102 2642 1210 2672 Proles
1233 2645 1374 2682 suspecta
1415 2642 1549 2674 Tonanti
1583 2643 1661 2675 AEa-

212 2693 339 2724 νοθεῖον.
392 2693 481 2724 Vide
511 2693 608 2733 plura
639 2694 728 2733 apud
761 2693 909 2733 Gasper.
963 2693 1061 2733 eides]
1105 2692 1189 2723 Dixi
1206 2702 1230 2724 1.
1247 2695 1321 2723 336.
1337 2695 1467 2724 11.57-1.

213 2742 412 2774 Gevartium
429 2743 551 2783 Papin.
566 2743 665 2775 lectt.
681 2744 721 2774 ad
738 2744 829 2784 Sylv.
840 2752 863 2774 1.
879 2746 910 2774 2.
1008 2745 1071 2774 308
1097 2743 1169 2773 Coit
1187 2744 1284 2774 omnis
1300 2743 1332 2774 in
1345 2753 1449 2779 unum,
1474 2743 1577 2774 Unum
1598 2754 1661 2775 om-

255 2794 313 2823 291
344 2793 405 2824 Cui
424 2794 488 2824 sola
502 2792 635 2831 jubendi
657 2793 780 2833 Gloria,
805 2797 836 2824 et
861 2794 909 2824 in·
963 2802 1027 2830 MS,
1050 2792 1118 2833 ism]
1151 2793 1206 2824 Ita
1235 2793 1357 2833 Papin.
1382 2792 1426 2825 de
1450 2792 1581 2834 Tydeo,
1607 2802 1661 2825 lx.

213 2851 348 2873 numeroe
377 2843 500 2876 veniant
529 2853 598 2875 cum
632 2844 770 2885 principe
796 2842 913 2885 pestes]
964 2845 973 2862 ‘
999 2844 1110 2876 Unum
1147 2845 1238 2877 acies
1276 2844 1403 2876 circum
1437 2845 1662 2885 consumitur,
