1889 3194
507 336 654 368 Jos1AE
687 334 910 366 mancam
941 333 1085 366 NOTAE
1118 335 1170 365 1N
1205 336 1303 366 ΜΒ.
1337 336 1369 366 1.
1583 324 1669 367 583

225 426 357 459 Phineo
373 426 540 469 Agenoris
564 429 725 471 originem
749 429 920 471 propriam

225 478 388 509 memoria
425 479 650 519 repetebant!
693 478 725 511 A
755 489 822 521 quo
860 488 922 519 per

225 525 326 558 filiam
342 527 508 568 Trojanos
533 537 628 568 reges
644 533 760 559 noster
784 527 923 558 deducit

225 576 247 606 1.
265 584 321 607 tu.
337 581 372 607 et
387 586 439 608 iv.
467 576 560 608 Leda
572 577 700 608 Thestii
712 577 793 618 filia,
806 577 922 608 Hecu-

226 624 270 655 ba
282 625 464 664 Dymantis
480 625 630 657 Homero
644 631 680 658 et
692 633 828 665 nostro;
849 626 922 657 aliis

227 675 357 706 Cissei:
381 676 439 707 sed
457 677 478 707 ii
502 686 545 707 an
568 686 588 707 a
611 676 741 709 Phineo
757 686 797 708 ac
821 677 922 708 Phoe·

225 724 314 760 nice,
331 725 411 756 mihi
428 735 493 756 non
506 727 624 766 liquet.

268 774 320 805 An
327 775 502 815 pomarum]
518 776 628 816 Vulgo
638 775 822 815 addebant,
833 776 842 793 ‘
854 784 922 806 me-

226 822 288 858 tu,’
303 824 394 864 quod
412 824 509 856 abest
535 824 578 855 ab
604 831 748 866 utroque
775 825 842 856 Ms.
858 835 922 857 nec

225 872 348 904 desunt
362 875 518 915 exempla
541 875 573 904 in
591 875 762 905 veteribus
778 875 922 914 scripto·

224 923 316 954 ribus
350 925 419 965 ejus
459 925 652 964 locutionis,
681 936 748 967 qua
783 926 922 956 diversis

224 974 516 1005 enuntiationibus
541 975 640 1006 unica
667 976 837 1015 particula
863 985 922 1015 ap-

224 1029 327 1060 tatur,
354 1026 506 1065 quamvis
530 1027 628 1057 alteri
652 1027 760 1056 minus
785 1026 923 1066 proprie

224 1080 411 1114 congruat:
437 1080 536 1106 notus
559 1080 611 1107 est
638 1077 732 1107 locus
747 1076 921 1114 B.Pauli;

224 1123 406 1155 κωλυόντων
416 1126 540 1165 γαμεῖν,
556 1124 728 1164 ἀπέχεσθαι
744 1124 923 1165 βρωμάτων,

225 1175 291 1204 διο.

267 1224 285 1263 §
302 1226 343 1254 10
365 1224 490 1255 Bonum
513 1225 666 1265 publicum
687 1229 827 1257 materna
847 1235 923 1265 gra-

224 1271 286 1311 tia]
310 1273 360 1303 Ex
376 1273 515 1305 Sallust.
530 1274 692 1314 Jugurth.
709 1276 719 1292 ‘
734 1275 782 1305 ita
798 1275 923 1306 bonum

224 1320 408 1360 publicum,
435 1322 484 1353 nti
515 1323 547 1353 in
577 1324 750 1364 plerisque
778 1324 924 1364 negotiis

222 1370 320 1407 solet,
335 1371 470 1410 privata
486 1372 596 1411 gratia
612 1372 808 1404 devictum.’

266 1421 283 1459 ξ
302 1422 340 1450 14
366 1420 445 1455 Quoe
460 1430 499 1451 ex
515 1421 650 1452 Chirone
664 1422 840 1462 dicebatur]
866 1422 924 1453 Ita

223 1468 350 1500 diserte
366 1470 443 1500 libri
457 1471 575 1502 nostri.
608 1471 790 1501 Thetidem
803 1470 923 1502 Chiro-

222 1519 275 1550 nis
298 1519 401 1550 etiam
424 1520 551 1550 adserit
567 1520 590 1550 l.
607 1529 656 1551 vr.
679 1521 767 1561 quod
793 1525 829 1551 et
852 1521 923 1560 ple-

222 1568 320 1609 rique
339 1573 490 1599 veterum
514 1568 746 1607 crediderunt,
767 1573 803 1600 et
823 1569 865 1600 ab
882 1570 922 1600 iis

221 1617 373 1649 Joannes
402 1619 566 1649 Tzetzes:
583 1617 645 1649 *Ων
673 1618 845 1658 Ἀχιλλεὺς
865 1620 924 1656 τῆς

223 1667 350 1700 Θέτιδος
371 1667 422 1699 καὶ
442 1670 500 1699 τοῦ
520 1667 649 1706 Πηλέως
667 1668 775 1708 γόνος,
798 1669 843 1700 Οὐ
865 1670 923 1706 τῆς

222 1717 381 1755 θαλάττης
403 1717 542 1758 Θέτιδος,
568 1718 654 1749 ἀλλὰ
679 1718 762 1750 τινὸς
783 1718 921 1757 γυναίου,

212 1765 317 1807 ’Ἧπερ
337 1766 376 1805 ἣν
398 1767 450 1799 καὶ
473 1766 638 1808 θυγάτριον
656 1767 808 1808 Χείρωνος
829 1774 922 1808 φιλο-

221 1816 333 1858 σόφου.
377 1818 445 1849 Sed
473 1818 571 1858 dixit,
591 1820 600 1835 ‘
616 1828 692 1859 quae
718 1818 921 1859 dicebatur:

220 1873 363 1908 propter
386 1869 557 1909 vulgatam
583 1868 721 1908 famam,
748 1878 820 1900 eam
845 1877 921 1899 esse

221 1918 342 1957 Nerei,
357 1922 509 1959 utsupra
531 1919 574 1949 de
599 1918 742 1958 Helena,
760 1920 769 1936 ‘
787 1919 922 1959 Tynda-

221 1966 283 2004 rei,
299 1976 341 1997 ex
357 1976 423 2008 qua
438 1967 512 2008 ipsa
530 1967 647 2007 genita
663 1967 862 1999 videretur!

261 2016 434 2048 Medicinae
463 2017 558 2056 artis]
591 2017 646 2047 Ita
676 2017 805 2048 diserte
842 2017 921 2049 libri

219 2066 338 2101 nostri,
351 2075 417 2096 non
432 2066 442 2084 ⁴
458 2065 622 2097 medicaess
655 2067 725 2105 Sic,
738 2072 829 2098 terra
848 2068 920 2099 Ita-

219 2116 279 2153 lia,
295 2116 416 2146 mulier
433 2116 610 2155 meretrix,
625 2120 764 2147 senecta
776 2121 874 2155 aetas,
886 2122 922 2148 et

221 2165 288 2195 alia
304 2164 484 2204 ejusmodi.

265 2214 448 2245 Conditione
463 2214 584 2254 praelii]
602 2213 660 2245 Ita
675 2213 762 2245 libri.
797 2214 921 2246 Abuti-

221 2268 278 2295 tur
300 2263 427 2304 ubique
457 2269 575 2294 noster
603 2263 743 2294 vocibus
773 2263 854 2295 belli
885 2270 920 2296 et

220 2312 342 2354 praelii,
356 2316 476 2344 contra
499 2312 729 2352 proprietates
746 2313 919 2354 utriusque

219 2362 361 2393 nominis
378 2367 414 2392 et
430 2359 639 2392 differentias
656 2370 737 2393 vere
752 2367 885 2394 notatas
900 2373 920 2394 a

220 2411 458 2452 grammatici&
503 2410 608 2447 Infra,
641 2412 651 2428 ‘
668 2412 790 2443 Paucis
821 2413 919 2445 clade

218 2462 302 2493 belli
338 2462 412 2502 ejus
446 2461 667 2501 expertibus,’
705 2471 767 2501 pro
797 2463 920 2502 praelii.

216 2512 321 2551 Item,
332 2517 340 2530 ·
357 2512 463 2543 dilato
473 2511 724 2543 conditionibus
736 2511 770 2542 in
785 2516 918 2554 tempus

219 2561 334 2594 bello.'

260 2613 279 2652 §
308 2614 347 2642 15
388 2609 565 2649 Thestoris]
600 2610 659 2641 Ita
685 2609 916 2648 scribendum,

216 2670 284 2692 non
305 2665 314 2679 ¹
333 2659 513 2700 Nestoris,'
528 2660 681 2701 quamvis
704 2661 918 2692 reclamanti·

216 2710 278 2740 bus
308 2710 466 2750 imperite
496 2709 650 2740 omnibus
679 2709 786 2740 libris.
831 2711 914 2742 Mox

218 2764 314 2791 recte
327 2760 404 2790 libri
421 2764 570 2798 veteres,
587 2760 753 2791 Exectum.

260 2811 333 2850 §17
361 2808 584 2849 contraxerat]
614 2809 670 2841 Ita
699 2813 796 2841 recte
820 2809 913 2849 libri,

972 438 1074 470 opere
1096 429 1272 470 praecipue
1297 428 1483 460 Homerum
1505 429 1670 469 sequitur,

972 477 1266 519 adhibitojudicio
1288 487 1330 509 ea
1343 483 1478 509 mutans
1495 487 1570 518 quae
1585 477 1669 510 ferri

971 537 1038 559 non
1054 537 1152 568 posse
1177 527 1336 566 credidit,
1362 529 1410 558 ita
1437 527 1613 568 praecipue
1635 529 1670 559 in

971 578 1129 618 catalogo
1145 577 1278 608 navium
1295 583 1330 609 et
1354 578 1553 608 recensione
1576 578 1671 609 auxi-

971 628 1091 660 liorum
1114 628 1338 668 Trojanorum
1354 627 1427 668 ejus
1449 627 1599 667 vestigiis
1623 627 1671 658 in-

972 677 1073 715 sistit,
1102 677 1257 717 exceptis
1289 686 1364 716 quae
1392 676 1447 707 hic
1480 675 1513 706 in
1536 675 1604 706 tine
1626 676 1670 708 de

970 727 1193 765 Thersandro,
1201 727 1310 766 Epeo,
1320 726 1520 764 Calchante,
1530 726 1670 766 Mopso:

972 786 1032 807 nos
1056 777 1128 807 ha‘e
1152 776 1263 807 omnia
1293 780 1395 807 antea
1415 776 1670 816 corruptissima.

972 824 1071 856 fidem
1093 826 1179 857 Mss.
1196 826 1304 856 secuti
1323 825 1543 857 restituimus.

1016 875 1190 915 Elephenor
1204 884 1244 905 ex
1261 875 1378 905 Enboea
1393 875 1544 914 triginta]
1569 873 1610 905 In
1631 873 1672 904 li-

972 923 1063 956 bris:
1100 926 1110 942 ‘
1127 924 1326 955 Mnestheus
1361 933 1403 954 ex
1434 922 1579 954 Athenis
1615 926 1671 954 61.

973 974 1167 1013 Elephenor
1184 983 1225 1003 ex
1247 973 1390 1008 Euboea,
1409 972 1494 1013 Ajax
1513 973 1672 1004 Telamo-

972 1023 1046 1054 nius
1061 1023 1230 1054 Salamina
1246 1022 1309 1054 12!
1332 1022 1461 1060 Scribe,
1477 1025 1487 1040 ⁴
1507 1032 1550 1053 ex
1566 1021 1672 1053 Athe-

972 1074 1023 1104 nis
1049 1074 1316 1114 quinquaginta3
1341 1073 1568 1114 quadraginta
1591 1073 1670 1104 Ele-

973 1124 1102 1164 phenor
1113 1133 1156 1154 ex
1170 1123 1319 1154 Euboea:
1342 1122 1432 1163 Ajax
1444 1123 1484 1154 Τ.
1497 1122 1561 1153 12.’
1586 1123 1671 1154 Con-

973 1174 1067 1205 venit
1082 1183 1158 1205 cum
1174 1173 1337 1213 Homero,
1350 1178 1388 1204 ut
1400 1173 1558 1204 diximus.

1015 1223 1172 1254 Prothous
1191 1221 1342 1262 Magnes]
1366 1222 1422 1254 Ita
1443 1221 1672 1261 scribendum,

972 1281 1039 1303 non
1066 1273 1075 1289 ‘
1093 1273 1242 1310 Manus‚'
1265 1272 1355 1312 quod
1382 1276 1435 1302 est
1459 1271 1493 1302 in
1518 1271 1672 1302 omnibus

972 1321 1075 1352 editis
1101 1326 1138 1352 et
1158 1322 1295 1361 scriptis
1320 1321 1439 1351 libris:
1463 1330 1529 1352 non
1552 1320 1637 1352 dicit
1653 1330 1672 1352 e

973 1372 1165 1412 Magnesia,
1182 1371 1263 1412 quia
1289 1371 1381 1412 apud
1407 1371 1596 1402 Homerum
1623 1371 1673 1402 in-

973 1423 1067 1451 venit
1083 1421 1266 1460 Magnetes
1290 1421 1479 1452 nominatos
1504 1425 1541 1451 et
1562 1420 1673 1459 desig-

973 1474 1071 1500 natos
1096 1479 1115 1500 a
1127 1469 1253 1500 'vicinia
1269 1469 1377 1500 Penei
1392 1468 1539 1500 fluminis
1555 1475 1591 1501 et
1607 1470 1673 1501 Pe-

972 1520 1008 1550 lii
1022 1519 1157 1559 montis,
1169 1529 1235 1550 non
1257 1520 1438 1560 appellatis
1452 1519 1672 1551 civitatibus:

973 1568 1150 1608 Μαγνήτων
1169 1569 1193 1599 δ’
1219 1567 1301 1608 ’ἦρχε
1322 1568 1457 1609 Πρόθοος
1470 1567 1674 1609 Τενθρηδόνος

972 1619 1048 1659 υἱὸς,
1063 1619 1103 1651 Οἳ
1116 1619 1185 1659 περὶ
1209 1619 1340 1656 Πηνειὸν
1354 1618 1406 1650 καὶ
1427 1618 1548 1655 Πήλιον
1563 1618 1673 1650 εἶνοσί·

973 1674 1098 1708 φυλλον
1123 1667 1289 1700 Nasamon.
1331 1667 1401 1699 Sed
1429 1672 1465 1698 et
1498 1667 1673 1699 veteribus

972 1720 1020 1750 ita
1029 1718 1146 1750 solitus
1161 1718 1312 1757 insigniri
1324 1717 1509 1748 Prothous.
1531 1716 1676 1757 Apollo-

972 1767 1073 1799 dorus
1097 1767 1186 1807 apud
1214 1767 1384 1798 Isacium:
1410 1765 1542 1805 Μάγνης
1564 1766 1673 1807 oripo·

972 1820 1041 1849 θοος
1053 1818 1085 1848 ἐν
1096 1816 1213 1858 Εὐβοίᾳ
1222 1816 1291 1857 περὶ
1298 1815 1355 1848 τὸν
1365 1816 1511 1857 Καφηρέα
1521 1816 1579 1848 σὺν
1593 1823 1674 1848 πολ-

972 1868 1040 1898 λοῖς
1053 1866 1169 1906 ἑτέροις
1181 1865 1417 1906 διαφθείρονται.

1015 1916 1138 1954 Rhodo,
1175 1915 1304 1956 aliisque
1329 1915 1413 1946 circa
1442 1924 1509 1946 eam
1543 1914 1672 1954 insulis]

970 1966 1079 1997 Immo
1094 1976 1114 1996 e
1130 1965 1249 1996 Rhodo
1275 1965 1367 1996 sola:
1394 1974 1470 1995 nam
1494 1974 1536 1995 ex
1553 1964 1674 1995 insulis

970 2015 1090 2046 vicinis
1106 2014 1277 2055 Antiphus
1297 2019 1333 2045 et
1350 2014 1540 2054 Phidippus
1562 2014 1673 2044 Hera·

971 2064 1073 2096 clidae
1094 2065 1245 2095 delectos
1269 2064 1393 2095 milites
1419 2063 1559 2094 duxere.
1604 2064 1673 2094 Sed

971 2114 1050 2154 quia
1076 2113 1248 2145 Homerus
1273 2112 1429 2151 Lindum,
1450 2112 1610 2153 Ialysum,
1634 2116 1672 2143 et

971 2163 1140 2194 Camirum
1157 2163 1356 2201 nominavit,
1370 2171 1447 2203 quae
1469 2166 1539 2193 tres
1561 2161 1674 2192 Rhodi

970 2212 1082 2243 tribus
1097 2212 1167 2243 sive
1185 2212 1358 2251 civitates,
1381 2210 1530 2242 credidit
1545 2210 1674 2242 Noster

970 2261 1185 2292 aliasinsulas
1199 2260 1384 2292 recenseri.
1407 2260 1490 2290 Mox
1505 2269 1567 2300 pro
1583 2264 1673 2298 octo,

971 2312 1061 2343 volui
1077 2312 1217 2347 editum,
1235 2319 1367 2346 novem,
1390 2314 1428 2341 ut
1450 2310 1484 2340 in
1507 2310 1672 2349 Homero,

970 2366 1006 2392 et
1022 2361 1056 2391 in
1073 2366 1218 2401 utroque
1236 2360 1304 2391 Ms.

1014 2410 1194 2450 Eurypylus
1211 2408 1392 2449 Ormenius]
1416 2409 1472 2440 Ita
1487 2409 1608 2450 scripsi
1628 2419 1672 2440 ex

971 2457 1135 2489 Homero.
1159 2459 1168 2475 ‘
1182 2457 1447 2489 Orchomenius’
1464 2462 1538 2489 erat
1552 2459 1586 2489 in
1601 2469 1672 2490 om·

969 2508 1068 2539 nibus
1083 2507 1190 2542 libris,
1203 2512 1241 2538 ut
1256 2512 1293 2538 et
1308 2517 1423 2547 supra.
1462 2508 1546 2539 Mox
1573 2517 1616 2539 ex
1630 2509 1670 2539 li-

968 2558 1039 2589 bris
1055 2557 1158 2596 edidi,
1169 2561 1177 2574 ‘
1195 2557 1339 2588 Guneus
1353 2556 1574 2588 Perrhaebis?
1598 2558 1671 2589 Ho-

968 2617 1103 2638 merus:
1133 2605 1262 2638 Γουνεὺς
1287 2607 1313 2636 δ’
1340 2607 1376 2637 ἐκ
1397 2606 1506 2645 Κύφου
1526 2605 1587 2646 ἥγε
1608 2607 1669 2639 δύω

967 2655 1018 2687 καὶ
1041 2655 1142 2687 εἴκοσι
1165 2657 1249 2692 νῆας·
1269 2656 1321 2694 Τῷ
1344 2655 1369 2686 δ’
1395 2655 1529 2692 Ἐνιῆνες
1544 2655 1669 2698 ἕποντο,

964 2705 1194 2745 μενεπτόλεμοί
1208 2717 1245 2736 τε
1258 2705 1415 2747 Περαιβοί.

1009 2757 1065 2787 Ex
1093 2756 1206 2787 insulis
1233 2755 1447 2796 congregatis]
1484 2755 1540 2787 Ita
1568 2755 1666 2788 libri:

964 2805 1127 2846 intelligit
1155 2815 1213 2836 eas
1240 2814 1315 2845 quae
1339 2805 1374 2835 in
1399 2804 1541 2837 Homeri
1567 2806 1667 2837 Cata-

217 2869 282 2892 non
304 2864 554 2892 construxerat.
598 2859 708 2891 Porro
730 2863 770 2891 ut
788 2859 821 2892 in
838 2864 911 2893 toto
961 2856 1052 2896 logo,
1078 2854 1257 2896 Nisyrum,
1287 2854 1511 2896 Carpathum,
1532 2855 1668 2896 Casum,
