<?xml version="1.0" encoding="UTF-8"?>
<!DOCTYPE html PUBLIC "-//W3C//DTD XHTML 1.0 Transitional//EN"
    "http://www.w3.org/TR/xhtml1/DTD/xhtml1-transitional.dtd">
<html xmlns="http://www.w3.org/1999/xhtml" xml:lang="en" lang="en">
 <head>
  <title>
</title>
<meta http-equiv="Content-Type" content="text/html;charset=utf-8" />
  <meta name='ocr-system' content='tesseract 3.04.00' />
  <meta name='ocr-capabilities' content='ocr_page ocr_carea ocr_par ocr_line ocrx_word'/>
</head>
<body>
  <div class='ocr_page' id='page_1' title='image "./dictyscretensise02dictuoft_0174.png"; bbox 0 0 1889 3194; ppageno 0'>
   <div class='ocr_carea' id='block_1_1' title="bbox 303 357 1221 398">
    <p class='ocr_par' dir='ltr' id='par_1_1' title="bbox 303 357 1221 398">
     <span class='ocr_line' id='line_1_1' title="bbox 303 357 1221 398; baseline -0.005 0"><span class='ocrx_word' id='word_1_1' title='bbox 303 357 387 398; x_wconf 75' lang='lat'>516</span> <span class='ocrx_word' id='word_1_2' title='bbox 822 365 1022 396; x_wconf 73' lang='lat' dir='ltr'>JOSEPHI</span> <span class='ocrx_word' id='word_1_3' title='bbox 1057 364 1221 394; x_wconf 64' lang='lat' dir='ltr'>lscAm</span> 
     </span>
    </p>
   </div>
   <div class='ocr_carea' id='block_1_2' title="bbox 295 456 1749 1979">
    <p class='ocr_par' dir='ltr' id='par_1_2' title="bbox 295 456 1749 1979">
     <span class='ocr_line' id='line_1_2' title="bbox 302 456 1516 514; baseline -0.001 -12"><span class='ocrx_word' id='word_1_4' title='bbox 302 461 390 502; x_wconf 90' lang='lat' dir='ltr'>His</span> <span class='ocrx_word' id='word_1_5' title='bbox 411 472 584 510; x_wconf 83' lang='lat' dir='ltr'>manus,</span> <span class='ocrx_word' id='word_1_6' title='bbox 604 459 674 500; x_wconf 80' lang='lat' dir='ltr'>his</span> <span class='ocrx_word' id='word_1_7' title='bbox 696 460 821 499; x_wconf 84' lang='lat' dir='ltr'>nutat</span> <span class='ocrx_word' id='word_1_8' title='bbox 840 457 1057 506; x_wconf 80' lang='lat' dir='ltr'><strong>humerus,</strong></span> <span class='ocrx_word' id='word_1_9' title='bbox 1075 469 1176 510; x_wconf 87' lang='lat' dir='ltr'>pars</span> <span class='ocrx_word' id='word_1_10' title='bbox 1196 456 1370 499; x_wconf 83' lang='lat' dir='ltr'>viscera</span> <span class='ocrx_word' id='word_1_11' title='bbox 1390 458 1516 514; x_wconf 84' lang='lat' dir='ltr'>lapsa</span> 
     </span>
     <span class='ocr_line' id='line_1_3' title="bbox 300 523 1394 578; baseline -0.002 -10"><span class='ocrx_word' id='word_1_12' title='bbox 300 527 504 576; x_wconf 82' lang='lat' dir='ltr'><strong>Labitur,</strong></span> <span class='ocrx_word' id='word_1_13' title='bbox 526 539 578 567; x_wconf 87' lang='lat' dir='ltr'>ac</span> <span class='ocrx_word' id='word_1_14' title='bbox 600 526 806 566; x_wconf 88' lang='lat' dir='ltr'>manibus</span> <span class='ocrx_word' id='word_1_15' title='bbox 827 524 970 564; x_wconf 87' lang='lat' dir='ltr'>nitens</span> <span class='ocrx_word' id='word_1_16' title='bbox 993 536 1091 564; x_wconf 90' lang='lat' dir='ltr'>sese</span> <span class='ocrx_word' id='word_1_17' title='bbox 1113 524 1242 578; x_wconf 91' lang='lat' dir='ltr'>eripit</span> <span class='ocrx_word' id='word_1_18' title='bbox 1262 523 1394 566; x_wconf 88' lang='lat' dir='ltr'>hosti.</span> 
     </span>
     <span class='ocr_line' id='line_1_4' title="bbox 300 590 1451 646; baseline -0.002 -11"><span class='ocrx_word' id='word_1_19' title='bbox 300 595 419 636; x_wconf 88' lang='lat' dir='ltr'>Hinc</span> <span class='ocrx_word' id='word_1_20' title='bbox 442 594 637 646; x_wconf 86' lang='lat' dir='ltr'>capitum</span> <span class='ocrx_word' id='word_1_21' title='bbox 660 593 805 644; x_wconf 82' lang='lat' dir='ltr'>largus</span> <span class='ocrx_word' id='word_1_22' title='bbox 827 593 998 643; x_wconf 78' lang='lat' dir='ltr'>stagnat</span> <span class='ocrx_word' id='word_1_23' title='bbox 1019 603 1161 640; x_wconf 87' lang='lat' dir='ltr'>cruor,</span> <span class='ocrx_word' id='word_1_24' title='bbox 1182 590 1284 632; x_wconf 88' lang='lat' dir='ltr'>inde</span> <span class='ocrx_word' id='word_1_25' title='bbox 1305 591 1451 633; x_wconf 84' lang='lat' dir='ltr'>relicti</span> 
     </span>
     <span class='ocr_line' id='line_1_5' title="bbox 299 657 1746 711; baseline -0.001 -10"><span class='ocrx_word' id='word_1_26' title='bbox 299 662 351 702; x_wconf 92' lang='lat' dir='ltr'>ln</span> <span class='ocrx_word' id='word_1_27' title='bbox 374 661 590 701; x_wconf 87' lang='lat' dir='ltr'>cumulum</span> <span class='ocrx_word' id='word_1_28' title='bbox 612 662 788 710; x_wconf 80' lang='lat' dir='ltr'>surgunt</span> <span class='ocrx_word' id='word_1_29' title='bbox 810 657 967 707; x_wconf 86' lang='lat' dir='ltr'>trunci,</span> <span class='ocrx_word' id='word_1_30' title='bbox 986 670 1229 711; x_wconf 90' lang='lat' dir='ltr'>currusque</span> <span class='ocrx_word' id='word_1_31' title='bbox 1251 659 1488 700; x_wconf 84' lang='lat' dir='ltr'>retardant.</span> <span class='ocrx_word' id='word_1_32' title='bbox 1660 658 1746 700; x_wconf 80' lang='lat'>375</span> 
     </span>
     <span class='ocr_line' id='line_1_6' title="bbox 300 724 1446 780; baseline -0.003 -11"><span class='ocrx_word' id='word_1_33' title='bbox 300 729 409 780; x_wconf 89' lang='lat' dir='ltr'>Ipse</span> <span class='ocrx_word' id='word_1_34' title='bbox 431 740 508 767; x_wconf 89' lang='lat' dir='ltr'>nec</span> <span class='ocrx_word' id='word_1_35' title='bbox 530 726 731 780; x_wconf 86' lang='lat' dir='ltr'>hybernis</span> <span class='ocrx_word' id='word_1_36' title='bbox 752 724 945 771; x_wconf 83' lang='lat' dir='ltr'>nivibus,</span> <span class='ocrx_word' id='word_1_37' title='bbox 966 736 1048 766; x_wconf 89' lang='lat' dir='ltr'>nec</span> <span class='ocrx_word' id='word_1_38' title='bbox 1069 725 1277 777; x_wconf 82' lang='lat' dir='ltr'>grandine</span> <span class='ocrx_word' id='word_1_39' title='bbox 1297 737 1446 775; x_wconf 87' lang='lat' dir='ltr'>verna,</span> 
     </span>
     <span class='ocr_line' id='line_1_7' title="bbox 299 790 1390 846; baseline -0.002 -11"><span class='ocrx_word' id='word_1_40' title='bbox 299 795 398 835; x_wconf 90' lang='lat' dir='ltr'>Nec</span> <span class='ocrx_word' id='word_1_41' title='bbox 416 795 534 846; x_wconf 83' lang='lat' dir='ltr'>riguo</span> <span class='ocrx_word' id='word_1_42' title='bbox 557 795 710 845; x_wconf 87' lang='lat' dir='ltr'>pastus</span> <span class='ocrx_word' id='word_1_43' title='bbox 731 791 893 831; x_wconf 86' lang='lat' dir='ltr'>Simois</span> <span class='ocrx_word' id='word_1_44' title='bbox 914 790 1265 833; x_wconf 82' lang='lat' dir='ltr'><strong>Thaumantidos</strong></span> <span class='ocrx_word' id='word_1_45' title='bbox 1287 805 1390 833; x_wconf 87' lang='lat' dir='ltr'>arcu</span> 
     </span>
     <span class='ocr_line' id='line_1_8' title="bbox 299 858 1335 914; baseline -0.001 -13"><span class='ocrx_word' id='word_1_46' title='bbox 299 860 500 914; x_wconf 87' lang='lat' dir='ltr'>Majores</span> <span class='ocrx_word' id='word_1_47' title='bbox 520 860 703 900; x_wconf 87' lang='lat' dir='ltr'>miratur</span> <span class='ocrx_word' id='word_1_48' title='bbox 723 870 882 911; x_wconf 77' lang='lat' dir='ltr'>aquaS,</span> <span class='ocrx_word' id='word_1_49' title='bbox 904 862 950 899; x_wconf 88' lang='lat' dir='ltr'>et</span> <span class='ocrx_word' id='word_1_50' title='bbox 970 858 1184 910; x_wconf 86' lang='lat' dir='ltr'>sanguine</span> <span class='ocrx_word' id='word_1_51' title='bbox 1207 864 1335 911; x_wconf 89' lang='lat' dir='ltr'>rapto</span> 
     </span>
     <span class='ocr_line' id='line_1_9' title="bbox 297 924 1403 978; baseline -0.002 -11"><span class='ocrx_word' id='word_1_52' title='bbox 297 926 540 967; x_wconf 87' lang='lat' dir='ltr'>Dissimilis</span> <span class='ocrx_word' id='word_1_53' title='bbox 561 924 672 966; x_wconf 86' lang='lat' dir='ltr'>redit</span> <span class='ocrx_word' id='word_1_54' title='bbox 691 925 735 965; x_wconf 92' lang='lat' dir='ltr'>in</span> <span class='ocrx_word' id='word_1_55' title='bbox 757 925 942 978; x_wconf 84' lang='lat' dir='ltr'>pelagus</span> <span class='ocrx_word' id='word_1_56' title='bbox 963 939 972 965; x_wconf 74' lang='grc' dir='ltr'><strong><em>ε</em></strong></span> <span class='ocrx_word' id='word_1_57' title='bbox 1003 925 1225 967; x_wconf 86' lang='lat' dir='ltr'>venientia</span> <span class='ocrx_word' id='word_1_58' title='bbox 1245 925 1403 967; x_wconf 89' lang='lat' dir='ltr'>Triton</span> 
     </span>
     <span class='ocr_line' id='line_1_10' title="bbox 298 988 1746 1045; baseline -0.003 -11"><span class='ocrx_word' id='word_1_59' title='bbox 298 994 483 1042; x_wconf 79' lang='lat' dir='ltr'><strong>Funera,</strong></span> <span class='ocrx_word' id='word_1_60' title='bbox 505 998 549 1033; x_wconf 88' lang='lat' dir='ltr'>et</span> <span class='ocrx_word' id='word_1_61' title='bbox 572 992 803 1045; x_wconf 83' lang='lat' dir='ltr'>expallens</span> <span class='ocrx_word' id='word_1_62' title='bbox 820 992 965 1032; x_wconf 86' lang='lat' dir='ltr'>horret</span> <span class='ocrx_word' id='word_1_63' title='bbox 985 991 1152 1037; x_wconf 88' lang='lat' dir='ltr'>Thetis,</span> <span class='ocrx_word' id='word_1_64' title='bbox 1175 992 1322 1033; x_wconf 83' lang='lat' dir='ltr'>omnia</span> <span class='ocrx_word' id='word_1_65' title='bbox 1338 992 1516 1040; x_wconf 85' lang='lat' dir='ltr'>lustrat,</span> <span class='ocrx_word' id='word_1_66' title='bbox 1659 988 1746 1031; x_wconf 81' lang='lat'>380</span> 
     </span>
     <span class='ocr_line' id='line_1_11' title="bbox 298 1059 1394 1112; baseline 0.001 -13"><span class='ocrx_word' id='word_1_67' title='bbox 298 1060 517 1100; x_wconf 86' lang='lat' dir='ltr'>Omnibus</span> <span class='ocrx_word' id='word_1_68' title='bbox 538 1059 769 1107; x_wconf 88' lang='lat' dir='ltr'>incumbit,</span> <span class='ocrx_word' id='word_1_69' title='bbox 791 1062 1058 1112; x_wconf 81' lang='lat' dir='ltr'>centenaque</span> <span class='ocrx_word' id='word_1_70' title='bbox 1078 1059 1219 1100; x_wconf 86' lang='lat' dir='ltr'>millia</span> <span class='ocrx_word' id='word_1_71' title='bbox 1239 1059 1394 1110; x_wconf 86' lang='lat' dir='ltr'>volvit,</span> 
     </span>
     <span class='ocr_line' id='line_1_12' title="bbox 298 1123 1320 1167; baseline -0.003 0"><span class='ocrx_word' id='word_1_72' title='bbox 298 1125 355 1167; x_wconf 90' lang='lat' dir='ltr'>Et</span> <span class='ocrx_word' id='word_1_73' title='bbox 374 1139 460 1167; x_wconf 92' lang='lat' dir='ltr'>non</span> <span class='ocrx_word' id='word_1_74' title='bbox 482 1127 698 1167; x_wconf 88' lang='lat' dir='ltr'>inventum</span> <span class='ocrx_word' id='word_1_75' title='bbox 720 1126 854 1166; x_wconf 88' lang='lat' dir='ltr'>toties</span> <span class='ocrx_word' id='word_1_76' title='bbox 874 1126 1065 1166; x_wconf 89' lang='lat' dir='ltr'>lucratur</span> <span class='ocrx_word' id='word_1_77' title='bbox 1084 1123 1320 1166; x_wconf 89' lang='lat' dir='ltr'>Achillem.</span> 
     </span>
     <span class='ocr_line' id='line_1_13' title="bbox 355 1190 1567 1246; baseline -0.002 -12"><span class='ocrx_word' id='word_1_78' title='bbox 355 1193 580 1234; x_wconf 81' lang='lat' dir='ltr'>Presserat</span> <span class='ocrx_word' id='word_1_79' title='bbox 601 1192 833 1234; x_wconf 91' lang='lat' dir='ltr'>occiduum</span> <span class='ocrx_word' id='word_1_80' title='bbox 854 1192 1050 1234; x_wconf 87' lang='lat' dir='ltr'>Phoebus</span> <span class='ocrx_word' id='word_1_81' title='bbox 1064 1192 1213 1246; x_wconf 84' lang='lat' dir='ltr'>jubar,</span> <span class='ocrx_word' id='word_1_82' title='bbox 1237 1196 1353 1233; x_wconf 85' lang='lat' dir='ltr'>astra</span> <span class='ocrx_word' id='word_1_83' title='bbox 1372 1190 1567 1232; x_wconf 84' lang='lat' dir='ltr'>vicissim</span> 
     </span>
     <span class='ocr_line' id='line_1_14' title="bbox 299 1259 1367 1313; baseline -0.001 -12"><span class='ocrx_word' id='word_1_84' title='bbox 299 1260 418 1301; x_wconf 72' lang='lat' dir='ltr'>Aere</span> <span class='ocrx_word' id='word_1_85' title='bbox 435 1260 626 1309; x_wconf 88' lang='lat' dir='ltr'>deterso,</span> <span class='ocrx_word' id='word_1_86' title='bbox 647 1260 877 1312; x_wconf 90' lang='lat' dir='ltr'>lucemque</span> <span class='ocrx_word' id='word_1_87' title='bbox 896 1259 1179 1313; x_wconf 87' lang='lat' dir='ltr'>stupentibus</span> <span class='ocrx_word' id='word_1_88' title='bbox 1198 1259 1367 1300; x_wconf 89' lang='lat' dir='ltr'>umbris</span> 
     </span>
     <span class='ocr_line' id='line_1_15' title="bbox 298 1322 1749 1380; baseline -0.004 -12"><span class='ocrx_word' id='word_1_89' title='bbox 298 1327 531 1368; x_wconf 87' lang='lat' dir='ltr'>Sidereum</span> <span class='ocrx_word' id='word_1_90' title='bbox 552 1326 755 1380; x_wconf 87' lang='lat' dir='ltr'>pepigere</span> <span class='ocrx_word' id='word_1_91' title='bbox 778 1325 919 1367; x_wconf 89' lang='lat' dir='ltr'>diem:</span> <span class='ocrx_word' id='word_1_92' title='bbox 951 1325 1154 1367; x_wconf 85' lang='lat' dir='ltr'>consulta</span> <span class='ocrx_word' id='word_1_93' title='bbox 1170 1326 1321 1367; x_wconf 85' lang='lat' dir='ltr'>vocati</span> <span class='ocrx_word' id='word_1_94' title='bbox 1663 1322 1749 1363; x_wconf 73' lang='lat'>385</span> 
     </span>
     <span class='ocr_line' id='line_1_16' title="bbox 297 1391 1412 1447; baseline -0.002 -13"><span class='ocrx_word' id='word_1_95' title='bbox 297 1393 522 1447; x_wconf 85' lang='lat' dir='ltr'>Argolidae</span> <span class='ocrx_word' id='word_1_96' title='bbox 543 1398 717 1434; x_wconf 87' lang='lat' dir='ltr'>tenuere</span> <span class='ocrx_word' id='word_1_97' title='bbox 735 1392 889 1441; x_wconf 90' lang='lat' dir='ltr'>duces,</span> <span class='ocrx_word' id='word_1_98' title='bbox 905 1392 1089 1446; x_wconf 84' lang='lat' dir='ltr'>jamque</span> <span class='ocrx_word' id='word_1_99' title='bbox 1111 1393 1206 1433; x_wconf 88' lang='lat' dir='ltr'>ibat</span> <span class='ocrx_word' id='word_1_100' title='bbox 1226 1391 1412 1446; x_wconf 90' lang='lat' dir='ltr'>Ulysses</span> 
     </span>
     <span class='ocr_line' id='line_1_17' title="bbox 296 1458 1371 1515; baseline -0.002 -14"><span class='ocrx_word' id='word_1_101' title='bbox 296 1460 468 1515; x_wconf 89' lang='lat' dir='ltr'>Tydide</span> <span class='ocrx_word' id='word_1_102' title='bbox 491 1460 689 1500; x_wconf 85' lang='lat' dir='ltr'>sociante</span> <span class='ocrx_word' id='word_1_103' title='bbox 716 1458 895 1511; x_wconf 81' lang='lat' dir='ltr'>gradus,</span> <span class='ocrx_word' id='word_1_104' title='bbox 918 1459 1186 1512; x_wconf 87' lang='lat' dir='ltr'>Priamoque</span> <span class='ocrx_word' id='word_1_105' title='bbox 1202 1458 1371 1500; x_wconf 86' lang='lat' dir='ltr'>ferebat</span> 
     </span>
     <span class='ocr_line' id='line_1_18' title="bbox 295 1525 1538 1578; baseline -0.004 -10"><span class='ocrx_word' id='word_1_106' title='bbox 295 1527 420 1568; x_wconf 87' lang='lat' dir='ltr'>Vota</span> <span class='ocrx_word' id='word_1_107' title='bbox 437 1527 614 1575; x_wconf 91' lang='lat' dir='ltr'>ducum,</span> <span class='ocrx_word' id='word_1_108' title='bbox 638 1525 850 1578; x_wconf 86' lang='lat' dir='ltr'>vulgique</span> <span class='ocrx_word' id='word_1_109' title='bbox 871 1538 1052 1578; x_wconf 83' lang='lat' dir='ltr'>preces:</span> <span class='ocrx_word' id='word_1_110' title='bbox 1082 1525 1205 1566; x_wconf 90' lang='lat' dir='ltr'>videt</span> <span class='ocrx_word' id='word_1_111' title='bbox 1226 1525 1389 1566; x_wconf 85' lang='lat' dir='ltr'>Inacha</span> <span class='ocrx_word' id='word_1_112' title='bbox 1410 1525 1538 1575; x_wconf 83' lang='lat' dir='ltr'>longe</span> 
     </span>
     <span class='ocr_line' id='line_1_19' title="bbox 295 1590 1501 1644; baseline -0.003 -9"><span class='ocrx_word' id='word_1_113' title='bbox 295 1594 435 1635; x_wconf 87' lang='lat' dir='ltr'>Arma</span> <span class='ocrx_word' id='word_1_114' title='bbox 452 1593 618 1642; x_wconf 90' lang='lat' dir='ltr'>Dolon,</span> <span class='ocrx_word' id='word_1_115' title='bbox 636 1591 864 1644; x_wconf 84' lang='lat' dir='ltr'>creditque</span> <span class='ocrx_word' id='word_1_116' title='bbox 886 1591 1012 1631; x_wconf 88' lang='lat' dir='ltr'>dolos</span> <span class='ocrx_word' id='word_1_117' title='bbox 1031 1604 1041 1631; x_wconf 73' lang='grc' dir='ltr'>ι</span> <span class='ocrx_word' id='word_1_118' title='bbox 1071 1604 1178 1632; x_wconf 87' lang='lat' dir='ltr'>mox</span> <span class='ocrx_word' id='word_1_119' title='bbox 1198 1604 1297 1632; x_wconf 86' lang='lat' dir='ltr'>acer</span> <span class='ocrx_word' id='word_1_120' title='bbox 1316 1592 1371 1632; x_wconf 88' lang='lat' dir='ltr'>ab</span> <span class='ocrx_word' id='word_1_121' title='bbox 1390 1590 1501 1643; x_wconf 85' lang='lat' dir='ltr'>ipsis</span> 
     </span>
     <span class='ocr_line' id='line_1_20' title="bbox 299 1654 1747 1711; baseline -0.006 -9"><span class='ocrx_word' id='word_1_122' title='bbox 299 1661 460 1702; x_wconf 85' lang='lat' dir='ltr'>Desilit</span> <span class='ocrx_word' id='word_1_123' title='bbox 479 1659 695 1708; x_wconf 86' lang='lat' dir='ltr'>excubiis,</span> <span class='ocrx_word' id='word_1_124' title='bbox 713 1661 770 1707; x_wconf 92' lang='lat' dir='ltr'>et,</span> <span class='ocrx_word' id='word_1_125' title='bbox 795 1657 899 1707; x_wconf 84' lang='lat' dir='ltr'>Quo</span> <span class='ocrx_word' id='word_1_126' title='bbox 921 1657 1246 1711; x_wconf 68' lang='lat' dir='ltr'>properabitis?</span> <span class='ocrx_word' id='word_1_127' title='bbox 1278 1657 1435 1710; x_wconf 89' lang='lat' dir='ltr'>inquit.</span> <span class='ocrx_word' id='word_1_128' title='bbox 1662 1654 1747 1695; x_wconf 82' lang='lat'>390</span> 
     </span>
     <span class='ocr_line' id='line_1_21' title="bbox 299 1723 1516 1778; baseline -0.005 -10"><span class='ocrx_word' id='word_1_129' title='bbox 299 1728 438 1776; x_wconf 87' lang='lat' dir='ltr'>State,</span> <span class='ocrx_word' id='word_1_130' title='bbox 460 1726 556 1775; x_wconf 85' lang='lat' dir='ltr'>viri,</span> <span class='ocrx_word' id='word_1_131' title='bbox 578 1730 728 1766; x_wconf 85' lang='lat' dir='ltr'>contra</span> <span class='ocrx_word' id='word_1_132' title='bbox 746 1738 756 1765; x_wconf 78' lang='grc' dir='ltr'><strong><em>ε</em></strong></span> <span class='ocrx_word' id='word_1_133' title='bbox 788 1736 1000 1778; x_wconf 85' lang='lat' dir='ltr'>pacemne</span> <span class='ocrx_word' id='word_1_134' title='bbox 1025 1724 1111 1764; x_wconf 91' lang='lat' dir='ltr'>huc</span> <span class='ocrx_word' id='word_1_135' title='bbox 1131 1724 1264 1773; x_wconf 81' lang='lat' dir='ltr'>fertis,</span> <span class='ocrx_word' id='word_1_136' title='bbox 1285 1737 1337 1764; x_wconf 87' lang='lat' dir='ltr'>an</span> <span class='ocrx_word' id='word_1_137' title='bbox 1359 1735 1480 1765; x_wconf 83' lang='lat' dir='ltr'>arma</span> <span class='ocrx_word' id='word_1_138' title='bbox 1497 1723 1516 1762; x_wconf 72' lang='lat'>¹?</span> 
     </span>
     <span class='ocr_line' id='line_1_22' title="bbox 298 1790 1205 1844; baseline -0.004 -10"><span class='ocrx_word' id='word_1_139' title='bbox 298 1793 374 1834; x_wconf 93' lang='lat' dir='ltr'>Illi</span> <span class='ocrx_word' id='word_1_140' title='bbox 397 1793 601 1833; x_wconf 85' lang='lat' dir='ltr'>Palladia</span> <span class='ocrx_word' id='word_1_141' title='bbox 620 1792 789 1844; x_wconf 84' lang='lat' dir='ltr'>legatos</span> <span class='ocrx_word' id='word_1_142' title='bbox 812 1791 966 1832; x_wconf 89' lang='lat' dir='ltr'>arbore</span> <span class='ocrx_word' id='word_1_143' title='bbox 988 1790 1205 1843; x_wconf 86' lang='lat' dir='ltr'>pandunt,</span> 
     </span>
     <span class='ocr_line' id='line_1_23' title="bbox 298 1856 1402 1912; baseline -0.005 -11"><span class='ocrx_word' id='word_1_144' title='bbox 298 1860 589 1912; x_wconf 88' lang='lat' dir='ltr'>Exorantque</span> <span class='ocrx_word' id='word_1_145' title='bbox 612 1858 781 1900; x_wconf 86' lang='lat' dir='ltr'>aditus:</span> <span class='ocrx_word' id='word_1_146' title='bbox 806 1856 901 1910; x_wconf 88' lang='lat' dir='ltr'>jam</span> <span class='ocrx_word' id='word_1_147' title='bbox 922 1858 1034 1910; x_wconf 86' lang='lat' dir='ltr'>regis</span> <span class='ocrx_word' id='word_1_148' title='bbox 1054 1857 1201 1910; x_wconf 87' lang='lat' dir='ltr'>copia,</span> <span class='ocrx_word' id='word_1_149' title='bbox 1215 1856 1309 1910; x_wconf 85' lang='lat' dir='ltr'>jam</span> <span class='ocrx_word' id='word_1_150' title='bbox 1330 1867 1402 1896; x_wconf 87' lang='lat' dir='ltr'>res</span> 
     </span>
     <span class='ocr_line' id='line_1_24' title="bbox 299 1923 1453 1979; baseline -0.005 -11"><span class='ocrx_word' id='word_1_151' title='bbox 299 1927 443 1974; x_wconf 86' lang='lat' dir='ltr'>Edita,</span> <span class='ocrx_word' id='word_1_152' title='bbox 460 1927 553 1979; x_wconf 87' lang='lat' dir='ltr'>jam</span> <span class='ocrx_word' id='word_1_153' title='bbox 575 1925 774 1972; x_wconf 88' lang='lat' dir='ltr'>redeunt,</span> <span class='ocrx_word' id='word_1_154' title='bbox 790 1929 874 1964; x_wconf 87' lang='lat' dir='ltr'>tres</span> <span class='ocrx_word' id='word_1_155' title='bbox 895 1923 1229 1976; x_wconf 88' lang='lat' dir='ltr'>suspenduntur</span> <span class='ocrx_word' id='word_1_156' title='bbox 1250 1923 1293 1963; x_wconf 90' lang='lat' dir='ltr'>in</span> <span class='ocrx_word' id='word_1_157' title='bbox 1317 1933 1453 1962; x_wconf 86' lang='lat' dir='ltr'>annos</span> 
     </span>
    </p>
   </div>
   <div class='ocr_carea' id='block_1_3' title="bbox 340 2042 1143 2151">
    <p class='ocr_par' dir='ltr' id='par_1_3' title="bbox 340 2042 1143 2151">
     <span class='ocr_line' id='line_1_25' title="bbox 904 2042 1143 2054; baseline 0 -1"><span class='ocrx_word' id='word_1_158' title='bbox 904 2042 1143 2054; x_wconf 52' lang='lat'>0000000000</span> 
     </span>
     <span class='ocr_line' id='line_1_26' title="bbox 340 2119 957 2151; baseline -0.002 0"><span class='ocrx_word' id='word_1_159' title='bbox 340 2123 402 2151; x_wconf 80' lang='lat'>372</span> <span class='ocrx_word' id='word_1_160' title='bbox 434 2120 555 2151; x_wconf 75' lang='lat' dir='ltr'>Viscere</span> <span class='ocrx_word' id='word_1_161' title='bbox 580 2121 736 2151; x_wconf 83' lang='lat' dir='ltr'>Dresem.</span> <span class='ocrx_word' id='word_1_162' title='bbox 782 2119 868 2150; x_wconf 84' lang='lat' dir='ltr'>Vide</span> <span class='ocrx_word' id='word_1_163' title='bbox 886 2125 957 2150; x_wconf 87' lang='lat' dir='ltr'>not.</span> 
     </span>
    </p>
   </div>
   <div class='ocr_carea' id='block_1_4' title="bbox 946 2215 1087 2248">
    <p class='ocr_par' dir='ltr' id='par_1_4' title="bbox 946 2215 1087 2248">
     <span class='ocr_line' id='line_1_27' title="bbox 946 2215 1087 2248; baseline 0.007 -1"><span class='ocrx_word' id='word_1_164' title='bbox 946 2215 979 2247; x_wconf 90' lang='lat' dir='ltr'>N</span> <span class='ocrx_word' id='word_1_165' title='bbox 985 2215 1087 2248; x_wconf 82' lang='lat' dir='ltr'>OTAE</span> 
     </span>
    </p>
   </div>
   <div class='ocr_carea' id='block_1_5' title="bbox 295 2274 1749 2671">
    <p class='ocr_par' dir='ltr' id='par_1_5' title="bbox 295 2274 1749 2518">
     <span class='ocr_line' id='line_1_28' title="bbox 332 2274 1749 2320; baseline -0.003 -10"><span class='ocrx_word' id='word_1_166' title='bbox 332 2282 394 2311; x_wconf 82' lang='lat'>372</span> <span class='ocrx_word' id='word_1_167' title='bbox 408 2280 490 2310; x_wconf 82' lang='lat' dir='ltr'>Pars</span> <span class='ocrx_word' id='word_1_168' title='bbox 501 2279 617 2310; x_wconf 77' lang='lat' dir='ltr'>viscera</span> <span class='ocrx_word' id='word_1_169' title='bbox 633 2280 718 2320; x_wconf 80' lang='lat' dir='ltr'>tapso</span> <span class='ocrx_word' id='word_1_170' title='bbox 730 2278 880 2320; x_wconf 79' lang='lat' dir='ltr'>Labitur]</span> <span class='ocrx_word' id='word_1_171' title='bbox 894 2279 997 2319; x_wconf 87' lang='lat' dir='ltr'>Lego,</span> <span class='ocrx_word' id='word_1_172' title='bbox 1051 2287 1184 2317; x_wconf 82' lang='lat' dir='ltr'>merus;</span> <span class='ocrx_word' id='word_1_173' title='bbox 1207 2276 1424 2317; x_wconf 75' lang='grc' dir='ltr'>ψαμμοκόσιοι,</span> <span class='ocrx_word' id='word_1_174' title='bbox 1445 2279 1482 2308; x_wconf 89' lang='lat' dir='ltr'>ut</span> <span class='ocrx_word' id='word_1_175' title='bbox 1506 2275 1621 2308; x_wconf 83' lang='lat' dir='ltr'>Graeci</span> <span class='ocrx_word' id='word_1_176' title='bbox 1643 2274 1749 2307; x_wconf 77' lang='lat' dir='ltr'>aiunt.</span> 
     </span>
     <span class='ocr_line' id='line_1_29' title="bbox 295 2328 1420 2369; baseline -0.004 -8"><span class='ocrx_word' id='word_1_177' title='bbox 295 2331 420 2361; x_wconf 72' lang='lat' dir='ltr'>viscere.</span> <span class='ocrx_word' id='word_1_178' title='bbox 481 2329 624 2361; x_wconf 87' lang='lat' dir='ltr'>Ovidius</span> <span class='ocrx_word' id='word_1_179' title='bbox 641 2340 649 2360; x_wconf 90' lang='lat'>:</span> <span class='ocrx_word' id='word_1_180' title='bbox 685 2331 694 2346; x_wconf 92' lang='lat'>‘</span> <span class='ocrx_word' id='word_1_181' title='bbox 713 2331 831 2362; x_wconf 87' lang='lat' dir='ltr'>Donec</span> <span class='ocrx_word' id='word_1_182' title='bbox 862 2329 996 2369; x_wconf 86' lang='lat' dir='ltr'>Ageno-</span> <span class='ocrx_word' id='word_1_183' title='bbox 1050 2328 1138 2360; x_wconf 88' lang='lat' dir='ltr'>Vide</span> <span class='ocrx_word' id='word_1_184' title='bbox 1156 2337 1259 2368; x_wconf 83' lang='lat' dir='ltr'>supra</span> <span class='ocrx_word' id='word_1_185' title='bbox 1277 2336 1327 2359; x_wconf 77' lang='lat' dir='ltr'>[v.</span> <span class='ocrx_word' id='word_1_186' title='bbox 1345 2329 1420 2358; x_wconf 82' lang='lat'><strong>310.</strong></span> 
     </span>
     <span class='ocr_line' id='line_1_30' title="bbox 297 2372 1749 2420; baseline -0.006 -9"><span class='ocrx_word' id='word_1_187' title='bbox 297 2380 387 2411; x_wconf 83' lang='lat' dir='ltr'>rides</span> <span class='ocrx_word' id='word_1_188' title='bbox 403 2379 596 2420; x_wconf 87' lang='lat' dir='ltr'>conjectum</span> <span class='ocrx_word' id='word_1_189' title='bbox 608 2379 641 2410; x_wconf 90' lang='lat' dir='ltr'>in</span> <span class='ocrx_word' id='word_1_190' title='bbox 659 2380 788 2411; x_wconf 83' lang='lat' dir='ltr'>viscere</span> <span class='ocrx_word' id='word_1_191' title='bbox 798 2379 948 2416; x_wconf 82' lang='lat' dir='ltr'>ferrum‚’</span> <span class='ocrx_word' id='word_1_192' title='bbox 959 2384 997 2411; x_wconf 90' lang='lat' dir='ltr'>ut</span> <span class='ocrx_word' id='word_1_193' title='bbox 1092 2380 1153 2408; x_wconf 78' lang='lat'>391</span> <span class='ocrx_word' id='word_1_194' title='bbox 1179 2377 1284 2416; x_wconf 81' lang='lat' dir='ltr'>State,</span> <span class='ocrx_word' id='word_1_195' title='bbox 1298 2376 1371 2416; x_wconf 82' lang='lat' dir='ltr'>viri,</span> <span class='ocrx_word' id='word_1_196' title='bbox 1387 2378 1516 2406; x_wconf 78' lang='lat' dir='ltr'>contra:</span> <span class='ocrx_word' id='word_1_197' title='bbox 1537 2381 1680 2414; x_wconf 74' lang='lat' dir='ltr'>pacemne</span> <span class='ocrx_word' id='word_1_198' title='bbox 1691 2372 1749 2403; x_wconf 77' lang='lat' dir='ltr'>lmc</span> 
     </span>
     <span class='ocr_line' id='line_1_31' title="bbox 296 2422 1749 2470; baseline -0.006 -10"><span class='ocrx_word' id='word_1_199' title='bbox 296 2430 370 2468; x_wconf 79' lang='lat' dir='ltr'>lego</span> <span class='ocrx_word' id='word_1_200' title='bbox 394 2438 469 2460; x_wconf 88' lang='lat' dir='ltr'>cum</span> <span class='ocrx_word' id='word_1_201' title='bbox 497 2429 682 2470; x_wconf 86' lang='lat' dir='ltr'>Giphanio‚</span> <span class='ocrx_word' id='word_1_202' title='bbox 698 2429 740 2461; x_wconf 84' lang='lat' dir='ltr'>ad</span> <span class='ocrx_word' id='word_1_203' title='bbox 767 2430 904 2462; x_wconf 78' lang='lat' dir='ltr'>Lucret.</span> <span class='ocrx_word' id='word_1_204' title='bbox 922 2432 996 2461; x_wconf 82' lang='lat'><strong>359.</strong></span> <span class='ocrx_word' id='word_1_205' title='bbox 1040 2427 1149 2465; x_wconf 82' lang='lat' dir='ltr'>sertis,</span> <span class='ocrx_word' id='word_1_206' title='bbox 1164 2435 1203 2457; x_wconf 78' lang='grc' dir='ltr'>απ</span> <span class='ocrx_word' id='word_1_207' title='bbox 1220 2425 1323 2465; x_wconf 84' lang='lat' dir='ltr'>arma]</span> <span class='ocrx_word' id='word_1_208' title='bbox 1345 2425 1442 2465; x_wconf 86' lang='lat' dir='ltr'>Virg.</span> <span class='ocrx_word' id='word_1_209' title='bbox 1458 2433 1510 2455; x_wconf 74' lang='lat' dir='ltr'>rx.</span> <span class='ocrx_word' id='word_1_210' title='bbox 1529 2423 1603 2454; x_wconf 86' lang='lat' dir='ltr'>AEn.</span> <span class='ocrx_word' id='word_1_211' title='bbox 1617 2422 1627 2439; x_wconf 85' lang='lat'>‘</span> <span class='ocrx_word' id='word_1_212' title='bbox 1640 2422 1749 2459; x_wconf 76' lang='lat' dir='ltr'>State,</span> 
     </span>
     <span class='ocr_line' id='line_1_32' title="bbox 296 2470 1747 2518; baseline -0.008 -7"><span class='ocrx_word' id='word_1_213' title='bbox 296 2480 385 2511; x_wconf 86' lang='lat' dir='ltr'>Vide</span> <span class='ocrx_word' id='word_1_214' title='bbox 398 2480 545 2511; x_wconf 89' lang='lat' dir='ltr'>Nonium</span> <span class='ocrx_word' id='word_1_215' title='bbox 562 2481 594 2510; x_wconf 90' lang='lat' dir='ltr'>in</span> <span class='ocrx_word' id='word_1_216' title='bbox 611 2479 620 2496; x_wconf 90' lang='lat'>‘</span> <span class='ocrx_word' id='word_1_217' title='bbox 637 2479 783 2511; x_wconf 84' lang='lat' dir='ltr'>Viscus.’</span> <span class='ocrx_word' id='word_1_218' title='bbox 1050 2477 1124 2516; x_wconf 81' lang='lat' dir='ltr'>viri,</span> <span class='ocrx_word' id='word_1_219' title='bbox 1146 2486 1221 2518; x_wconf 88' lang='lat' dir='ltr'>quae</span> <span class='ocrx_word' id='word_1_220' title='bbox 1247 2484 1352 2507; x_wconf 83' lang='lat' dir='ltr'>eausa</span> <span class='ocrx_word' id='word_1_221' title='bbox 1375 2474 1462 2506; x_wconf 84' lang='lat' dir='ltr'>viae?</span> <span class='ocrx_word' id='word_1_222' title='bbox 1485 2473 1585 2514; x_wconf 90' lang='lat' dir='ltr'>quive</span> <span class='ocrx_word' id='word_1_223' title='bbox 1607 2471 1688 2502; x_wconf 84' lang='lat' dir='ltr'>estis</span> <span class='ocrx_word' id='word_1_224' title='bbox 1713 2470 1747 2500; x_wconf 90' lang='lat' dir='ltr'>in</span> 
     </span>
    </p>

    <p class='ocr_par' dir='ltr' id='par_1_6' title="bbox 297 2519 1747 2671">
     <span class='ocr_line' id='line_1_33' title="bbox 340 2519 1745 2570; baseline -0.008 -10"><span class='ocrx_word' id='word_1_225' title='bbox 340 2532 403 2561; x_wconf 82' lang='lat'>380</span> <span class='ocrx_word' id='word_1_226' title='bbox 427 2530 598 2570; x_wconf 80' lang='lat' dir='ltr'>Expallens</span> <span class='ocrx_word' id='word_1_227' title='bbox 622 2529 726 2560; x_wconf 84' lang='lat' dir='ltr'>horret</span> <span class='ocrx_word' id='word_1_228' title='bbox 758 2528 880 2569; x_wconf 81' lang='lat' dir='ltr'>Thetis]</span> <span class='ocrx_word' id='word_1_229' title='bbox 900 2528 993 2559; x_wconf 86' lang='lat' dir='ltr'>Scie-</span> <span class='ocrx_word' id='word_1_230' title='bbox 1048 2527 1148 2561; x_wconf 86' lang='lat' dir='ltr'>armis</span> <span class='ocrx_word' id='word_1_231' title='bbox 1163 2526 1185 2558; x_wconf 87' lang='lat'>?’</span> <span class='ocrx_word' id='word_1_232' title='bbox 1219 2526 1341 2567; x_wconf 82' lang='lat' dir='ltr'>Papin.</span> <span class='ocrx_word' id='word_1_233' title='bbox 1362 2525 1372 2542; x_wconf 90' lang='lat'>‘</span> <span class='ocrx_word' id='word_1_234' title='bbox 1388 2522 1568 2565; x_wconf 85' lang='lat' dir='ltr'>prohibete</span> <span class='ocrx_word' id='word_1_235' title='bbox 1592 2519 1745 2561; x_wconf 79' lang='lat' dir='ltr'>gradum,</span> 
     </span>
     <span class='ocr_line' id='line_1_34' title="bbox 297 2568 1726 2620; baseline -0.009 -8"><span class='ocrx_word' id='word_1_236' title='bbox 297 2581 357 2612; x_wconf 88' lang='lat' dir='ltr'>bat</span> <span class='ocrx_word' id='word_1_237' title='bbox 370 2581 458 2612; x_wconf 89' lang='lat' dir='ltr'>enim</span> <span class='ocrx_word' id='word_1_238' title='bbox 470 2580 574 2611; x_wconf 86' lang='lat' dir='ltr'>filium</span> <span class='ocrx_word' id='word_1_239' title='bbox 586 2580 627 2611; x_wconf 85' lang='lat' dir='ltr'>ad</span> <span class='ocrx_word' id='word_1_240' title='bbox 642 2580 778 2620; x_wconf 85' lang='lat' dir='ltr'>Trojam</span> <span class='ocrx_word' id='word_1_241' title='bbox 797 2580 995 2619; x_wconf 84' lang='lat' dir='ltr'>periturum.</span> <span class='ocrx_word' id='word_1_242' title='bbox 1050 2578 1253 2619; x_wconf 77' lang='lat' dir='ltr'>quicumque</span> <span class='ocrx_word' id='word_1_243' title='bbox 1266 2586 1277 2614; x_wconf 81' lang='lat'>3</span> <span class='ocrx_word' id='word_1_244' title='bbox 1300 2574 1359 2606; x_wconf 78' lang='lat' dir='ltr'>sed</span> <span class='ocrx_word' id='word_1_245' title='bbox 1373 2574 1486 2605; x_wconf 81' lang='lat' dir='ltr'>hostes</span> <span class='ocrx_word' id='word_1_246' title='bbox 1503 2572 1588 2602; x_wconf 88' lang='lat' dir='ltr'>Esse</span> <span class='ocrx_word' id='word_1_247' title='bbox 1601 2568 1726 2610; x_wconf 87' lang='lat' dir='ltr'>patet.¹</span> 
     </span>
     <span class='ocr_line' id='line_1_35' title="bbox 298 2619 1747 2671; baseline -0.01 -9"><span class='ocrx_word' id='word_1_248' title='bbox 298 2631 388 2662; x_wconf 86' lang='lat' dir='ltr'>Vide</span> <span class='ocrx_word' id='word_1_249' title='bbox 415 2630 540 2671; x_wconf 83' lang='lat' dir='ltr'>Papin.</span> <span class='ocrx_word' id='word_1_250' title='bbox 559 2639 585 2661; x_wconf 89' lang='lat'>1.</span> <span class='ocrx_word' id='word_1_251' title='bbox 602 2629 727 2661; x_wconf 87' lang='lat' dir='ltr'>Achill.</span> <span class='ocrx_word' id='word_1_252' title='bbox 751 2638 860 2670; x_wconf 84' lang='lat' dir='ltr'>eaque</span> <span class='ocrx_word' id='word_1_253' title='bbox 885 2629 994 2669; x_wconf 83' lang='lat' dir='ltr'>gratia</span> <span class='ocrx_word' id='word_1_254' title='bbox 1090 2630 1154 2659; x_wconf 79' lang='grc'>394</span> <span class='ocrx_word' id='word_1_255' title='bbox 1172 2627 1248 2658; x_wconf 79' lang='lat' dir='ltr'>Tres</span> <span class='ocrx_word' id='word_1_256' title='bbox 1261 2625 1487 2666; x_wconf 81' lang='lat' dir='ltr'>suspenduntur</span> <span class='ocrx_word' id='word_1_257' title='bbox 1500 2621 1533 2652; x_wconf 82' lang='lat' dir='ltr'>in</span> <span class='ocrx_word' id='word_1_258' title='bbox 1547 2629 1644 2651; x_wconf 76' lang='lat' dir='ltr'>annos</span> <span class='ocrx_word' id='word_1_259' title='bbox 1656 2619 1747 2650; x_wconf 77' lang='lat' dir='ltr'>Dex-</span> 
     </span>
    </p>
   </div>
   <div class='ocr_carea' id='block_1_6' title="bbox 298 2672 1747 2767">
    <p class='ocr_par' dir='ltr' id='par_1_7' title="bbox 298 2672 1747 2767">
     <span class='ocr_line' id='line_1_36' title="bbox 298 2672 1746 2720; baseline -0.009 -10"><span class='ocrx_word' id='word_1_260' title='bbox 298 2679 416 2712; x_wconf 84' lang='lat' dir='ltr'>furtim</span> <span class='ocrx_word' id='word_1_261' title='bbox 433 2683 628 2720; x_wconf 85' lang='lat' dir='ltr'>surreptum</span> <span class='ocrx_word' id='word_1_262' title='bbox 651 2678 838 2720; x_wconf 86' lang='lat' dir='ltr'>Lycomedi</span> <span class='ocrx_word' id='word_1_263' title='bbox 855 2679 991 2710; x_wconf 87' lang='lat' dir='ltr'>commi·</span> <span class='ocrx_word' id='word_1_264' title='bbox 1046 2677 1107 2709; x_wconf 80' lang='lat' dir='ltr'>tris</span> <span class='ocrx_word' id='word_1_265' title='bbox 1122 2676 1201 2708; x_wconf 84' lang='lat' dir='ltr'>bella</span> <span class='ocrx_word' id='word_1_266' title='bbox 1223 2675 1322 2714; x_wconf 80' lang='lat' dir='ltr'>datis]</span> <span class='ocrx_word' id='word_1_267' title='bbox 1365 2672 1467 2704; x_wconf 88' lang='lat' dir='ltr'>Prius</span> <span class='ocrx_word' id='word_1_268' title='bbox 1483 2679 1560 2702; x_wconf 87' lang='lat' dir='ltr'>suos</span> <span class='ocrx_word' id='word_1_269' title='bbox 1587 2672 1746 2700; x_wconf 79' lang='lat' dir='ltr'>auctores</span> 
     </span>
     <span class='ocr_line' id='line_1_37' title="bbox 300 2721 1747 2767; baseline -0.008 -7"><span class='ocrx_word' id='word_1_270' title='bbox 300 2734 404 2760; x_wconf 82' lang='lat' dir='ltr'>serat.</span> <span class='ocrx_word' id='word_1_271' title='bbox 1047 2727 1162 2767; x_wconf 76' lang='lat' dir='ltr'>habet,</span> <span class='ocrx_word' id='word_1_272' title='bbox 1185 2725 1378 2765; x_wconf 78' lang='grc' dir='ltr'><strong><em>ἀξιοπίστους</em></strong></span> <span class='ocrx_word' id='word_1_273' title='bbox 1406 2722 1538 2754; x_wconf 86' lang='lat' dir='ltr'>scilicet</span> <span class='ocrx_word' id='word_1_274' title='bbox 1568 2721 1686 2751; x_wconf 87' lang='lat' dir='ltr'>Daren</span> <span class='ocrx_word' id='word_1_275' title='bbox 1711 2723 1747 2750; x_wconf 86' lang='lat' dir='ltr'>et</span> 
     </span>
    </p>
   </div>
   <div class='ocr_carea' id='block_1_7' title="bbox 300 2770 1747 2891">
    <p class='ocr_par' dir='ltr' id='par_1_8' title="bbox 300 2770 1747 2891">
     <span class='ocr_line' id='line_1_38' title="bbox 342 2770 1747 2819; baseline -0.006 -10"><span class='ocrx_word' id='word_1_276' title='bbox 342 2782 403 2809; x_wconf 76' lang='lat'>381</span> <span class='ocrx_word' id='word_1_277' title='bbox 440 2778 633 2819; x_wconf 79' lang='lat' dir='ltr'>Centenaque</span> <span class='ocrx_word' id='word_1_278' title='bbox 656 2778 755 2809; x_wconf 83' lang='lat' dir='ltr'>millia</span> <span class='ocrx_word' id='word_1_279' title='bbox 780 2777 891 2818; x_wconf 75' lang='lat' dir='ltr'>volvit]</span> <span class='ocrx_word' id='word_1_280' title='bbox 929 2778 994 2809; x_wconf 90' lang='lat' dir='ltr'>Ro·</span> <span class='ocrx_word' id='word_1_281' title='bbox 1049 2779 1188 2818; x_wconf 86' lang='lat' dir='ltr'>Dictyn.</span> <span class='ocrx_word' id='word_1_282' title='bbox 1234 2774 1411 2807; x_wconf 84' lang='lat' dir='ltr'>Posterius</span> <span class='ocrx_word' id='word_1_283' title='bbox 1424 2771 1553 2813; x_wconf 79' lang='lat' dir='ltr'>antiqui</span> <span class='ocrx_word' id='word_1_284' title='bbox 1568 2770 1669 2802; x_wconf 81' lang='lat' dir='ltr'>moris</span> <span class='ocrx_word' id='word_1_285' title='bbox 1681 2773 1747 2800; x_wconf 81' lang='lat' dir='ltr'>est.</span> 
     </span>
     <span class='ocr_line' id='line_1_39' title="bbox 300 2820 1745 2869; baseline -0.005 -12"><span class='ocrx_word' id='word_1_286' title='bbox 300 2827 437 2866; x_wconf 76' lang='lat' dir='ltr'>nimius,</span> <span class='ocrx_word' id='word_1_287' title='bbox 456 2829 506 2859; x_wconf 85' lang='lat' dir='ltr'>vel</span> <span class='ocrx_word' id='word_1_288' title='bbox 524 2828 636 2869; x_wconf 77' lang='lat' dir='ltr'>potius</span> <span class='ocrx_word' id='word_1_289' title='bbox 664 2828 918 2860; x_wconf 84' lang='lat' dir='ltr'>innumerabilis</span> <span class='ocrx_word' id='word_1_290' title='bbox 935 2838 995 2860; x_wconf 88' lang='lat' dir='ltr'>nu-</span> <span class='ocrx_word' id='word_1_291' title='bbox 1052 2827 1218 2859; x_wconf 83' lang='lat' dir='ltr'>Homerus</span> <span class='ocrx_word' id='word_1_292' title='bbox 1234 2824 1405 2858; x_wconf 80' lang='lat' dir='ltr'>abundans</span> <span class='ocrx_word' id='word_1_293' title='bbox 1420 2823 1473 2854; x_wconf 82' lang='lat' dir='ltr'>liic</span> <span class='ocrx_word' id='word_1_294' title='bbox 1486 2825 1615 2854; x_wconf 83' lang='lat' dir='ltr'>auctor.</span> <span class='ocrx_word' id='word_1_295' title='bbox 1636 2820 1745 2852; x_wconf 82' lang='lat' dir='ltr'>Varro</span> 
     </span>
     <span class='ocr_line' id='line_1_40' title="bbox 835 2878 847 2891; baseline 0 0"><span class='ocrx_word' id='word_1_296' title='bbox 835 2878 847 2891; x_wconf 61' lang='grc' dir='ltr'>ἱ</span> 
     </span>
    </p>
   </div>
  </div>
 </body>
</html>
