1889 3194
258 308 344 351 528
772 319 975 349 JOSEPHI
1011 318 1173 349 iscANr

261 414 460 467 Utraque
480 416 620 455 castra
640 417 808 467 patent,
830 415 898 454 sas
919 412 1006 454 civi
1027 412 1163 453 Graia
1184 411 1332 453 videre

262 481 472 530 Carbasa,
492 480 560 521 fas
580 481 699 521 hosti
717 480 930 534 Phrygios
949 480 1136 520 lustrare
1156 483 1347 533 penates.

321 548 439 589 Dum
461 548 525 588 sic
545 547 734 589 alternos
755 547 916 597 aditus,
933 547 1101 587 alterna
1121 550 1345 600 pererrant

264 614 450 663 Moenia,
471 618 670 655 natarum
690 627 818 655 sacra
838 614 1077 655 comitante
1097 617 1272 654 caterva

264 681 512 721 Hectoreos
534 680 696 721 Manes
717 680 992 734 Thymbraeae
1013 681 1057 721 in
1078 679 1229 720 limine
1251 682 1390 733 portae
1645 679 1701 719 75

263 747 423 788 Placat
442 750 624 800 uterque
644 758 805 800 parens
822 758 834 786 :
865 745 978 787 cinis
1001 758 1188 795 annuus,
1206 745 1356 786 umbra
1374 745 1576 787 laborans

264 813 467 854 Solantes
488 813 647 866 epulas
667 814 945 866 lamentaque
964 813 1078 854 festa
1093 812 1308 866 reposcit,

265 880 323 920 Et
341 880 498 920 tumuli
518 879 697 931 lugubre
720 879 872 921 decus.
936 880 1065 921 Stant
1085 879 1203 921 crine
1224 879 1370 920 soluto

266 946 446 995 Iliades,
468 946 562 987 haec
584 951 741 999 questa
761 947 918 995 virum,
939 952 1088 989 natum
1112 946 1264 996 altera,
1283 945 1461 987 fratrem

266 1013 436 1062 Multae,
457 1026 569 1054 nunc
589 1014 752 1067 pariter
769 1014 932 1066 lugent,
953 1026 1068 1054 nunc
1088 1012 1262 1065 singula
1281 1013 1508 1066 plangunt.
1649 1012 1705 1053 80

265 1079 462 1133 Cumque
484 1080 584 1120 aliis
604 1081 649 1120 in
669 1081 881 1134 pallorem
903 1079 1094 1121 candore
1117 1078 1294 1132 sepulto

268 1147 536 1188 Febricitent
557 1147 717 1197 vultus,
739 1147 834 1187 sola
854 1159 928 1188 ore
948 1146 1183 1200 Polyxena
1203 1145 1328 1187 floret

267 1213 462 1266 Sospite,
484 1218 526 1254 et
545 1214 591 1254 in
613 1214 772 1255 faciem
792 1214 852 1254 nil
874 1213 1033 1255 audent
1053 1214 1206 1254 nubila
1226 1213 1403 1254 mentis.

267 1280 397 1320 Hanc
420 1280 556 1331 videt,
574 1281 688 1322 hanc
709 1284 852 1334 optat,
873 1285 918 1322 et
939 1285 1067 1322 acuto
1088 1280 1293 1335 Cypridis
1317 1293 1420 1321 arcu

267 1346 456 1388 Saucius
477 1347 686 1388 [Eacides
707 1347 882 1388 subitos
902 1347 1100 1401 suspirat
1124 1359 1312 1388 amores.
1652 1344 1709 1386 85

268 1412 418 1467 thue
438 1427 523 1455 usu
544 1414 712 1468 majore
732 1414 887 1455 Venus
908 1414 1124 1468 producta
1145 1414 1325 1455 tenellos

268 1480 492 1534 Spondaeo
512 1481 678 1522 stabilit
698 1481 868 1522 animos
888 1481 1015 1535 pede,
1038 1482 1102 1522 sic
1123 1493 1241 1522 nova
1262 1480 1355 1521 voti

269 1547 422 1589 Causa
442 1560 573 1601 pares
594 1547 812 1597 stimulos,
835 1547 1091 1601 similesque
1113 1547 1354 1588 immobilis
1375 1546 1499 1598 ignes

269 1613 448 1663 Haurit,
469 1618 511 1654 et
530 1614 575 1653 in
594 1613 807 1654 thalamos
830 1614 1067 1667 periturum
1093 1615 1260 1655 emollit
1279 1612 1513 1654 Achillem.

326 1680 443 1732 Ergo
464 1693 544 1720 nec
566 1692 783 1720 armorum
805 1681 1015 1730 meminit,
1035 1694 1116 1722 nec
1135 1680 1286 1734 praelia
1307 1683 1448 1726 curat,
1652 1676 1708 1717 90

269 1746 458 1799 Jamque
477 1746 614 1787 redire
634 1747 754 1796 velit,
777 1747 1035 1800 patriosque
1056 1748 1264 1788 reducere
1282 1750 1439 1794 coetus,

272 1812 330 1853 Et
352 1816 484 1853 totam
509 1812 682 1852 turbare
703 1813 854 1862 aciem,
876 1814 913 1854 si
934 1814 1056 1866 regia
1078 1813 1203 1855 detur

271 1878 409 1932 Virgo
432 1879 530 1928 sibi,
552 1891 821 1932 consorsque
842 1880 935 1932 tori,
957 1881 1231 1934 pretiumque
1252 1889 1464 1920 recessus.

924 2021 1063 2054 NOTAE

315 2095 355 2124 75
381 2093 550 2126 Hectoreos
579 2095 693 2127 Manes
716 2096 906 2137 Thymbroeoe
932 2097 966 2127 in
1019 2096 1138 2128 Indice
1170 2096 1309 2127 Luci-et.
1352 2094 1541 2127 Secundam
1567 2104 1649 2127 vero
1675 2095 1710 2127 in

271 2142 378 2174 limine
408 2143 522 2184 portae]
564 2144 687 2186 Papin.
725 2147 734 2164 ‘
747 2145 966 2187 Trojanaqne
1010 2146 1198 2185 febricitant
1215 2145 1370 2177 Catullus
1386 2149 1421 2176 et
1438 2144 1609 2177 Martialis
1632 2154 1709 2186 pro·

272 2191 444 2232 Thymbra
460 2193 610 2226 tacebit!
644 2194 769 2235 Dictys
785 2195 896 2226 lucum
908 2205 964 2227 no·
1019 2197 1161 2228 ducunt.
1446 2209 1450 2211 ·

272 2242 379 2274 minat
391 2243 639 2284 Thymbraeum.
664 2244 762 2277 Quod
776 2244 884 2281 addit,
899 2245 907 2261 ‘
920 2245 966 2276 ci·
1062 2249 1101 2277 85
1126 2246 1258 2278 Saucius
1278 2245 1425 2278 AEacides
1441 2244 1558 2276 subitos
1577 2244 1712 2285 aspirat

273 2291 324 2322 nis
341 2292 493 2332 annuus,'
517 2292 560 2323 de
585 2293 814 2333 parentalibus
830 2299 864 2324 et
883 2293 965 2325 liba·
1018 2295 1152 2336 amores]
1175 2295 1399 2327 Aristaenetus
1415 2294 1529 2336 Epist.
1550 2297 1603 2326 24.
1628 2293 1713 2333 ταχὺ

274 2341 419 2372 tionibus
437 2342 610 2382 intelligit,
629 2347 668 2374 ut
691 2341 798 2374 infra:
821 2343 830 2360 ‘
845 2342 967 2374 Annua
1018 2346 1056 2377 τὸ
1071 2345 1286 2387 ἐπαφρόδιτον.
1323 2346 1368 2377 Et
1384 2345 1525 2377 Graecus
1541 2344 1656 2386 poeta,
1673 2348 1713 2375 ut

275 2390 472 2422 Memnonio
484 2397 595 2431 pactae
609 2391 759 2422 solennia
771 2392 871 2423 busto
883 2392 906 2424 :¹
924 2393 966 2424 de
1020 2396 1229 2437 Epiphanius
1250 2396 1374 2436 allegat
1403 2395 1436 2426 iu
1467 2394 1712 2426 Nicolaitarum

274 2439 393 2481 quibus
408 2450 450 2471 ex
470 2440 623 2472 Heraldo
646 2441 895 2473 Kirchmanuus
909 2442 966 2475 lib.
1020 2445 1153 2481 haeresi,
1170 2454 1204 2485 p.
1218 2447 1270 2476 30.
1286 2443 1324 2475 τὸ
1339 2443 1456 2476 κάλλος
1469 2442 1640 2484 προύνικον.

276 2498 325 2520 lv·
355 2492 385 2521 2.
409 2489 486 2521 vide
513 2490 617 2521 etiam
644 2491 821 2522 Heinsium
847 2491 889 2522 de
914 2491 966 2522 his
1062 2497 1105 2526 86
1129 2494 1264 2526 Tenellos
1286 2494 1439 2535 Spondaeo
1459 2493 1580 2524 stabilit
1593 2492 1711 2524 animos

277 2544 435 2578 agentem
453 2541 493 2570 ad
510 2540 626 2571 Silium
643 2548 726 2572 xm.
741 2543 816 2572 471.
859 2541 968 2573 Loe'n·
1019 2543 1110 2585 pede]
1142 2544 1152 2560 ‘
1175 2544 1265 2584 Figit
1298 2542 1469 2583 animum:
1505 2542 1552 2573 ait
1588 2542 1712 2574 Dares.

277 2595 346 2618 sem
364 2588 508 2620 Miscell.
527 2598 576 2620 ιν.
593 2591 644 2620 19.
1023 2593 1189 2634 Respexit
1219 2594 1261 2625 ad
1291 2594 1484 2632 Horatium,
1515 2592 1571 2633 qui
1604 2592 1711 2633 Spon-

319 2639 360 2668 82
384 2637 575 2669 Febricitent
603 2638 723 2679 vultus]
746 2639 794 2671 Ut
815 2639 971 2681 Plautus,
1023 2642 1114 2673 daeos
1138 2642 1316 2674 ‘stabiles'
1346 2646 1466 2673 vocat:
1491 2641 1539 2672 ita
1561 2641 1714 2682 Persius,

276 2689 286 2703 ⁶
301 2691 468 2726 aegrotant
482 2688 595 2720 artes!
626 2689 827 2721 Lucretius:
844 2690 853 2706 ‘
865 2699 968 2730 aegro-
1021 2692 1031 2709 ⁴
1047 2692 1177 2723 Heroos
1207 2700 1324 2723 sensus
1337 2689 1359 2730 ς’
1389 2694 1426 2721 et
1464 2689 1586 2730 Papin.
1614 2692 1624 2709 ‘
1641 2690 1712 2722 He-

278 2740 330 2766 tat
342 2735 451 2767 fama!
474 2737 563 2768 Vide
573 2738 842 2777 Tanbmannum,
855 2739 910 2780 qui
926 2749 967 2771 ex
1023 2750 1098 2772 roos
1115 2750 1232 2782 gressu
1249 2745 1406 2772 truncare
1421 2739 1582 2771 tenores!
1627 2740 1711 2771 Pro-

279 2783 433 2816 victorio
457 2791 552 2818 notat
575 2788 655 2817 talia
674 2788 713 2818 ad
732 2788 918 2819 Bacchides
934 2793 969 2820 et
1022 2795 1111 2832 pert.
1134 2796 1142 2810 ‘
1157 2790 1288 2823 Heroas
1305 2788 1447 2822 manus.'

279 2835 510 2870 Trinummum
536 2839 664 2881 Plauti,
690 2839 895 2880 Giphanium
933 2840 966 2870 in
