1889 3194
248 279 333 320 392

770 290 968 321 JOSEPffl
1004 289 1168 320 lscANr

250 383 412 425 Murex
432 383 579 425 hausit
599 397 723 438 opeS,
755 397 866 439 quas
886 385 1077 426 nondum
1099 384 1262 425 oblitus
1284 382 1329 423 in
1351 396 1487 424 annos

249 450 497 491 Praesentes
516 452 729 501 meminit,
750 465 983 505 regumque
1004 449 1217 504 expendit
1237 451 1281 491 in
1304 464 1445 491 usum.

249 516 466 570 Scyllaeos
485 530 602 558 nova
619 518 775 570 praeda
795 531 925 559 canes
945 518 1001 558 ad
1022 517 1177 558 funera
1194 517 1345 558 moesti

1606 515 1692 556 360

249 582 444 634 Gurgitis
467 583 637 633 invitat,
660 584 819 624 co‘eunt
837 583 1094 624 latrantibus
1116 583 1247 624 undis

250 648 455 691 Monstra
475 650 600 691 sinus
623 650 780 699 Siculi,
801 649 957 690 dehinc
978 648 1139 689 hausto
1159 654 1336 690 nectare
1355 648 1449 689 diro

249 715 305 756 In
325 715 438 756 freta
458 721 717 769 sparguntur
738 716 928 756 similem
945 715 1157 756 venantia
1180 719 1351 768 potum.

306 781 368 823 At
386 782 560 823 fremitu
581 785 768 835 accepto
793 781 968 822 Nereus
992 793 1209 822 exeussus
1228 782 1284 822 ab
1306 781 1454 831 antris,

249 847 440 889 Motatis
459 848 677 889 horrescit
698 848 847 901 aquis:
879 847 1081 901 fontique
1099 848 1300 902 relapsus

1609 845 1694 886 365

249 913 516 955 Nascentem
535 915 740 968 explorat
758 915 919 964 lunam,
948 915 1134 968 visoque
1156 919 1305 955 meatu

251 980 397 1031 Quem
417 980 604 1033 genitrix
624 985 781 1022 natura
799 980 935 1030 dedit,
965 981 1161 1022 securior
1180 982 1286 1022 exit.

305 1046 448 1088 Immo
472 1048 602 1100 agite,
623 1048 822 1088 immisso
843 1048 1008 1089 bellum
1029 1049 1271 1090 consumite
1291 1052 1442 1101 ponto,

249 1113 312 1153 Di
333 1114 372 1153 si
391 1114 465 1166 qui
487 1114 698 1154 undarum
716 1127 727 1166 ;
758 1117 987 1168 raptaeque
1007 1113 1188 1156 Atlante
1206 1115 1384 1168 repulso

249 1180 524 1222 Evolvantur
544 1193 696 1234 aquae:
716 1180 824 1222 fatis
845 1181 1006 1235 injuria
1026 1182 1167 1235 prima

1609 1179 1694 1221 370

251 1246 521 1287 Excusanda
538 1246 637 1297 fuit,
660 1261 716 1288 an
737 1252 781 1289 et
799 1247 884 1288 hos
905 1248 1084 1301 impune
1104 1249 1267 1289 furores

257 1312 382 1353 Ferre
396 1313 557 1366 juvat?
589 1314 748 1355 misero
769 1314 1022 1367 completus
1044 1316 1252 1368 sanguine
1274 1318 1434 1368 pontus

250 1379 452 1432 Spumat,
473 1383 517 1419 et
536 1379 768 1420 incensum
787 1381 928 1421 fumat
947 1393 1078 1430 mare,
1100 1381 1250 1435 Scylla
1270 1380 1524 1435 Charybdin

251 1445 452 1495 Excitat,
475 1450 520 1487 et
537 1447 694 1487 nostris
714 1448 1008 1500 pinguescunt
1026 1452 1223 1488 monstra
1243 1447 1393 1488 ruinis.

252 1512 301 1552 Si
322 1516 497 1554 neutros
518 1525 748 1566 superesse
767 1517 911 1555 ratum
928 1526 939 1564 ;
971 1514 1009 1553 si
1023 1513 1177 1566 judice
1197 1527 1331 1566 poena

1610 1512 1698 1553 375

252 1579 424 1619 Elicitis
444 1591 618 1632 poenas,
641 1579 855 1634 Phrygios
874 1580 1064 1634 perjuria
1085 1585 1291 1632 mergent,

253 1645 518 1699 Exemplum
538 1647 716 1688 sceleris
738 1648 937 1696 Danaos,
960 1659 1061 1700 quae
1077 1647 1171 1701 jam
1192 1648 1341 1688 mora?
1373 1658 1555 1700 segnes:

254 1711 449 1753 Pronius
470 1713 515 1753 in
534 1713 709 1754 facinus
730 1714 868 1755 tardis
887 1714 1103 1755 ultoribus
1125 1714 1226 1755 itur.

314 1778 464 1820 Ardua
478 1780 572 1834 jam
593 1780 777 1833 trepidis
797 1792 1021 1821 murorum
1042 1785 1168 1834 septa
1188 1781 1378 1822 catervis

254 1844 410 1886 Iliacae
431 1850 601 1886 traxere
621 1859 777 1887 manus
795 1861 805 1887 :
837 1850 924 1888 stat
945 1847 1154 1888 Dardana
1173 1848 1311 1901 pubes

256 1910 343 1952 Pro
355 1911 525 1965 jugulis
548 1917 718 1954 armata
739 1912 832 1954 suis
850 1926 859 1954 :
891 1925 972 1954 nec
993 1914 1109 1954 enim
1130 1913 1283 1955 invida
1301 1914 1419 1967 regni

906 2044 1048 2076 NOTAE

256 2116 301 2146 ris
327 2115 471 2146 indicem
503 2116 609 2147 fuisse
638 2118 696 2148 ait.
743 2117 854 2149 Aliter
882 2119 952 2150 Na-

258 2165 449 2204 zianzenus,
467 2166 523 2206 qui
546 2168 694 2205 pastoris
709 2167 806 2208 Tyrii
823 2178 952 2208 canem,

256 2224 321 2245 non
332 2214 504 2254 Herculis,
513 2216 585 2246 vult
594 2214 695 2247 fuisse
705 2217 805 2248 Orat.
815 2221 953 2250 111.103.

257 2263 390 2295 Auctor
419 2264 644 2306 Etymologici
658 2276 666 2296 ε
694 2265 852 2307 ἁλουργὶς,
878 2267 953 2300 ἁλὸς

258 2312 373 2352 ἔργονς
396 2313 484 2354 quod
501 2315 645 2354 exponit
668 2315 711 2347 de
728 2317 867 2348 cochlea
882 2328 950 2349 ma-

258 2363 342 2393 rina.
389 2362 478 2393 Vide
503 2363 593 2396 Plin.
614 2373 665 2395 rx.
687 2366 812 2407 Scalig.
829 2368 952 2400 Exere.

259 2415 333 2444 325.
346 2414 422 2443 514.
464 2412 594 2444 Eodem
610 2414 709 2446 modo
721 2416 896 2448 corallium
909 2427 952 2449 ex

261 2463 364 2503 guttis
380 2462 501 2494 occisae
527 2463 681 2495 Medusae
707 2470 823 2496 natum
841 2467 955 2507 Orph-

261 2522 319 2543 eus
336 2512 454 2543 scribit
469 2512 526 2543 lib.
540 2512 776 2554 delapidibus.
791 2515 955 2548 Ovid.1v.

260 2562 401 2592 Metam.
419 2561 527 2602 virgas
547 2563 653 2603 capiti
670 2564 760 2594 illins
783 2565 954 2606 subjectas

261 2610 295 2640 in
306 2611 479 2642 corallium
495 2616 616 2644 mutat.
641 2613 748 2644 Plura
762 2613 803 2645 de
820 2614 954 2656 Purpu-

261 2668 299 2688 ra
317 2659 473 2690 Bernart.
488 2660 529 2691 ad
543 2661 665 2701 Sylvas
679 2662 804 2702 Papin.
817 2665 871 2696 46.

319 2711 381 2739 366
426 2710 611 2741 Nascentem
653 2713 794 2751 explorat
839 2714 957 2754 limam]

264 2758 351 2790 Quia
368 2758 582 2798 pelagitratia
598 2760 655 2791 illa
681 2762 754 2792 Dea
775 2763 879 2793 maria
900 2774 954 2794 va-

266 2807 323 2838 riis
349 2806 486 2838 aestibus
513 2808 733 2849 impraegnat:
768 2811 856 2851 quod
879 2822 954 2843 san-

1007 2119 1106 2159 guine
1127 2119 1233 2150 effuso
1255 2118 1381 2150 factum
1406 2117 1524 2158 fingit:
1558 2117 1567 2134 ‘
1581 2117 1699 2157 explo-

1007 2168 1081 2199 rat'
1104 2169 1251 2209 proprie.
1296 2167 1516 2206 Claudianus,
1538 2166 1604 2197 ‘Et
1615 2176 1698 2208 quos

1006 2223 1187 2250 nascentes
1212 2219 1370 2259 explorat
1391 2217 1525 2259 gurgite
1544 2216 1703 2257 Rhenus,’

1007 2276 1045 2299 11.
1062 2268 1093 2298 in
1111 2266 1294 2299 Ruffinum.

1049 2320 1112 2349 376
1136 2318 1295 2357 Phraegios
1315 2316 1450 2358 perjuria
1470 2320 1610 2356 mergent
1634 2317 1699 2348 Ex-

1007 2369 1136 2408 emplum
1152 2367 1278 2399 sceleris
1293 2367 1437 2407 Danaos]
1461 2365 1700 2397 Laomedontis

1009 2417 1208 2457 perjurium,
1233 2421 1269 2448 et
1298 2415 1500 2447 Graecorum
1525 2414 1634 2445 scelus
1664 2414 1700 2444 in

1009 2466 1174 2506 rapiendo
1200 2474 1302 2497 aureo
1325 2464 1464 2503 vellere,
1489 2473 1554 2504 quo
1578 2464 1700 2504 reliqui

1008 2516 1154 2557 invitati,
1168 2520 1326 2556 tanquam
1340 2513 1509 2553 exemplo,
1521 2522 1638 2544 causas
1650 2513 1701 2544 in-

1008 2567 1254 2606 teritusjustas
1270 2564 1409 2603 allegat.

1050 2619 1112 2647 378
1136 2615 1274 2646 Pronius
1287 2614 1321 2644 in
1333 2611 1463 2651 facinus
1476 2610 1578 2643 tardis
1591 2610 1702 2643 ultori-

1009 2663 1063 2695 bus
1087 2664 1168 2704 itur]
1206 2663 1263 2695 Sic
1288 2671 1329 2693 11.
1367 2661 1496 2692 ‘multa
1537 2666 1699 2693 nocentes

1009 2713 1179 2745 Emendat
1205 2711 1318 2743 vetitis
1339 2711 1437 2741 velox
1461 2710 1488 2741 si
1512 2711 1700 2742 occurrerit

1010 2763 1121 2798 ansis:
1140 2762 1196 2793 ubi
1221 2762 1329 2802 plura.
1376 2760 1555 2791 Sententia
1577 2760 1619 2791 ab
1635 2761 1699 2792 Ec-

1009 2813 1166 2844 clesiaste
1182 2816 1289 2843 sumta
1305 2810 1435 2842 videtur
1452 2819 1492 2841 ex
1511 2818 1589 2841 vul.
1608 2813 1657 2843 ll.
