1889 3194
448 339 602 371 PAULI
635 338 892 371 VINDINGII

196 432 307 465 ercitn
323 432 425 464 etiam
440 433 621 465 Phoenices
637 437 744 464 erant.

242 484 400 514 (Tamiram
429 487 459 514 et
487 484 646 524 Jalysum]
680 482 793 515 Strab.
817 492 893 516 XIV.

196 532 359 573 Κάμειρος,
372 534 425 564 εἴτ’
438 533 580 564 Ἰάλυσος
592 533 687 572 κώμη.
700 537 735 564 et
751 533 893 564 Diodor-

196 583 301 614 Sicul.
318 583 347 614 οἱ
367 585 426 620 τὴν
440 583 543 614 Ῥόδον
555 584 651 620 νῆσον
666 584 893 619 κατοικοῦντες,

199 631 251 662 καὶ
272 631 426 672 Ἰάλυσον,
448 632 498 663 καὶ
513 632 631 668 Λίνδον,
657 632 707 663 καὶ
732 631 894 673 Κάμειρον.

194 681 349 722 Jalysum
373 683 458 714 lianc
474 693 540 713 non
562 693 636 713 esse
660 683 801 713 eandem
817 693 893 714 cnm

196 731 316 762 Rhodo
339 732 421 763 nrbe
447 733 536 772 apud
555 732 704 763 Plinium
722 733 894 764 Casaubo·

196 789 260 811 nus
276 781 308 811 in
325 782 390 811 suis
410 782 450 812 ad
463 782 623 813 Strabon.
635 788 818 814 comment.
833 783 893 814 de-

196 831 406 861 monstravit.

240 880 383 911 Permotz'
411 881 544 920 querelis
573 881 782 922 Rhodiorum]
811 881 894 922 Leg.

196 929 207 947 ⁴
226 930 415 970 permotine
437 930 584 971 querelis
609 930 831 969 Rhodiorum,
850 940 893 961 an

195 979 378 1020 cupidine,’
393 982 459 1011 Sec.

239 1031 290 1070 §5
319 1030 355 1061 In
378 1030 532 1071 ordinem]
570 1030 580 1047 ‘
599 1030 709 1071 Inque
740 1029 892 1061 ordinem

197 1079 413 1111 reformatae.'

239 1129 257 1169 ξ
279 1132 296 1160 7
336 1130 562 1169 Impeditosque
590 1128 771 1169 dissolvere]
807 1130 893 1161 Dele

197 1178 397 1218 particulam
416 1183 424 1196 ‘
438 1178 528 1220 qne.'

240 1229 294 1268 §8
319 1229 384 1264 Qui
404 1232 544 1268 peterent
558 1228 677 1269 eorum]
699 1229 803 1260 Forte
825 1229 892 1269 leg.

196 1278 208 1295 ‘
223 1288 280 1309 eos
295 1278 335 1309 :'‘
350 1279 405 1319 qui
424 1283 581 1319 peterent
597 1289 668 1318 eOS,
683 1279 788 1319 quiin
805 1280 894 1310 bello

197 1327 409 1366 ceciderant,
438 1328 598 1359 humandi
624 1328 781 1360 veniam!
824 1329 894 1360 Sed

196 1381 231 1408 et
250 1378 304 1408 alii
321 1378 422 1418 priori
438 1377 538 1409 modo
556 1378 712 1418 loquendi
728 1379 777 1409 usi
795 1384 885 1410 sunt.

239 1427 383 1458 Seorsum
392 1428 431 1458 ab
442 1427 564 1458 caeteris
570 1433 704 1458 cremato
718 1427 894 1468 Memnone]

197 1477 335 1518 Quippe
351 1477 440 1517 apud
457 1477 560 1508 Indos
576 1482 611 1508 et
625 1477 803 1518 AEgyptios
825 1486 894 1508 mos

196 1526 274 1567 fnit,
298 1526 460 1558 funebres
483 1526 681 1566 Principum
706 1526 835 1557 tunicas
851 1536 893 1557 ex

197 1577 276 1607 licio
299 1576 388 1617 qnod
406 1575 473 1615 igni
496 1585 562 1606 non
581 1576 768 1606 absumitur
790 1575 895 1607 confi-

196 1636 287 1666 cere,
301 1627 416 1667 eisqne
438 1624 634 1657 defunctum
659 1625 813 1666 induere,
829 1635 895 1666 qno

196 1676 330 1708 cineres
345 1675 488 1706 cremati
513 1685 533 1705 a
548 1675 679 1715 reliqua
693 1674 809 1706 favilla
828 1675 894 1706 dis-

196 1726 364 1758 criminati
380 1725 507 1758 forent.
552 1726 597 1756 Et
612 1726 653 1757 ad
665 1726 754 1756 hunc
767 1735 892 1756 morem

196 1776 348 1816 respexit
363 1774 453 1806 sorte
475 1774 599 1806 Strabo
616 1783 652 1806 x.
668 1777 743 1806 446.
766 1775 775 1792 ‘
791 1774 892 1815 Apud

197 1824 394 1864 Caristnm‚'
426 1825 546 1866 inquit,
573 1829 582 1843 ‘
609 1824 694 1865 lapis
728 1825 893 1865 nascitur,

196 1874 254 1914 qui
277 1874 438 1914 plectitur
454 1879 490 1905 et
512 1874 653 1912 texitur,
668 1878 770 1914 atque
794 1884 836 1905 ex
852 1884 892 1906 eo

197 1924 351 1955 mantilia
370 1923 607 1960 conficiuntur,
623 1922 809 1963 (ὑφάσματα
828 1935 894 1963 χει·

196 1972 378 2015 ρόμαντρα,)
393 1984 467 2015 qnae
485 1974 543 2004 nbi
561 1973 693 2004 sordem
713 1979 893 2004 contraxe-

195 2027 289 2062 runt,
308 2023 342 2054 in
363 2022 528 2054 flanunam
549 2023 677 2062 injecta
694 2028 894 2062 purgantur,

197 2073 341 2114 perinde
359 2078 459 2114 atque
479 2073 606 2104 lotione
630 2072 810 2104 linteorum
827 2082 894 2103 nia-

196 2123 282 2155 culae
297 2122 481 2154 eluuntur!

239 2173 402 2212 Justisque
416 2172 530 2213 sactis]
553 2172 639 2203 Dele
656 2171 665 2189 ‘
682 2170 773 2212 qne,'
797 2175 835 2203 nt
859 2176 895 2203 et

197 2223 297 2263 paulo
324 2222 423 2258 infra,
453 2222 462 2239 ‘
478 2221 567 2252 ferre
585 2230 682 2261 aeqno
699 2221 808 2252 animo
827 2220 895 2252 for-

197 2278 289 2304 tnnae
309 2271 458 2312 bellique
487 2270 626 2302 adversa
641 2271 660 2307 ;’
689 2271 824 2301 omnino
849 2270 895 2301 ibi

198 2321 348 2354 tollenda
359 2321 530 2351 enclitica.
562 2320 618 2351 Sic
636 2328 692 2350 111.
711 2323 762 2350 10.
786 2325 794 2338 ‘
813 2321 894 2351 For-

198 2375 315 2403 tunam
331 2371 411 2402 belli
429 2371 564 2401 vincere
583 2368 789 2409 aggressnS.'

242 2422 316 2453 Non
333 2421 403 2460 jam
428 2422 514 2451 dolor
538 2421 572 2451 in
603 2429 675 2450 casu
701 2419 893 2461 Memnonis]

196 2471 282 2511 Leg.
296 2471 306 2488 ‘
320 2481 362 2501 ex
379 2470 482 2501 casu.’

241 2522 259 2562 ς
275 2523 296 2552 9
320 2520 510 2559 Indignatus
518 2521 650 2551 nondum
659 2519 720 2550 sibi
734 2530 753 2550 a
769 2519 897 2551 Priamo

196 2580 288 2611 super
303 2572 352 2602 his
366 2581 433 2610 quoe
447 2581 548 2601 secum
563 2574 753 2601 tractaverat
770 2571 896 2601 manda-

198 2621 278 2661 tum]
302 2623 311 2639 ‘
330 2621 530 2652 Mandatum
542 2620 550 2632 '
564 2619 716 2659 ejusdem
737 2619 791 2650 hic
808 2620 896 2650 valo-

196 2671 241 2701 ris
257 2676 310 2702 est
327 2680 366 2702 ac
382 2670 533 2700 mandat.
550 2677 609 2700 ιιι.
626 2671 657 2701 2.
702 2669 897 2700 Stomacha-

197 2720 301 2752 batur
316 2721 442 2761 qnippe
458 2719 608 2751 Achilles
625 2719 752 2749 nullum
770 2723 896 2750 tracta·

197 2776 293 2802 tunm
320 2772 470 2811 priorum
495 2769 655 2801 effectum
680 2770 896 2810 productum.

199 2820 291 2852 Hinc
316 2820 454 2851 tandem
480 2823 532 2852 10.
556 2821 566 2837 ‘
581 2819 736 2851 Priamus
761 2822 895 2859 tempus

198 2873 331 2911 nactus,
357 2869 488 2902 Idaenm
521 2868 565 2901 ad
596 2868 763 2902 Achillem
793 2878 895 2911 super

1185 337 1280 368 ωε.
1312 337 1380 369 ιν.
1555 326 1640 370 631

926 338 1067 370 NOTAE
1099 338 1149 369 IN

941 431 1122 473 Polyxena
1137 441 1212 463 cum
1230 430 1396 462 mandatis
1412 428 1541 461 mittit?

986 483 1004 522 ς
1023 485 1061 513 10
1085 482 1250 513 Rumorem
1268 480 1455 521 proditionis
1475 480 1641 511 clementer

942 530 1060 571 ortum]
1097 534 1106 549 ‘
1126 528 1354 570 Clementer‚’
1381 529 1510 560 levibns
1535 528 1642 559 initiis

942 585 978 612 et
1014 581 1208 612 auctoribus
1246 583 1369 610 ortum.
1412 578 1469 608 Ita
1505 577 1644 608 Sallust.

941 631 1101 670 Jugurtll.
1116 633 1170 662 23.
1192 631 1201 647 ‘
1221 628 1342 669 Legati
1358 628 1392 658 in
1404 626 1556 658 Africam
1573 636 1644 657 ma-

943 685 1095 712 turantes
1112 679 1266 718 veniunt,
1279 688 1319 709 eo
1333 677 1452 717 magis,
1464 676 1552 717 quod
1571 676 1643 706 Ro-

942 740 1018 769 mae,
1035 730 1112 760 dum
1131 729 1303 770 proficisci
1321 732 1452 768 parant,
1467 726 1509 757 de
1523 726 1644 767 proelio

942 778 1034 811 facto
1058 784 1093 811 et
1116 778 1369 820 oppugnatione
1395 777 1500 808 Cirtae
1527 776 1644 807 audie-

943 830 1056 862 batur.
1099 830 1166 862 Sed
1185 831 1210 861 is
1233 839 1348 860 rumor
1370 830 1518 859 clemens
1543 826 1644 858 erat.'

945 880 1021 911 Hoc
1038 885 1088 912 est
1116 889 1194 911 vero
1218 880 1336 920 major.
1373 877 1461 909 Vide
1491 877 1643 908 Priscia-

943 938 1035 961 num.

985 981 1002 1020 ξ
1020 983 1057 1011 11
1085 979 1178 1016 Quos*
1191 978 1285 1019 visos]
1307 978 1390 1018 Leg.
1414 977 1423 994 ‘
1438 976 1544 1010 Queis
1561 974 1642 1007 visis

942 1030 1095 1070 Ulysses,
1112 1030 1188 1061 Non
1205 1033 1334 1060 temere
1351 1032 1415 1063 est,
1430 1025 1560 1068 inquit.'

987 1080 1155 1110 Geminam
1181 1079 1246 1110 ictu
1273 1078 1449 1120 transfigit]
1473 1077 1559 1108 Sunt
1583 1075 1644 1116 qni

942 1138 961 1160 a
977 1130 1194 1160 Penthesilea
1217 1128 1362 1160 occisum
1384 1128 1551 1158 Achillem
1575 1131 1644 1157 tra-

943 1178 1042 1218 dunt,
1057 1184 1094 1209 ut
1111 1179 1243 1217 Telles3
1268 1178 1324 1208 alii
1336 1178 1462 1218 sagitta
1476 1178 1509 1208 in
1524 1181 1644 1208 ventre

943 1228 1049 1260 ictum
1066 1228 1108 1259 ab
1125 1228 1334 1267 Alexandro,
1350 1235 1386 1259 ut
1403 1228 1586 1258 Sostratus.

989 1280 1173 1310 Exosculati
1193 1282 1380 1319 postremum
1400 1276 1555 1316 salutant]
1578 1276 1644 1308 Ca-

945 1329 1018 1359 tull.
1036 1328 1207 1369 Epigram.
1220 1330 1294 1358 816.
1316 1332 1324 1345 ¹
1343 1328 1474 1367 Accipe
1491 1327 1644 1358 fraterno

945 1380 1084 1409 multum
1099 1379 1270 1409 manantia
1283 1377 1379 1417 fletu,
1394 1378 1507 1419 Atque
1521 1378 1553 1408 in
1569 1386 1645 1417 per-

946 1433 1085 1469 petuum
1109 1428 1217 1460 frater
1242 1438 1303 1460 ave
1326 1433 1429 1470 atque
1445 1427 1544 1459 vale.‘
1566 1428 1646 1458 Vir-

945 1479 1003 1518 gil.
1020 1487 1070 1509 xi.
1086 1478 1217 1510 AEneid.
1239 1483 1247 1495 ‘
1263 1479 1364 1509 Salve
1384 1482 1548 1509 aeternum
1564 1476 1646 1508 mihi

944 1527 1090 1558 maxime
1126 1527 1240 1566 Palla,
1273 1527 1516 1568 AEternnmqne
1547 1523 1648 1557 vale!

944 1576 1047 1608 Ovid.
1058 1585 1093 1607 x.
1104 1576 1245 1607 Metam.
1255 1577 1265 1592 ⁴
1276 1577 1547 1616 Supremumque
1557 1575 1647 1610 vale,

944 1626 1032 1667 quod
1044 1627 1117 1666 jam
1135 1626 1189 1657 vix
1209 1626 1347 1657 auribus
1370 1625 1427 1656 ille
1444 1624 1644 1666 Acciperet,

943 1675 1056 1708 dixit?

987 1727 1005 1766 ς
1023 1728 1062 1756 13
1086 1725 1244 1757 Summam
1256 1725 1379 1756 militia:
1392 1725 1546 1766 orbatam]
1561 1725 1645 1766 Leg-

943 1778 953 1792 ‘
969 1775 1175 1815 orbitatem,’
1191 1780 1230 1806 ut
1253 1780 1288 1806 et
1305 1775 1464 1805 ‘licuisse
1478 1774 1486 1787 ’
1502 1784 1563 1814 pro
1579 1775 1588 1792 ‘
1604 1775 1646 1805 li-

943 1825 1051 1856 cuerit
1066 1825 1085 1855 z’
1122 1829 1160 1856 ut
1189 1825 1478 1865 subintelligatur,
1505 1825 1515 1842 ‘
1539 1824 1645 1856 Dole-

943 1875 1050 1907 bant.’

988 1926 1051 1956 Per
1072 1925 1210 1956 triduum
1225 1923 1414 1956 continuatis
1428 1923 1565 1963 vigiliis]
1589 1923 1646 1955 Ita

943 1984 976 2006 v.
987 1978 1036 2006 16.
1050 1974 1059 1991 ‘
1071 1975 1140 2006 Per
1157 1975 1305 2005 triduum
1320 1974 1418 2005 funus
1431 1974 1545 2015 Ajacis
1559 1974 1646 2015 pub-

942 2025 1007 2055 lice
1023 2024 1238 2064 suscipinnt.’
1283 2024 1382 2056 Quod
1399 2028 1534 2064 tempus
1552 2033 1644 2055 more

945 2075 1082 2114 antiquo
1119 2073 1330 2105 contractius
1368 2073 1447 2104 fnit.
1493 2073 1645 2112 Servius,

942 2124 952 2141 ‘
971 2122 1056 2158 Est:
1073 2123 1196 2164 inquit,
1219 2124 1228 2140 ‘
1241 2122 1427 2161 sciendum,
1453 2122 1532 2163 qnia
1553 2123 1645 2163 apud

945 2173 1101 2213 majores,
1117 2173 1312 2213 ubicunque
1339 2172 1412 2212 quis
1439 2171 1561 2203 fuisset
1584 2182 1645 2204 ex-

945 2222 1101 2261 sumtus,
1125 2222 1166 2252 ad
1191 2221 1328 2252 domum
1353 2231 1445 2252 suam
1470 2220 1645 2253 refereba-

944 2276 1010 2312 tur,
1034 2277 1068 2303 et
1095 2272 1162 2302 illic
1187 2274 1219 2302 7.
1248 2271 1486 2302 reservabatur
1512 2272 1650 2312 diebus,

943 2327 1066 2353 octavo
1090 2321 1146 2352 die
1163 2320 1420 2357 incendebatur,
1436 2330 1523 2351 nono
1547 2330 1643 2362 sepe-

942 2370 1112 2402 liebatnr.’
1148 2370 1387 2410 Virg.lEneid.
1404 2379 1440 2401 v.
1466 2370 1475 2387 ‘
1491 2370 1648 2401 Praeter-

943 2430 984 2452 ea
1004 2422 1031 2452 si
1057 2431 1146 2452 nona
1172 2421 1260 2451 diem
1288 2420 1485 2451 mortalibus
1519 2421 1643 2451 almum

945 2469 1080 2501 Aurora
1106 2469 1293 2500 extulerit!
1338 2470 1449 2500 Etiam
1481 2479 1542 2509 per
1570 2469 1644 2501 dies

945 2523 997 2551 10.
1013 2519 1168 2551 funebria
1177 2519 1317 2550 durasse
1335 2520 1464 2551 Noster
1478 2520 1575 2551 testis
1589 2525 1642 2552 est

945 2580 998 2602 ιν.
1013 2572 1044 2602 1.

990 2621 1092 2656 Quam
1113 2619 1254 2659 reliquia>
1278 2620 1539 2660 coadunarentur]
1564 2620 1642 2651 Hoc

946 2674 1010 2709 est,
1024 2679 1123 2711 quam
1148 2679 1222 2700 ossa
1239 2678 1258 2699 a
1282 2669 1411 2708 reliquo
1431 2670 1547 2700 cinere
1571 2670 1642 2701 col-

944 2720 1033 2751 lecta
1053 2724 1088 2750 et
1110 2719 1144 2750 in
1167 2729 1285 2749 urnam
1308 2723 1473 2759 congesta
1491 2718 1641 2752 fuerant.

946 2769 1023 2800 Hoc
1040 2768 1169 2799 indicat
1184 2768 1282 2807 Virg.
1297 2776 1348 2799 νι.
1363 2768 1438 2799 AEn.
1461 2767 1471 2784 ⁴
1486 2768 1641 2810 Ossaque

944 2819 1036 2850 lecta
1043 2818 1129 2850 cado
1140 2818 1228 2851 texit
1240 2818 1435 2860 Choryneus
1446 2819 1577 2852 aheno.’
1592 2822 1641 2853 Et

946 2868 1086 2903 Homer.
1107 2869 1152 2903 11.
1180 2871 1233 2902 24.
1252 2867 1371 2902 Ὀστέα
1391 2868 1488 2903 λευκὰ
1508 2868 1640 2910 λέγοντο
