1889 3194
229 277 313 319 :378

745 289 948 318 JOSEPHI
985 288 1148 318 lsCANt

234 383 282 422 Si
301 395 439 422 rerum
453 383 591 435 justis
612 383 812 423 metimur
833 383 1031 436 partibus
1053 395 1195 430 usum,

233 448 373 489 Omne
394 448 559 489 homini
581 463 806 491 commune
829 450 988 496 solum,
1010 449 1087 488 sed
1103 448 1205 500 jura
1223 458 1405 499 perosus

234 515 418 555 Publica
435 516 660 568 sacrilegis
681 520 881 555 naturam
903 515 1111 554 barbarus
1131 513 1253 553 ausis

234 581 472 630 Coutrahit,
493 585 535 621 et
555 582 759 634 proprios
782 581 1018 633 Phrygiam
1037 579 1257 632 phariscat
1276 579 1318 618 in
1335 590 1457 618 usus.

1593 576 1679 617 125

291 647 330 687 Ο
352 645 477 688 Asiae
500 649 698 700 pollentis
721 648 859 699 opes!
895 646 933 686 Ο
957 646 1171 697 Pergama
1189 645 1294 685 nulli

235 712 498 765 Tranquillo
519 726 701 753 cessura
722 713 846 754 Deo!
875 713 936 752 nil
958 712 1065 752 dura
1087 724 1282 751 sororum

237 779 376 828 Licia,
393 779 501 819 nihil
523 779 674 832 Superi
696 785 911 832 peccant3
943 792 1046 830 gens
1068 778 1213 817 incola
1230 777 1369 827 fatum

237 845 348 897 Ipsa
365 845 484 894 facit,
506 845 621 885 coelo
643 845 860 898 Phrygius
881 848 1084 897 parcente
1104 848 1292 885 meretur

236 911 445 960 Exilium,
470 911 658 962 gladios,
681 911 901 952 incendia.

963 910 1155 951 Pellitur
1176 909 1313 960 Argo,

1596 907 1682 948 130

237 976 556 1030 Armatumque
576 977 734 1018 Jovem
755 977 914 1017 mediis
936 981 1094 1017 exorat
1111 977 1155 1016 in
1174 975 1321 1015 undis.

237 1043 301 1083 At
321 1043 469 1084 Danai
490 1044 675 1095 flagrant
696 1044 853 1084 animis
875 1043 1159 1096 poscentibus
1181 1055 1302 1082 arma

239 1108 342 1157 Quo
367 1110 478 1162 rapit
497 1109 563 1149 ira
582 1109 723 1162 sequi,
746 1109 984 1162 gladioque
1006 1109 1147 1149 ultore
1172 1107 1419 1161 pudendam

242 1174 466 1215 Excusare
487 1175 638 1227 fugam
657 1189 667 1217 ε
705 1180 874 1225 contra,
896 1175 1142 1229 prudentia,
1165 1175 1304 1215 turbae

893 1297 1035 1328 NOTAE

284 1368 344 1396 123
359 1367 457 1397 Omne
465 1367 582 1398 homini
592 1377 749 1400 commune
758 1369 869 1409 solum]
883 1369 934 1399 Ex

241 1415 298 1445 illo
310 1416 434 1455 Papin.
449 1416 554 1447 Theb.
573 1425 655 1448 vm.
678 1419 687 1435 ‘
702 1418 814 1448 Omne
830 1419 935 1449 homi-

241 1466 274 1496 nl
289 1467 400 1496 natale
421 1467 550 1498 solum:
585 1467 820 1505 Κοσμοπολῖταί
831 1469 935 1507 ἐσμεν,

241 1515 358 1555 ὄφελον
383 1515 415 1547 δὲ
438 1516 687 1556 οὐρανοπολΐται.
724 1520 802 1549 Seu.
826 1520 935 1559 Epist.

243 1569 296 1597 18.
319 1570 328 1585 ‘
349 1567 424 1598 Non
439 1576 510 1596 sum
528 1568 584 1597 uui
602 1569 724 1607 angulo
740 1572 858 1599 natus:
878 1578 934 1608 pa-

242 1616 309 1646 tria
321 1625 396 1646 mea
414 1619 504 1646 totus
519 1616 573 1647 hic
589 1621 641 1647 est
657 1616 828 1648 muudus.'
865 1617 936 1648 Ho-

242 1671 308 1697 rat.
337 1670 345 1682 ¹
364 1665 453 1696 Nam
484 1666 629 1706 propriae
660 1667 791 1697 telluris
821 1667 936 1697 herum

243 1718 365 1745 natura
392 1723 503 1755 neque
532 1715 640 1755 illum,
670 1715 745 1746 Nec
777 1725 842 1754 me,
873 1726 937 1747 nec

243 1773 434 1804 quenquam
457 1763 602 1794 statuit.'
654 1764 783 1795 Plutar.
806 1766 937 1805 prolixe

243 1814 285 1843 de
307 1813 418 1844 Exilio
444 1816 536 1844 1069.
581 1813 753 1853 Euripidis
769 1819 805 1844 et
823 1814 938 1845 Ovidii

243 1862 339 1894 dicta
366 1867 448 1893 nota
470 1867 559 1893 sunt.
615 1863 727 1894 Coint.
753 1864 886 1904 Smyrn.
913 1873 940 1895 1.

245 1912 416 1951 Παραλείπ.
431 1911 526 1944 Ξυνὸν
542 1913 568 1943 δ’
583 1911 621 1943 αὖ
635 1912 787 1944 πάντεσσι
799 1913 877 1953 φάος
889 1913 940 1944 καὶ

245 1961 380 2001 νήχυτος
395 1961 462 2002 ἆὴρ.
507 1961 594 1992 Vide
617 1962 794 1992 Philonem
818 1963 852 1993 in
872 1962 939 1994 fine

247 2011 304 2042 lib.
330 2011 372 2042 de
399 2011 593 2042 Cherubim.
621 2013 674 2042 99.
702 2011 783 2042 item
813 2011 872 2042 lib.
897 2011 939 2042 de

246 2061 453 2101 agricultura
470 2063 543 2090 153.

292 2113 351 2141 125
376 2110 525 2149 Proprias
542 2109 715 2149 Phrygiam
736 2110 893 2149 phariscat
907 2110 941 2140 in

246 2159 335 2200 usus]
361 2158 534 2190 Adesdum
554 2159 729 2199 Hercules,
758 2165 766 2177 ¹
780 2162 833 2190 cui
850 2170 942 2191 mon-

250 2215 321 2241 stra
333 2210 462 2250 potenti
480 2209 657 2240 Debentur
673 2210 860 2250 frangenda
875 2220 941 2241 ma-

249 2259 328 2290 nul’
347 2259 427 2300 quid
453 2259 533 2289 illud
554 2259 741 2299 phariscat?
771 2261 848 2300 lego
874 2270 944 2291 con-

237 2309 346 2351 fiscat.
374 2308 479 2339 verbo
503 2308 592 2349 quod
616 2309 779 2340 Suetonio
796 2315 830 2340 et
848 2310 945 2340 Floro

249 2362 466 2398 usurpatum:
486 2358 566 2398 quid
585 2367 664 2388 vero
677 2358 778 2399 fiscus
796 2360 945 2399 proprie,

250 2408 328 2438 vide
353 2407 500 2438 Nonium
529 2407 738 2442 Marcellum,
761 2413 795 2438 et
818 2407 942 2440 Ascon.

251 2457 436 2488 Pediannm
451 2456 483 2487 in
500 2459 532 2486 2.
557 2457 638 2486 Ver.
656 2457 737 2489 Ant.
755 2457 942 2498 August.in

251 2507 404 2545 Festum,
434 2505 593 2546 Szffscus.
644 2506 811 2545 Isidorus,
847 2511 857 2524 ‘
875 2508 944 2538 Fis-

250 2565 310 2586 cus
325 2559 378 2586 est
393 2565 510 2586 saccus
527 2555 705 2595 publicus!
737 2556 816 2587 Seu.
834 2557 943 2597 Epist.

252 2606 265 2633 l
275 2606 325 2633 19.
343 2608 351 2620 ¹
371 2604 440 2642 Ego
454 2613 650 2643 paraveram
663 2604 783 2643 fiscos,’
797 2605 839 2635 de
852 2615 944 2636 scor-

252 2659 308 2683 teo
326 2653 433 2691 ρτίνο.
478 2653 702 2693 Glossarium,
725 2654 866 2695 confisco,
889 2667 944 2685 τα-

254 2701 346 2740 μιέυω
375 2699 503 2739 δημέυω,
532 2701 691 2739 ταμίευσις
713 2704 850 2743 fiscatio,
876 2714 946 2743 pro-

254 2750 392 2789 scriptio,
404 2750 571 2789 ταμιοῦχος
585 2751 776 2791 confiscator.
802 2752 876 2783 Erit
890 2753 944 2782 hic

252 2797 621 2839 confiscat,23107roae?wc‚
644 2801 707 2835 vel,
734 2806 770 2832 ut
791 2801 891 2832 Plato
910 2807 945 2832 et

989 1369 1181 1409 Xenophon
1195 1370 1389 1410 loquuntur,
1400 1368 1585 1410 σφετερίζει.
1596 1378 1686 1399 com·

989 1420 1100 1450 munia
1117 1420 1149 1449 iu
1166 1429 1260 1449 suum
1275 1429 1369 1450 usum
1383 1419 1498 1456 vertit,
1509 1419 1564 1459 qui
1580 1417 1686 1448 Arist.

990 1478 1024 1498 v.
1048 1469 1088 1498 de
1111 1469 1215 1499 Polit.
1237 1472 1291 1499 est
1311 1466 1527 1508 σφετεριστής.
1570 1467 1686 1497 Talem

989 1518 1153 1548 describit
1177 1517 1388 1548 Prudentius
1413 1518 1445 1547 iu
1470 1516 1588 1556 ψύχομ.
1610 1516 1688 1556 ‘ju-

991 1572 1048 1598 vat
1064 1566 1222 1597 infercire
1238 1567 1406 1597 crumenis
1416 1567 1529 1606 Turpe
1546 1567 1688 1603 lucrum,

992 1621 1027 1647 et
1049 1616 1207 1656 gravidos
1231 1615 1336 1646 furcis
1351 1615 1548 1646 distendere
1565 1613 1690 1645 fiscos!

993 1664 1085 1698 Quid
1110 1665 1136 1695 si
1159 1665 1250 1705 legat
1272 1664 1345 1705 quis
1363 1664 1520 1695 variscat?
1570 1663 1688 1695 Varum

992 1715 1081 1745 enirn
1094 1719 1147 1744 est
1160 1723 1316 1752 curvum;
1333 1712 1412 1745 inde
1424 1713 1554 1752 varic-ert,
1567 1712 1689 1743 varica:

998 1762 1089 1794 Vibia
1103 1772 1208 1793 varam
1225 1762 1377 1802 sequitur,
1400 1762 1443 1793 de
1467 1771 1533 1803 quo
1551 1771 1688 1802 prover-

994 1813 1048 1843 bio
1064 1813 1218 1852 Scaliger
1232 1813 1273 1843 ad
1289 1812 1488 1844 Ausonium.
1520 1813 1631 1844 Varro
1647 1821 1691 1844 11.

993 1862 1045 1893 De
1063 1871 1098 1892 re
1113 1862 1258 1892 rustica:
1274 1861 1284 1878 ‘
1298 1862 1451 1893 cruribus
1466 1862 1568 1892 rectis
1580 1866 1615 1893 et
1631 1871 1690 1902 po-

994 1913 1060 1943 tius
1078 1912 1179 1951 varis,
1195 1921 1296 1951 quam
1314 1911 1444 1951 valgis.’
1467 1911 1564 1942 Idem
1580 1912 1589 1929 ‘
1605 1911 1691 1942 vari-

993 1971 1034 1992 co
1044 1960 1052 1973 '
1069 1962 1091 1992 l.
1103 1970 1154 1992 ιν.
1170 1962 1206 1992 L.
1217 1961 1254 1990 L.
1288 1961 1432 1992 Ennius:
1451 1963 1460 1980 ⁴
1472 1961 1619 1992 consiliis
1632 1961 1692 1991 ob-

995 2015 1125 2049 varant,
1138 2011 1258 2050 quibus
1273 2014 1384 2041 tamen
1398 2010 1557 2041 concedit
1570 2010 1622 2041 hic
1636 2020 1691 2041 or-

994 2059 1062 2091 do!
1103 2060 1169 2090 Sed
1187 2064 1255 2090 tum
1279 2060 1432 2100 analogia
1455 2064 1613 2100 posceret
1635 2069 1691 2091 va-

993 2110 1094 2145 riscit,
1121 2109 1173 2140 vel
1194 2110 1340 2141 var-ascit.
1385 2110 1585 2141 Inchoativa
1600 2109 1690 2140 enim

996 2159 1108 2189 omnia
1122 2159 1211 2189 tertii
1228 2159 1367 2198 ordinis,
1378 2163 1415 2190 ut
1430 2164 1586 2190 statuunt
1600 2159 1692 2190 Pris-

997 2208 1126 2243 cianus,
1142 2207 1340 2248 Diomodes,
1355 2213 1391 2240 et
1403 2208 1590 2249 Sosipater.

1042 2260 1104 2288 128
1130 2258 1215 2288 Gens
1241 2258 1341 2288 incola
1362 2258 1473 2296 fatum
1503 2258 1578 2298 Ipsa
1589 2257 1692 2298 facit]

1000 2306 1161 2337 Adversae
1199 2306 1343 2338 fortunae
1379 2307 1443 2338 sibi
1483 2306 1580 2338 faber
1624 2313 1692 2339 est.

1000 2356 1104 2387 Ovid.
1135 2356 1284 2387 Halieut.
1317 2359 1327 2375 ‘
1342 2356 1411 2387 Suo
1435 2360 1598 2397 properat
1627 2356 1692 2388 sibi

1000 2406 1120 2437 robore
1137 2405 1270 2437 fatum!

1041 2457 1102 2485 134
1135 2455 1324 2494 Prudentia,
1347 2454 1446 2485 turboe
1474 2464 1549 2485 rara
1576 2456 1690 2496 comes]

997 2503 1192 2535 Adductum
1211 2503 1331 2543 Papin.
1352 2503 1459 2534 Theb.
1476 2512 1511 2534 x.
1526 2506 1600 2536 384.
1623 2507 1633 2522 ‘
1648 2505 1693 2536 Et

997 2553 1065 2584 fors
1076 2552 1267 2593 ingentibus
1277 2553 1363 2582 ausis
1372 2553 1462 2583 Rara
1471 2553 1608 2584 comes.'
1622 2553 1695 2586 Jul.

999 2604 1084 2634 Caes.
1102 2612 1136 2634 v.
1159 2602 1202 2633 de
1228 2602 1314 2632 Bell.
1334 2602 1424 2633 Gall.
1446 2603 1456 2619 ⁴
1471 2602 1572 2633 Plebs
1589 2613 1693 2644 prop·

998 2658 1050 2684 ter
1064 2651 1324 2692 imprudentiam
1337 2651 1533 2692 plerumque
1544 2652 1694 2685 labitur.'

995 2704 1005 2720 ‘
1018 2703 1113 2733 Mens
1128 2700 1217 2740 vulgi
1232 2700 1368 2730 rationis
1380 2700 1500 2741 inops,’
1511 2702 1617 2732 Prud.
1629 2703 1694 2733 Ea-

998 2753 1073 2783 dem
1085 2751 1226 2783 Pindari
1239 2750 1420 2790 sententia,
1430 2751 1530 2783 Nem.
1541 2755 1572 2782 7.
1582 2752 1694 2783 Cicer.

999 2811 1060 2842 pro
1087 2801 1222 2833 Clueut.
1251 2800 1392 2839 Seneca,
1424 2805 1432 2818 ‘
1449 2800 1694 2841 Argumentum
