1889 3194
448 299 621 330 ULRIGI
654 297 897 329 oBRECH'rl

178 401 256 425 cum
291 391 498 424 Tertulliano
540 397 577 425 et
612 391 875 426 Jureconsultis.

178 443 366 481 Διακοσμεῖν
391 443 562 483 digerere,
588 449 677 484 acta,
703 453 768 481 res,
791 448 876 473 tem·

178 502 281 533 pora:
307 493 396 534 qnod
421 493 585 524 Historici
613 492 804 533 praesertim
824 502 876 522 so-

179 544 272 574 ient:
296 543 398 574 etiam
424 544 472 574 ini
490 544 545 584 qui
563 553 630 574 uon
654 543 717 573 nisi
733 540 876 582 ἐφημερί·

177 593 234 623 δας
246 592 326 623 dare
339 602 374 622 se
387 592 600 632 profitentur.
647 593 734 624 Nam
748 593 775 622 si
789 593 876 623 huuc

178 651 320 682 opernm
359 643 492 673 titulum
523 642 564 673 ad
603 647 700 673 actus
738 641 877 673 diurnos

179 696 312 722 tantum
337 691 466 722 referre
493 692 589 731 velis,
608 691 688 733 quid
717 692 774 723 fiet
801 692 876 723 Cae—

177 741 263 771 saris
276 741 540 777 commentariis,
553 751 636 781 quos
652 741 768 782 utique
782 741 876 780 Ἐφη-

176 788 299 828 μερίδας
316 790 448 820 vocavit
470 790 695 821 Plutarchus?
725 790 793 821 Sed
819 799 875 821 no-

177 843 250 870 tum
267 844 319 870 est
337 838 378 869 de
397 838 438 869 iis
454 839 630 870 Ciceronis
647 840 874 871 testimonium

176 888 211 919 in
237 888 356 919 Bruto.
403 889 449 919 Et
471 898 663 929 quanquam
679 889 756 920 olim
781 889 876 920 Com·

177 939 350 979 meutarii,
370 947 434 969 non
461 938 571 969 diurni
593 940 725 977 saltem,
752 940 811 970 sed
841 945 876 971 et

177 989 340 1024 Annales,
371 989 414 1020 ab
445 988 599 1020 Historia.
627 989 875 1029 distingueren-

176 1044 243 1074 tur,
280 1044 398 1080 postea
423 1043 536 1069 tamen
563 1048 642 1069 usus
669 1039 876 1078 permiscuit.

177 1087 249 1120 vid.
279 1089 411 1120 Gellius
438 1089 481 1119 N.
510 1087 553 1120 A.
576 1097 612 1120 v.
642 1091 693 1120 lS.
747 1089 810 1120 Est
841 1094 876 1120 et

176 1138 361 1170 Poetarum
378 1136 556 1176 διάκοσμος.
592 1137 706 1178 Atque
718 1138 875 1170 internos

174 1189 259 1219 alius
294 1189 491 1229 Epicorum‚
524 1189 607 1219 alius
641 1187 876 1228 Tragicorum,

175 1237 234 1278 qui
257 1248 332 1270 cum
350 1248 405 1269 res
423 1248 502 1270 vere
519 1244 645 1278 gestas,
668 1243 705 1269 ut
727 1239 877 1278 Troicas‚

176 1287 360 1327 Romanas,
384 1288 478 1323 alias.
501 1288 605 1328 juxta
627 1288 736 1327 legem
761 1288 875 1327 operis

177 1337 228 1367 sui
245 1343 446 1373 contexunt,
463 1338 542 1378 quid
561 1338 651 1368 aliud
677 1348 774 1378 quam
799 1337 876 1368 His-

176 1387 297 1418 toriam
326 1387 491 1426 scribunt,
521 1387 653 1428 poetice
680 1387 874 1426 digestam?

177 1438 339 1469 Ceterum
355 1439 484 1478 aliquos
507 1443 586 1468 ante
609 1437 795 1468 Homerum
816 1447 875 1467 ex-

176 1487 317 1518 coluisse
329 1486 390 1524 τὴν
401 1485 543 1518 ὑπόθεσιν
552 1485 690 1523 Ἰλιακὴν
700 1487 781 1517 satis
794 1496 874 1517 con-

176 1542 256 1575 stat,
265 1542 366 1577 atque
378 1538 537 1576 imprimis
548 1538 708 1568 Daretem
717 1535 774 1577 πρὸ
783 1535 875 1574 ‘Op-sy-

175 1597 230 1626 ρου
243 1585 300 1623 τὴν
313 1585 429 1617 Ἰλιάδα
447 1586 623 1627 scripsisse
642 1591 786 1617 testatur
803 1586 873 1616 An-

176 1636 303 1676 tipater
325 1635 512 1667 Acanthius
534 1635 623 1674 apud
647 1636 872 1666 Ptolemaeum

176 1685 275 1717 initio
290 1686 348 1722 τῆς
360 1684 402 1717 εἷς
409 1684 602 1723 πολυμαθίαν
613 1685 718 1721 καινῆς
728 1684 873 1725 ἱστορίας.

176 1736 243 1766 Sed
272 1735 544 1776 Ephemeridem,
568 1745 643 1775 quae
670 1735 790 1776 Dictys
818 1745 874 1766 no-

177 1795 255 1816 men
285 1784 502 1826 praeferebat,
528 1784 667 1815 Iliadem
697 1793 769 1815 esse
799 1789 877 1825 post

177 1834 365 1866 Homerum
382 1835 544 1874 scriptam
561 1843 626 1864 non
644 1833 755 1874 potuit
780 1833 875 1873 igno-

176 1894 250 1916 rare
265 1884 399 1916 suidas.
445 1884 595 1915 Homero
609 1889 720 1914 autem
737 1888 875 1922 praeter-

178 1934 291 1972 missa,
306 1943 428 1974 nempe
442 1933 484 1964 τὰ
493 1931 560 1973 περὶ
575 1933 628 1969 τῆς
642 1930 794 1973 ἁρπαγῆς,
807 1943 837 1963 κ.
846 1944 876 1963 τ.

178 1989 210 2014 λ,
222 1984 317 2014 multi
328 1984 564 2022 exet-misum,
575 1989 673 2023 atque
686 1983 774 2012 inter
786 1982 876 2013 Lati-

179 2042 240 2064 nos
254 2034 357 2063 etiam
375 2034 515 2064 Macer:
541 2034 583 2063 ad
599 2042 696 2073 quem
714 2032 816 2063 Ovid.
833 2033 875 2063 de

179 2082 310 2114 Ponto:
334 2084 344 2099 ‘
362 2083 414 2113 'l'u
438 2082 529 2113 canis
557 2087 686 2112 aeterno
713 2081 874 2122 quicquid

177 2133 329 2163 restabat
345 2131 508 2168 Homero,
520 2131 574 2163 Ne
591 2136 730 2162 careant
747 2140 875 2162 summa

176 2181 298 2212 Troica
316 2181 405 2213 bella
420 2180 545 2213 manu!

457 2265 547 2296 LIB.
570 2264 600 2296 1.

222 2334 238 2374 ξ
256 2335 271 2364 1
289 2331 342 2363 Ad
356 2331 536 2362 dividendus
550 2332 632 2361 inter
644 2340 676 2361 se
685 2330 777 2362 Atrei
791 2330 875 2371 opes]

178 2383 304 2414 Verum
323 2382 422 2421 Regis
435 2382 531 2421 hujus
547 2389 668 2411 nomen
686 2381 775 2419 apud
793 2382 874 2411 Cie-

180 2438 293 2463 tenses
309 2430 496 2463 ‘Cati-eus:
540 2430 673 2468 Testes,
703 2430 874 2461 Diodorus

180 2482 314 2513 Siculus
337 2489 372 2512 v.
397 2483 450 2512 59.
481 2478 683 2518 Ἀλθαιμένης
703 2480 720 2510 ὁ
734 2479 876 2520 Κατρέως

180 2531 255 2567 υἱὸς,
264 2531 321 2562 τοῦ
333 2528 631 2571 Κρητῶνβασιλέως.
646 2529 831 2560 Pausanias
843 2530 874 2560 in

183 2580 360 2613 Arcadicis
388 2580 429 2610 de
453 2580 615 2619 Tegeatis
630 2590 638 2608 ε
662 2577 812 2617 λέγουσιν
835 2579 876 2610 ὥς

182 2630 408 2670 Τεγεάτουτῶν
418 2630 532 2661 παίδων
541 2628 662 2660 ἔδειτὸν
671 2628 768 2660 τόπον
774 2640 875 2668 μετοι·

180 2681 274 2717 κῆσαι
288 2681 320 2711 ἐς
335 2679 460 2720 Κρήτην
475 2679 612 2717 Κύδωνα,
630 2678 761 2718 Κατρέα,
774 2678 875 2718 Ἀρχί-

179 2732 258 2769 διυν,
274 2730 325 2761 καὶ
340 2729 484 2772 Γόρτυνα.
508 2728 567 2759 Καὶ
578 2727 638 2759 ἀπὸ
651 2727 770 2758 τούτων
780 2727 876 2767 φασὶν

181 2781 386 2819 ὀνομασθῆναι
413 2780 471 2812 τὰς
494 2778 603 2811 πόλεις
622 2777 787 2815 Κυδωνίαν,
803 2778 874 2819 Γόρ·

179 2844 266 2869 τυιά,
280 2831 413 2872 Κατρέα.
436 2831 555 2871 Κρῆτες
564 2828 596 2861 δὲ
611 2828 672 2869 οὐχ
686 2829 874 2869 ὁμολογοῦν·

1110 293 1162 327 IN
1197 296 1293 326 Lm.
1325 295 1357 326 1.
1534 286 1623 328 603

932 297 1075 328 NOTAE

924 401 978 422 τες
1003 390 1049 430 τῷ
1081 390 1246 429 Τεγεατῶν
1281 388 1381 428 λόγῳ,
1413 387 1540 420 Κύδωνα
1566 389 1624 428 μὲν

923 439 1150 472 Ἀκακάλλιδος
1165 439 1316 480 θυγατρὸς
1330 439 1415 470 Μίνω
1430 439 1481 470 καὶ
1499 441 1623 480 Ἑρμοῦ,

925 491 1049 532 Κατρέα
1064 489 1097 521 δέ
1110 496 1207 530 φασιν
1223 488 1297 520 εἶναι
1318 488 1414 528 Μίνω,
1428 489 1484 520 τὸν
1502 488 1534 521 δὲ
1551 489 1623 529 Γόρ-

924 553 1001 572 τυνα
1015 539 1244 579 Ῥαδαμάνθυος.
1268 539 1336 570 Sed
1355 548 1415 579 per
1432 538 1622 578 aphaeresin

924 591 1015 623 haud
1044 591 1239 622 inusitatam
1263 590 1406 620 invaluit
1428 593 1467 620 ut
1496 588 1623 620 Atreus

926 641 1101 672 diceretur
1121 653 1130 674 ς
1167 650 1187 671 a
1225 639 1346 681 quibus
1390 638 1480 670 haud
1520 638 1624 669 dubie

923 691 1066 730 sumpsit
1086 691 1223 722 Noster.
1249 688 1479 729 Apollodorus
1496 689 1624 720 Biblio-

925 741 1034 772 thecae
1052 751 1092 772 ιι.
1115 741 1158 772 de
1179 742 1346 782 Nauplio:
1380 740 1451 781 πρὶν
1469 739 1500 771 δὲ
1515 746 1624 771 τελευ-

924 791 1017 827 τῆσαι
1042 790 1169 830 ἔγημεν,
1195 791 1235 823 ὣς
1261 790 1319 830 μὲν
1347 791 1376 822 οἱ
1403 791 1544 832 τραγικοὶ
1570 790 1624 821 λέ-

923 850 1029 879 γουσι,
1044 840 1208 879 Κλυμένην
1219 841 1279 878 τὴν
1291 839 1430 881 Ἀτρέως.

968 891 1083 921 Dictus
1103 901 1143 922 ex
1167 893 1270 922 Cretae
1289 890 1363 930 Ida]
1396 891 1451 922 Ita
1474 890 1624 922 Merceri

925 940 1009 971 Cod.
1041 950 1104 971 nec
1132 942 1236 971 inulto
1262 941 1363 971 aliter
1391 940 1472 980 Arg.
1497 940 1624 972 ‘dictis

925 998 968 1019 ex
985 990 1098 1020 Cretae
1125 989 1211 1021 Ida!
1256 990 1437 1021 Cretenses
1464 989 1623 1021 nimirum

925 1039 1074 1071 dialecto
1105 1050 1166 1071 sua
1190 1040 1293 1071 eones
1316 1045 1510 1081 praeruptos
1537 1039 1625 1079 ἄξους

925 1094 1109 1120 vocarunt:
1133 1090 1211 1120 inde
1230 1089 1347 1129 Ὄαξις,
1361 1095 1409 1128 et,
1427 1090 1516 1131 quod
1534 1091 1623 1122 idem

925 1143 989 1178 est,
998 1138 1110 1177 Οἴαξις,
1120 1138 1234 1179 χωρίον
1242 1139 1395 1179 Κρητικὸν
1404 1139 1624 1181 ὑψηλὸν,3ρυά

925 1188 1174 1228 Etymologum,
1205 1199 1245 1219 ac
1269 1189 1339 1219 κατ’
1365 1189 1478 1228 ἐξοχὴν
1503 1190 1624 1229 pr7eci-

927 1247 1010 1277 puos
1048 1237 1162 1268 Cretae
1192 1243 1323 1268 montes
1354 1238 1490 1269 Dictam
1521 1244 1624 1279 atque

924 1287 1022 1318 Idam
1039 1289 1182 1320 notavit.
1219 1288 1250 1319 A
1263 1298 1403 1329 quorum
1421 1290 1530 1320 attero
1547 1290 1625 1321 (Ea-

925 1338 974 1368 cis
1004 1347 1124 1369 nomen
1157 1337 1290 1369 derivat
1319 1338 1519 1378 Septimius,
1541 1340 1628 1379 sive,

925 1387 1015 1428 quod
1051 1388 1160 1427 potius
1199 1397 1287 1423 reor,
1318 1388 1521 1419 Scholiastes
1551 1389 1624 1429 qui-

925 1437 1002 1467 dam
1023 1437 1193 1477 Septimii.
1237 1438 1418 1468 Pertineut
1436 1438 1500 1468 huc
1519 1437 1624 1478 Apol-

924 1487 1005 1518 lonii
1028 1487 1087 1518 ilia
1111 1497 1152 1518 ex
1183 1487 1490 1528 Argonauticorum
1516 1489 1574 1520 lib.
1600 1498 1625 1520 ι.

925 1535 967 1566 de
997 1536 1154 1576 Dactylis
1185 1536 1306 1567 Idaeis:
1332 1537 1393 1568 0555
1413 1549 1491 1568 ποτε
1519 1537 1623 1577 νύμφη

923 1584 1082 1625 Ἀγχιάλη
1095 1586 1244 1616 Δικταῖον
1257 1585 1316 1617 ἆνὰ
1330 1585 1438 1627 σπέος,
1453 1586 1624 1628 ἀμφοτέρῃ-

925 1647 976 1666 σιν
1002 1635 1181 1677 Δραξαμένη
1203 1635 1296 1675 γαίης
1322 1635 1473 1675 Οἰαξίδος,
1504 1636 1624 1672 ἐβλάσ-

924 1697 1014 1723 τησε.
1060 1686 1216 1716 Addatur
1239 1687 1430 1726 Stephanus
1455 1687 1496 1718 de
1521 1687 1625 1718 Urbi-

925 1736 987 1767 bus
1017 1737 1050 1766 in
1075 1735 1212 1775 ’Ὀαξοςε
1248 1737 1398 1777 itemque
1428 1737 1564 1768 Servius
1589 1739 1623 1768 in

924 1786 1021 1826 Virg.
1053 1786 1126 1817 Ecl.
1157 1795 1182 1817 1.
1217 1786 1272 1817 ubi
1303 1796 1420 1817 versus
1447 1786 1625 1827 Apollonii

925 1836 1048 1867 Latine
1065 1846 1084 1866 a
1100 1837 1253 1867 Varrone
1267 1835 1414 1867 Atacino
1431 1847 1624 1878 couversos,

925 1885 985 1916 sed
1001 1886 1032 1916 in
1045 1885 1110 1916 fine
1125 1885 1431 1925 mutilos‚exhibet.
1456 1886 1552 1917 Idem
1565 1887 1622 1927 qui

925 1936 958 1967 in
975 1937 1051 1967 AEn.
1068 1945 1124 1967 ιιι.
1145 1938 1154 1954 ⁴
1168 1936 1366 1977 Idaeumque
1391 1936 1531 1975 nemus,’
1564 1947 1623 1967 an·

925 1992 1036 2025 notat,
1072 1988 1252 2018 ostendere
1288 1988 1435 2018 voluisse
1468 1987 1623 2027 Poetam,

925 2039 934 2054 ⁸
949 2037 1076 2068 ldaeum
1093 2042 1253 2071 montem,
1268 2037 1323 2076 qui
1341 2038 1433 2067 sitin
1449 2037 1565 2077 Troja,
1578 2037 1621 2068 de

926 2086 1039 2117 Cretae
1055 2085 1117 2116 Ida
1133 2095 1318 2125 cognomen
1336 2086 1537 2126 indeptum.'

966 2135 1143 2166 Admodum
1159 2134 1284 2174 parvis]
1312 2135 1366 2166 Ita
1383 2136 1542 2176 rescripsi
1559 2146 1621 2177 pro

924 2194 965 2215 eo
981 2185 1071 2225 quod
1089 2185 1183 2215 estin
1199 2185 1311 2224 vuigg.
1329 2187 1338 2202 ‘
1351 2185 1529 2216 admodum
1545 2196 1621 2226 par-

925 2233 1010 2264 vus.'
1054 2233 1289 2274 Agamemnon
1314 2234 1468 2265 nimirum
1489 2240 1524 2266 et
1545 2236 1622 2267 Me-

924 2284 1041 2314 nelaus
1072 2284 1166 2323 parvi
1196 2283 1374 2314 admodum
1405 2290 1515 2324 erant,
1543 2295 1621 2317 cum

925 2333 1131 2372 Plisthenes,
1147 2333 1220 2373 ipse
1239 2343 1371 2374 quoque
1386 2343 1487 2373 agens
1504 2335 1537 2365 in
1555 2336 1623 2376 pri·

925 2382 988 2412 mis
1003 2382 1098 2412 aunis
1116 2382 1220 2413 virilis
1237 2383 1361 2416 aetatis,
1379 2383 1446 2413 vita
1462 2382 1621 2423 fungere·

928 2437 996 2463 tur.
1011 2431 1181 2471 Parvis‚id
1196 2437 1261 2466 est,
1274 2432 1380 2470 κομιδῆ
1392 2430 1483 2463 νέοις.
1507 2433 1622 2465 Livius

926 2490 950 2513 1.
966 2484 1019 2513 39.
1043 2482 1085 2512 de
1101 2481 1238 2512 Servio:
1263 2482 1416 2513 ‘Tantus
1441 2482 1487 2513 illi
1515 2483 1621 2515 honos

924 2531 1057 2562 habitus
1072 2530 1213 2562 credere
1230 2531 1384 2572 prohibet
1396 2542 1492 2562 serva
1506 2538 1620 2564 uatum

925 2591 1014 2620 eum,
1043 2590 1252 2622 parvumque
1282 2582 1448 2612 servisse!
1491 2582 1621 2614 Noster

925 2630 1014 2661 iufra
1039 2633 1070 2661 4.
1088 2633 1142 2661 22.
1166 2631 1209 2661 de
1237 2631 1395 2661 Priamo:
1419 2630 1510 2671 ‘qua
1537 2635 1620 2662 tem-

924 2685 1060 2720 pestate
1082 2680 1235 2711 Priamus
1259 2681 1417 2720 parvulus
1441 2680 1621 2712 admodum

926 2739 1032 2769 regno
1049 2729 1227 2769 impositus
1243 2729 1321 2761 est.'
1344 2728 1486 2761 Eosdem
1505 2736 1619 2762 autem

925 2788 1000 2809 cum
1033 2778 1164 2810 Graecis
1195 2778 1337 2810 Homeri
1369 2779 1622 2811 Commentato-

924 2828 1014 2860 ribus
1030 2827 1274 2860 fonteshausit.
1303 2829 1360 2860 Sic
1371 2829 1460 2860 enim
1474 2829 1515 2861 ad
1531 2830 1571 2862 11.
1584 2834 1620 2862 B.
