1889 3194
572 319 636 348 DE
670 318 825 348 BELLO
858 318 1084 350 'I'ROJANO
1120 319 1215 349 [ΑΒ.
1246 319 1313 350 lv.

219 411 336 452 Ense
355 414 522 452 metens
538 412 720 461 medios,
740 415 1089 465 prostratamque
1110 412 1269 465 impete
1287 413 1427 465 primo

1575 309 1659 351 489

1572 412 1656 454 380

220 477 377 519 Calcat
395 491 511 531 equo
533 479 699 519 victore
720 479 885 521 aciem:
915 491 984 520 res
1005 479 1139 533 plena
1161 484 1359 532 stupore,

220 544 372 586 Turba
391 544 513 597 fugit,
534 545 745 599 solusque
765 545 910 599 fugat:
942 545 1007 586 sic
1027 545 1125 598 igne
1146 546 1325 586 trisulco

217 611 336 652 Tota
354 615 488 664 pavet
508 624 725 665 percussa
745 611 917 663 domus,
937 625 1041 666 pars
1063 612 1236 653 aetheris
1254 613 1361 653 iram

219 677 378 726 Sentit,
400 681 444 719 at
462 679 506 719 in
527 683 708 720 cunctos
730 679 897 733 spargit
916 692 995 720 sua
1014 679 1200 720 fulmina
1220 686 1370 720 terror.

276 744 413 785 Haud
436 745 558 785 aliter
576 745 681 787 dirae
700 745 824 787 furiis
845 746 1054 787 exterrita
1072 745 1235 787 dextrae
1576 744 1660 786 382>

216 811 468 861 Barbaries,
483 811 558 853 dat
573 815 695 865 terga
713 814 834 864 viro;
856 812 1071 866 fugientia
1091 813 1258 865 primus

217 877 373 919 Indice
392 877 620 931 deprendit
637 891 761 919 curru
780 879 963 932 vestigia
982 879 1098 931 regis

218 944 446 994 AEacides,
466 946 627 998 quippe
650 945 749 986 aeris
771 958 886 999 apex
907 945 1120 987 radiantis
1140 945 1295 986 inertes

215 1009 413 1052 Accusat
432 1011 650 1053 latebras:
683 1024 709 1052 o
729 1012 868 1053 noxia
886 1012 1026 1065 gloria
1045 1011 1213 1052 rerum!

216 1076 334 1119 Tuta
352 1077 507 1132 inopes
526 1077 630 1119 fatis
651 1078 806 1119 adimit
824 1077 943 1131 fuga,
962 1084 1095 1120 notus
1114 1079 1158 1119 in
1175 1091 1285 1119 auro

1570 1078 1655 1119 390

217 1143 327 1186 Dux
346 1145 483 1195 timet,
502 1149 548 1186 et
567 1145 673 1186 vitae
691 1145 943 1186 discrimina
962 1145 1073 1186 ditia
1094 1149 1287 1198 gestans,

216 1209 330 1251 Cum
351 1211 483 1252 vellet
501 1212 697 1262 latuisse,
716 1212 856 1265 perit:
879 1212 973 1266 Jam
994 1225 1116 1253 saeva
1137 1224 1315 1252 cruores

217 1276 368 1319 Hasta
387 1278 501 1331 alios
521 1278 730 1320 haustura
748 1279 861 1329 fluit,
880 1279 1133 1332 primusque
1153 1279 1334 1331 tepebat

216 1342 390 1390 Mucro,
411 1357 512 1385 cum
530 1358 683 1399 parma
700 1346 938 1399 repetitum
957 1345 1178 1398 Telephus
1195 1346 1330 1386 ictum

213 1410 399 1464 Depulit
419 1412 604 1465 objecta,
625 1412 912 1465 dextramque
933 1411 1062 1452 elusit
1081 1411 1254 1452 inanem

216 1476 406 1519 Missilis
426 1479 603 1520 innocui
620 1492 631 1520 ε
662 1480 805 1520 mixta
824 1479 968 1532 pudor
984 1483 1164 1531 asperat
1184 1479 1248 1519 ira

214 1543 464 1594 AEacidem,
484 1546 665 1596 frendet,
687 1549 819 1600 atque
834 1545 1106 1598 ignescentia
1125 1549 1331 1598 torquens

215 1609 418 1661 Lumina,
437 1612 561 1653 Tune
580 1625 704 1653 meos
724 1610 827 1665 (ait)
847 1624 980 1652 ausus
999 1611 1150 1652 fallere
1167 1612 1306 1661 nisus,

215 1677 274 1718 Et
290 1679 461 1719 steriles
482 1692 694 1733 quassare
715 1678 890 1719 minas?
921 1678 985 1719 sic
1009 1677 1142 1729 satus,
1162 1678 1204 1718 in
1224 1678 1372 1732 ipsum

215 1743 452 1787 Vibrasset
466 1745 682 1799 jaculum,
704 1745 857 1787 timido
877 1758 976 1786 cum
993 1744 1220 1799 Telephus
1244 1757 1336 1794 ore,

1574 1745 1657 1785 400

269 1812 377 1853 Heu
398 1826 548 1866 parce,
570 1814 817 1855 exclamat:
845 1813 1001 1867 procul
1021 1812 1133 1862 haec,
1150 1811 1383 1853 fortissime
1399 1810 1539 1863 gentis

213 1878 554 1933 Myrmidonum,
575 1885 773 1922 avertant
791 1880 947 1934 Superi
967 1881 1157 1934 probraz
1185 1883 1286 1921 tune
1304 1878 1374 1918 bis
1393 1877 1532 1918 ullum

213 1941 441 1988 Percuties
461 1947 664 1988 hostem?
698 1947 903 2000 quisquis
926 1947 997 1988 vel
1019 1947 1158 1987 sensit
1175 1945 1413 1995 Achillem,

214 2011 417 2054 Sufficiat
435 2013 647 2054 cecidisse
668 2014 807 2055 semel
823 2026 835 2053 τ
864 2018 941 2055 tua
960 2013 1146 2055 fulmina
1163 2025 1343 2066 passus,

214 2077 411 2119 Alterius
432 2092 518 2120 non
538 2080 694 2120 mortis
718 2084 841 2132 eget:
873 2093 949 2121 cur
971 2084 1096 2121 torva
1115 2078 1323 2120 minaris?

1574 2078 1658 2117 405

213 2144 318 2185 Non
337 2145 534 2198 tegimus,
554 2146 796 2200 meruitque
815 2150 986 2188 tamen:
1016 2146 1105 2187 scis
1132 2147 1230 2199 ipse
1253 2143 1469 2186 tumultus

863 2309 1008 2341 NOTAE

258 2397 319 2425 382
346 2393 451 2425 Turba
458 2393 563 2434 fugit,
575 2395 712 2435 solusque
716 2395 831 2436 sugat]
849 2395 906 2426 Sic

217 2454 266 2476 vi.
282 2447 291 2462 ‘
302 2445 386 2476 Cum
397 2453 516 2476 manus
528 2453 594 2475 una
606 2444 715 2486 fugat,
728 2444 907 2486 fugiatque

214 2495 386 2526 exercitus
399 2493 528 2526 omnis.'

256 2547 319 2576 384
342 2544 384 2576 In
408 2547 531 2576 cunctos
554 2545 676 2584 spargit
699 2553 756 2574 sua
770 2542 908 2581 fulmina

212 2595 327 2636 terror]
350 2595 408 2627 Sic
419 2594 541 2635 Papin.
552 2594 784 2635 ἐπιφωνήματος
799 2594 907 2626 vicem

212 2645 428 2685 tempestatis
465 2644 687 2686 descriptioni
732 2644 906 2676 subnectit

213 2700 357 2727 venuste
371 2706 380 2728 ε
403 2696 412 2712 ‘
425 2696 471 2727 Et
485 2700 596 2727 tamen
613 2703 790 2736 oppressos
806 2694 905 2727 mise-

214 2750 333 2777 rantur
348 2745 383 2777 in
400 2755 534 2787 aequore
547 2744 690 2776 nautas.'

255 2797 318 2826 392
352 2796 430 2827 Jam,
452 2805 533 2827 soeva
553 2804 676 2826 cruores
700 2793 805 2825 Hasta
832 2793 910 2825 alios

214 2845 380 2887 haustum]
411 2844 637 2883 Ἀποσιώπησις
657 2843 814 2884 Poetica,
838 2844 907 2885 pri-

962 2403 1051 2425 mum
1067 2393 1171 2425 ictum
1196 2392 1369 2432 omittens,
1391 2390 1575 2422 celeritatis
1591 2391 1656 2431 sig-

961 2442 1139 2475 nificandae
1171 2451 1264 2482 ergo.
1308 2441 1406 2481 Virg.
1439 2440 1482 2471 de
1504 2440 1656 2471 Mercur.

963 2495 1100 2535 ‘Lybiae
1139 2492 1227 2524 citus
1266 2491 1379 2523 astitit
1422 2490 1512 2523 oris?
1567 2490 1656 2522 Vide

961 2543 1169 2582 Scaligerum
1185 2540 1286 2573 Poet.
1302 2549 1359 2572 111.
1375 2542 1427 2572 77.

1003 2595 1067 2624 399
1090 2593 1134 2623 Et
1157 2592 1278 2623 steriles
1292 2600 1436 2631 quassare
1452 2589 1568 2630 minas]
1600 2598 1656 2621 ur.

961 2643 970 2659 ‘
986 2643 1030 2674 Et
1047 2641 1178 2673 steriles
1194 2640 1330 2672 rediisse
1345 2639 1490 2681 preces.'
1534 2639 1657 2680 Papin-

961 2701 1017 2723 111.
1047 2691 1140 2732 Sylv.
1166 2690 1209 2722 de
1227 2690 1441 2731 Hyacinthe:
1464 2689 1473 2707 ‘
1488 2698 1656 2730 quemque

960 2741 1058 2773 irrita
1079 2740 1184 2772 fontis
1210 2741 1332 2782 imago,
1356 2740 1402 2772 Et
1428 2737 1551 2771 sterilis
1577 2746 1656 2769 con·

961 2792 1079 2824 sumsit
1095 2790 1212 2824 amor?
