1889 3194
254 262 341 304 366

801 275 1004 306 JOSEPHI
1041 275 1206 307 lSGANl

257 378 489 431 Impulerit
509 377 739 433 Phrygios,
762 379 944 421 Danaas
966 380 1182 421 excivcrit
1203 380 1350 421 urbes.
1677 381 1706 421 5

312 444 377 485 Ut
399 445 504 498 quid
526 446 582 487 ab
603 447 785 501 antiquo
803 452 952 488 vatum
974 448 1226 501 proscripta
1248 447 1434 489 tumultu

254 511 363 552 Veri
383 525 510 553 sacra
530 512 654 563 fides,
673 514 851 567 longum
874 515 1094 568 sylvescis
1116 514 1162 554 in
1183 527 1328 555 aevum
1344 516 1363 555 ’ἒ

254 577 326 618 Αι]
347 579 454 633 quia
473 583 622 634 spreta
640 581 785 621 lates?
817 580 1065 635 mundoque
1088 580 1261 621 infensa
1281 581 1413 634 priori

255 645 355 687 Nos
376 647 507 688 etiam
527 647 750 688 noscenda
769 647 918 700 fugis?
952 652 1116 689 metum
1135 648 1318 702 inclyta,
1338 661 1513 690 mecum

255 713 462 764 Exorere,
483 719 529 756 et
547 715 720 756 vultum
746 727 855 767 ruga
874 715 1039 757 leviore
1060 729 1304 766 resumens,

1648 716 1704 757 10

907 834 1050 866 NOTAE

296 912 314 940 5
339 908 504 948 Impulerit
534 907 710 948 Phrygios]
750 907 878 939 Seneca
909 907 951 939 de

255 957 447 989 Clementia
462 966 485 988 1.
503 961 535 988 5.
564 957 791 997 ‘Elephantes
806 958 954 989 Leones-

255 1018 319 1048 que
332 1012 519 1047 transeunt,
530 1017 605 1048 quae
621 1007 850 1047 impulerunt-³
864 1007 953 1039 Gra·

254 1058 321 1089 tius
333 1067 343 1087 τ
360 1059 368 1075 ‘
381 1067 455 1088 meo
473 1057 543 1089 sine
556 1067 696 1089 munere
712 1057 824 1098 sylvas
838 1057 952 1099 Impu-

252 1108 354 1139 lerit.'

295 1161 316 1189 6
344 1159 389 1189 Ut
403 1158 478 1198 quid
492 1157 530 1189 ab
545 1158 689 1199 antiquo]
712 1158 829 1190 Livius
848 1169 856 1190 :
881 1159 890 1176 ‘
903 1158 953 1190 Ut

253 1208 333 1249 quid
349 1208 470 1249 aliquis
484 1209 652 1240 Tribunus
665 1209 774 1249 plebis
791 1213 868 1240 ruat
884 1218 952 1240 coe-

253 1269 313 1289 cus
334 1259 368 1289 in
398 1260 585 1290 certamina
595 1258 618 1290 ?'
663 1259 785 1300 Virgil·
807 1259 841 1290 in
858 1259 950 1290 Ciri:

252 1310 261 1326 ‘
276 1309 324 1340 Ut
340 1309 422 1349 quid
437 1318 501 1349 ego
514 1309 656 1341 amens.'

295 1364 315 1392 7
343 1360 420 1392 Veri
446 1369 536 1391 sacra
555 1360 656 1402 fides]
682 1360 889 1393 Claudianus
910 1358 953 1390 de

253 1410 351 1441 Bello
364 1409 507 1441 Getico:
531 1411 541 1427 ‘
554 1415 589 1441 et
607 1411 707 1442 noxia
723 1410 855 1441 vatibus
871 1409 954 1450 ipsis

253 1460 335 1491 Veri
360 1469 460 1490 sacra
494 1459 578 1491 fides
592 1459 611 1491 !’
649 1460 871 1501 Symmachus
900 1468 953 1491 lx.

254 1512 327 1540 131.
345 1508 465 1540 ‘fidem
479 1510 549 1540 veri
563 1510 735 1541 occultare
748 1519 815 1540 non
827 1508 954 1540 debui.'

252 1558 305 1589 De
319 1559 465 1589 veritate
478 1558 602 1590 viribus
616 1559 684 1590 suis
695 1569 730 1590 se
741 1562 951 1599 emergente,

251 1608 416 1650 Polybius
432 1608 592 1649 insignite
608 1609 641 1640 in
658 1609 794 1649 Eclogis
810 1617 887 1640 xlv.

295 1657 438 1697 Longum
459 1658 605 1698 sylvescz‘s
637 1659 673 1690 in
710 1659 825 1699 aevum]
861 1659 951 1690 Ὑλο-

250 1709 367 1749 μανεΐς,
388 1710 602 1748 χερσομανεΐς,
627 1710 845 1750 χορτομανεΐςε
871 1709 953 1739 Fes-

252 1763 288 1789 to
311 1759 344 1788 id
369 1762 422 1789 est
447 1758 705 1790 obherbescere.
749 1758 871 1790 Isidori
894 1768 953 1789 no-

252 1813 297 1839 tae
312 1817 321 1839 τ
343 1808 353 1825 ‘
364 1808 457 1848 Ager
469 1808 696 1849 ingraminat.'
712 1807 894 1849 Augustiu.
908 1808 952 1840 de

253 1857 356 1889 Civit.
379 1858 458 1897 Dei,
474 1867 514 1889 ιι.
528 1860 580 1889 18.
625 1859 746 1890 ‘Unde
766 1859 850 1890 talia
870 1859 953 1890 vitia

251 1906 503 1948 sylvescerent?
528 1907 732 1940 Arnob.111.
754 1913 763 1925 ‘
779 1908 951 1949 quicapil-

250 1957 301 1988 los
337 1957 542 1989 imminuunt
583 1958 842 1998 sylvescentium
886 1958 952 1989 cri-

251 2007 356 2047 nium,
378 2006 655 2047 τριχοφυούντων.’
699 2008 756 2039 Ita
773 2008 951 2040 Juvenalis

251 2066 304 2088 lx.
317 2058 326 2074 ‘
339 2057 399 2088 sed
414 2058 598 2089 fruticante
615 2059 685 2098 pilo
699 2058 724 2097 ;'
744 2063 780 2090 et
795 2060 803 2075 ‘
814 2058 952 2089 horrida

251 2107 345 2148 sylva
362 2107 492 2139 comae.'
518 2108 677 2140 Nazianz.
702 2111 752 2139 19.
776 2119 951 2148 χερσομαν-

252 2157 331 2189 οὖσα
346 2156 510 2195 ἐκκλησία.
556 2158 731 2198 Chrysost.
750 2159 849 2190 Orat.
866 2168 891 2189 1.
908 2158 951 2189 de

250 2206 322 2237 fato
337 2218 343 2236 :
360 2205 441 2245 πάθη
456 2207 677 2245 ὑλομανοῦντα,
721 2207 880 2247 Synesius
907 2207 951 2239 de

250 2257 434 2288 Insomniis
453 2260 526 2289 150.
551 2257 716 2296 ὑλομανεῖν
730 2257 780 2288 καὶ
796 2257 951 2297 φλεγμαί-

250 2319 313 2339 νειν
325 2306 482 2347 ὀνομάτων
493 2307 659 2346 καινότητι.
685 2308 737 2340 Ad
750 2309 847 2340 istam
863 2310 953 2348 λῆξιν

251 2363 286 2389 et
315 2357 438 2390 faciem
465 2359 575 2390 Varro
593 2359 681 2390 dixit
711 2360 721 2376 ‘
738 2369 916 2391 aurescere
931 2359 954 2399 ;'

249 2408 342 2440 unde
360 2408 504 2450 Aurora,
535 2415 544 2428 ¹
565 2411 786 2451 puellascere‚
808 2420 953 2442 comma-

251 2459 415 2489 cescere.'
459 2460 581 2490 Festus
596 2470 604 2490 :
637 2459 860 2499 adlivescere,
893 2460 954 2491 im·

250 2507 464 2548 barbescere,
495 2510 718 2551 inlucescere,
757 2511 954 2544 vanescere.

250 2558 260 2574 ⁴
275 2558 505 2594 Vetustesco,’
517 2559 674 2599 Nigidius
691 2560 780 2600 apud
794 2560 956 2591 Nonium.

250 2607 432 2638 Lucretius
451 2618 460 2639 :

518 2608 527 2625 ‘
548 2618 722 2649 uvescere,
766 2618 954 2645 serescere,

252 2656 492 2696 grandescere,
516 2658 679 2698 alescere,
704 2659 888 2698 valescere,
905 2664 955 2690 te-

251 2706 457 2737 nerascere.'
483 2707 591 2739 Cato:
611 2708 957 2748 ‘tignadishiascunt.’

252 2754 396 2786 Attius:
420 2756 525 2795 ‘Agri
550 2757 770 2788 vastescnntl
810 2758 953 2789 Furius:

251 2802 259 2817 ‘
273 2804 472 2845 virescere:
485 2816 502 2837 a
515 2806 649 2838 vitibus.
676 2805 806 2838 Auctor
817 2808 954 2844 Culicis,

1005 909 1016 926 ‘
1026 909 1253 942 succescnnt.'
1266 909 1386 941 Silius:
1398 909 1407 927 ‘
1416 910 1527 941 Solern
1543 908 1708 940 inferves-

1006 969 1086 991 cere
1098 959 1227 993 fronti.'
1249 961 1407 991 Valerius
1425 960 1520 995 Cato,
1536 961 1545 977 ‘
1559 959 1707 990 steriles-

1006 1014 1088 1040 cunt
1104 1011 1227 1050 gaudia
1243 1009 1361 1041 nobis.’
1387 1010 1560 1041 Cornelius
1576 1009 1707 1049 Celsus,

1007 1063 1015 1076 ‘
1028 1059 1238 1092 sanescere.'
1276 1060 1419 1098 Seneca,
1439 1059 1449 1076 ⁴
1466 1058 1706 1090 radicescere!

1006 1109 1248 1148 Tertullianus,
1280 1109 1289 1125 ‘
1312 1109 1485 1149 longisco!
1542 1108 1708 1149 Hilarius,

1005 1159 1219 1199 ‘planescunt
1231 1159 1240 1172 '
1257 1159 1380 1199 campi.
1406 1158 1560 1189 Alcinius
1573 1158 1707 1199 Avitus,

1008 1209 1017 1226 ‘
1028 1207 1253 1240 flamescunt!
1275 1209 1503 1240 Prudentius:
1527 1209 1536 1226 ‘
1548 1218 1708 1248 augesco,

1007 1259 1170 1300 pudesco,
1185 1259 1324 1298 vivisco,
1346 1260 1506 1297 lassesco,
1527 1258 1709 1299 frngesco.'

1007 1310 1193 1351 Ausonius,
1205 1310 1452 1342 ‘minuiscunt.'
1476 1310 1709 1351 Cassiodorus,

1007 1363 1017 1377 ‘
1026 1360 1256 1401 pennescere.'
1269 1360 1427 1392 Sidonius
1438 1369 1516 1391 vero
1529 1360 1629 1391 etiam
1641 1364 1649 1377 ‘
1659 1358 1710 1390 fa·-

1007 1410 1209 1441 miliaresco'
1224 1415 1259 1441 et
1275 1416 1284 1429 ‘
1301 1410 1506 1451 phthisisco'
1518 1410 1616 1447 dixit,
1632 1419 1708 1450 quae

1009 1461 1131 1501 partim
1160 1466 1312 1492 veterum
1336 1461 1552 1502 elegantiam,
1583 1460 1709 1501 partim

1007 1510 1234 1542 recentiorum
1249 1510 1405 1542 redolent
1423 1509 1611 1541 audaciam.

1049 1563 1090 1591 10
1114 1561 1159 1591 Et
1181 1561 1300 1591 vultum
1311 1570 1391 1600 ruga
1406 1561 1518 1591 leviore
1536 1559 1707 1601 resumens]

1004 1610 1144 1648 Ἀδελφὰ
1172 1610 1223 1642 καὶ
1249 1609 1359 1649 δίδυμα
1388 1616 1468 1641 sunt
1490 1614 1499 1628 ‘
1516 1608 1709 1640 diffundere

1005 1660 1158 1702 vultum‚'
1175 1661 1278 1693 Ovid.
1303 1661 1312 1678 ‘
1327 1661 1509 1702 Explicare
1525 1659 1674 1691 frontem
1687 1657 1709 1690 ι’

1004 1711 1014 1729 ‘
1030 1712 1142 1742 Deme
1153 1710 1338 1751 supercilio
1348 1709 1495 1750 nubem,’
1510 1708 1598 1740 Hor.
1622 1709 1710 1740 ‘Ex-

1008 1762 1182 1802 porrigere
1208 1760 1379 1801 frontem,’
1395 1761 1531 1792 Terent.
1556 1760 1709 1791 ‘vultum

1007 1811 1191 1850 relaxare,'
1215 1812 1330 1843 Plaut.
1357 1810 1446 1852 quod
1487 1810 1624 1841 Philoni
1659 1814 1711 1840 est

1004 1861 1098 1893 ἵλεων
1125 1860 1264 1899 βλέμμα,
1285 1861 1319 1892 in
1342 1860 1402 1891 lib.
1424 1859 1468 1891 de
1492 1859 1563 1891 vita
1589 1859 1710 1891 Mosis.

1007 1911 1185 1943 Contraria
1201 1915 1280 1942 sunt
1302 1910 1448 1942 ‘nubem
1473 1909 1596 1941 frontis
1617 1919 1709 1940 ama-

1007 1960 1090 2000 bat‚’
1118 1961 1177 1993 Sil.
1210 1969 1291 1992 vm.
1335 1959 1458 1999 Papiri.
1492 1960 1502 1977 ⁴
1515 1958 1710 1999 nubemque

1005 2011 1089 2041 banc
1104 2009 1228 2041 frontis
1243 2008 1385 2050 opacae-⁹
1416 2009 1582 2048 Pacuvio,
1598 2008 1708 2040 ‘frons

1006 2061 1180 2102 caligans.’
1235 2062 1388 2098 Senecae,
1425 2061 1435 2077 ⁴
1453 2064 1614 2101 attracta,
1650 2060 1710 2091 ad-

1006 2110 1136 2142 ducta.’
1181 2109 1346 2147 Martiali,
1365 2108 1553 2140 ‘astricta.'
1590 2109 1712 2140 Petro-

1006 2162 1076 2200 nio,
1100 2162 1110 2178 ‘
1125 2158 1335 2193 constricta.'
1379 2159 1537 2198 Horatio,
1558 2159 1709 2190 ‘obduc-

1007 2211 1068 2243 ta.’
1112 2211 1273 2252 Apuleio,
1296 2210 1306 2227 ‘
1319 2210 1452 2247 striata,
1480 2209 1581 2241 sulcis
1609 2218 1710 2249 ruga-

1006 2271 1079 2292 rum
1094 2261 1225 2292 inarata
1235 2259 1257 2291 z’
1281 2265 1318 2291 et
1330 2260 1444 2291 nescio
1460 2259 1528 2299 cui,
1541 2260 1551 2277 ⁴
1564 2259 1711 2290 fimbria-

1009 2310 1068 2342 ta?
1111 2311 1203 2342 Hinc
1219 2310 1283 2342 ista
1302 2311 1312 2328 ‘
1325 2310 1524 2341 consulcare
1539 2307 1710 2348 frontem,'

1009 2359 1125 2391 Plaut.
1147 2364 1156 2378 ‘
1171 2360 1284 2400 Rugas
1301 2359 1451 2400 cogere,'
1468 2358 1572 2390 ovid.
1618 2359 1628 2376 ‘
1641 2359 1709 2389 Ru-

1008 2419 1088 2449 gare
1105 2408 1276 2448 frontem,’
1293 2408 1391 2440 Hier.
1423 2409 1578 2448 Plautus,
1592 2408 1602 2424 ‘
1616 2407 1708 2439 frons

1008 2465 1172 2500 caperata
1188 2457 1446 2490 severitudine!
1466 2458 1605 2495 Seneca,
1621 2459 1630 2474 ‘
1641 2458 1709 2488 col-

1008 2510 1086 2549 ligit
1101 2519 1213 2549 rugas,
1230 2508 1368 2540 attrahit
1381 2506 1554 2538 frontem.’
1591 2507 1708 2538 Tristi·

1009 2561 1090 2591 tiam
1118 2559 1152 2590 id
1181 2558 1398 2589 nominabant
1428 2557 1472 2588 de
1499 2566 1566 2597 qua
1595 2557 1709 2588 multis

1011 2608 1180 2640 Heraldus
1196 2608 1238 2638 ad
1250 2607 1455 2646 Martialem,
1473 2608 1502 2636 1.
1526 2606 1599 2637 Nec
1610 2606 1708 2638 Grae·

1008 2659 1041 2690 ci
1068 2658 1168 2699 copia
1197 2656 1371 2687 inferiores
1389 2666 1397 2687 :
1437 2655 1594 2686 Vultuosi
1618 2656 1707 2686 enim

1012 2708 1078 2740 illis
1091 2712 1169 2738 sunt
1180 2705 1329 2747 στρυφνοὶ
1341 2705 1445 2737 Arist.
1458 2706 1631 2744 συννεφεῖς,
1648 2704 1708 2736 εἶδ-

1009 2758 1112 2796 εχθεΐς
1123 2755 1293 2796 σκυθρωποὶ
1310 2755 1475 2795 Euripidi.
1503 2755 1633 2795 σοβαροὶ
1647 2754 1706 2793 τὴν

1009 2806 1103 2847 ὀφρὺν
1120 2806 1338 2839 Aristaeneto.
1356 2805 1472 2846 νεφέλη
1488 2805 1607 2846 ὀφρύων
1622 2806 1707 2838 dixit
