1889 3194
260 263 345 305 384

780 276 979 307 JosEPHl
1018 277 1181 307 isc-AN!

320 365 359 406 O
382 367 544 419 superi,
565 381 653 420 quo
676 368 802 409 thura
824 369 998 409 meant?
1031 382 1057 409 ο
1078 369 1182 417 sata,
1200 368 1300 421 quis
1323 382 1437 411 error

263 432 485 485 Imperat?
517 446 543 473 o
562 433 786 474 hominum
808 448 954 484 casus,
976 448 1199 487 paucosne
1220 440 1427 486 reservat,

263 498 328 539 Ut
349 500 510 540 multos
529 499 701 541 fortuna
715 503 917 554 premat?
942 502 1037 554 jam
1061 502 1216 550 sentio,
1234 503 1351 542 traxi

262 566 409 608 Invito
429 580 528 608 mea
548 581 682 619 regna
704 567 827 608 Deo:
859 580 984 621 cape,
1006 567 1212 615 maxime,
1232 567 1407 608 tandem

263 632 465 682 Quorum
486 634 653 675 fastidit
672 647 779 674 usus
800 646 978 686 regnare
999 638 1248 685 negantem,

263 698 378 748 Quae
398 699 530 753 longo
553 701 699 741 emisti
719 705 824 741 voto
842 713 852 750 3
882 704 1139 753 tumeasque
1161 700 1340 748 relictis,

263 765 306 805 N
310 778 367 805 on
387 767 551 820 raptis:
582 766 703 806 tenui
726 769 839 806 certe
858 779 942 806 non
963 770 1118 819 sponte
1143 766 1337 806 Deorum
1355 781 1363 805 :

262 831 440 885 Hisque
459 833 588 873 velim
609 833 749 884 regnis
769 837 930 872 emtum
953 832 1115 872 vicisse
1137 836 1387 874 tonantem:

263 895 338 936 Me
359 910 481 950 mage
501 898 562 952 (si
585 911 673 952 qua
691 897 824 951 fides)
838 902 1036 940 votorum
1061 898 1226 939 offensa
1243 899 1434 948 lacessit,

260 960 406 1011 Quam
429 965 590 1017 sceptri
604 964 780 1017 jactura
800 965 900 1005 mei.
949 964 1137 1005 Voluine
1159 965 1241 1004 sub
1262 963 1433 1005 Arcton
1619 966 1706 1006 225

260 1029 581 1083 Proscripsisse
602 1032 739 1071 virum
757 1032 775 1071 ‘t
808 1034 971 1084 regnat.

771 1098 946 1138 Titulos
969 1098 1180 1138 minuisse
1199 1099 1218 1138 't
1251 1097 1504 1151 triumphat.

260 1094 549 1138 Extinxisse‘!
579 1098 712 1150 viget.

1035 1031 1239 1083 Fregisse
1255 1033 1273 1072 ’ξ
1305 1032 1520 1085 superbit.

260 1162 376 1214 Ergo
400 1163 521 1204 Deos
542 1164 642 1205 dico
663 1165 881 1216 ingratos:
903 1165 960 1205 da
980 1165 1105 1205 thura
1126 1166 1305 1214 tonanti,

261 1228 374 1270 Cum
396 1229 588 1280 dederis,
610 1237 792 1285 sperata
811 1239 965 1285 neget;
988 1232 1207 1284 donisque
1227 1232 1421 1280 retentis,

259 1294 424 1336 Rideat
445 1298 614 1339 elusum
633 1311 643 1339 z
665 1299 824 1339 melius
845 1297 1018 1339 fortuna
1038 1298 1202 1351 pianda
1222 1303 1305 1347 est,

1618 1296 1705 1337 230

260 1360 374 1411 Quae
396 1376 568 1415 pacem,
589 1378 688 1417 quae
710 1364 873 1405 fulmen
893 1364 1041 1413 habet,
1061 1377 1159 1417 quae
1176 1366 1316 1417 prima
1336 1365 1532 1418 tyrannis

261 1428 503 1480 Imperium
525 1431 688 1483 partita
708 1432 861 1480 tribus,
880 1431 1116 1479 concessit,
1136 1431 1293 1482 abegit,

261 1494 443 1536 Mutato
463 1496 568 1537 lusit
591 1497 721 1547 coelo,
740 1510 972 1550 rursusque
986 1497 1176 1551 jubebit,

261 1559 388 1609 Quos
409 1561 515 1602 fecit
532 1562 692 1615 Reges,
714 1575 888 1604 mecum
908 1563 1089 1616 migrare
1109 1564 1190 1603 sub
1212 1564 1403 1611 umbras,

906 1717 937 1749 N
944 1716 1049 1748 OTAE

300 1799 365 1828 216
389 1797 418 1828 Ο
428 1798 545 1839 superi,
554 1809 612 1839 quo
621 1800 714 1832 thura
725 1799 842 1840 meant]
866 1802 952 1833 Cau-

259 1856 329 1878 sam
354 1848 563 1889 μεμψιμυιρίας
589 1849 664 1881 fuse
687 1849 847 1890 Apollod.
866 1861 892 1882 1.
918 1856 954 1883 et

259 1896 416 1937 Hyginus
435 1899 533 1929 thura
543 1909 573 1929 c.
586 1902 639 1930 12.
653 1905 838 1940 exponunt.
861 1900 952 1932 Plin.

259 1955 343 1978 xnr.
366 1950 396 1979 l.
420 1955 535 1989 negat,
562 1954 640 1980 ante
667 1949 773 1980 Iliaca
799 1955 955 1990 tempora

257 1997 496 2036 supplicatum.
509 1997 611 2029 Ovid.
626 2007 652 2030 1.
669 1999 811 2031 Metam.
824 2005 859 2030 et
875 2004 954 2031 aute

258 2045 420 2076 diluvium
442 2047 542 2078 thura
564 2046 664 2086 facit;
689 2052 727 2079 ut
750 2055 785 2080 et
808 2050 840 2080 in
855 2050 953 2082 Jaso-

258 2095 310 2125 nis
337 2095 462 2135 reditu,
479 2105 546 2128 vn.
589 2097 657 2127 Sed
683 2098 801 2129 Poetis
822 2110 954 2140 προχρο-

258 2143 366 2182 νισμὸς
388 2143 559 2186 frequens.

300 2195 362 2224 217
386 2193 546 2225 Paucosne
558 2198 708 2231 reservat,
723 2199 758 2226 ut
773 2198 883 2228 multos
883 2197 954 2235 sor-

261 2246 339 2273 tuna
357 2241 494 2282 premat]
516 2244 651 2275 Hirtius
671 2245 712 2276 de
736 2246 823 2276 Bell.
850 2246 954 2278 Alex-

257 2292 336 2322 and.
358 2296 368 2310 ‘
385 2293 537 2323 Fortuna
560 2294 756 2335 plerumque
779 2305 850 2335 eoS,
874 2307 955 2337 quos

259 2341 410 2381 plurimis
427 2341 601 2373 beneficiis
623 2345 769 2383 ornavit,
785 2345 826 2376 ad
844 2345 956 2377 durio-

258 2401 329 2421 rem
342 2400 451 2422 casum
465 2393 639 2424 reservat?
682 2395 773 2425 Talis
786 2396 957 2427 sententia

257 2446 310 2472 est
341 2441 374 2472 in
404 2442 527 2474 Graeco
556 2443 678 2484 Poeta,
709 2445 803 2485 cujus
837 2455 952 2478 versus

259 2491 462 2523 Aristoteles
480 2501 518 2523 11.
536 2493 636 2524 Rhet.
651 2497 702 2524 13.
718 2495 852 2534 allegat.

301 2543 362 2572 221
390 2542 575 2582 Tumeasque
597 2543 727 2584 relictis,
750 2545 825 2576 Non
839 2545 953 2586 raptis]

259 2589 359 2620 Ultro
375 2599 411 2620 se
428 2590 587 2622 abdicare
607 2592 753 2629 simulat,
771 2603 834 2625 nec
854 2595 953 2634 cogi3

260 2638 417 2677 aegrescit
435 2649 526 2678 vero,
543 2641 632 2681 quod
655 2642 755 2682 votis,
781 2652 847 2674 non
863 2644 952 2685 quod

261 2695 365 2725 regno
379 2687 557 2720 exciderit.
603 2691 693 2722 Vide
708 2692 894 2723 Pindarum
920 2697 951 2724 4.

261 2735 330 2766 Od.
347 2735 446 2776 Pyth.
469 2737 525 2768 ubi
549 2741 654 2770 multa
680 2742 723 2772 de
749 2742 952 2774 discalceato

259 2785 406 2816 Jasone:
431 2785 511 2817 item
531 2788 686 2828 Apollod.
704 2799 728 2821 1.

1049 1804 1112 1833 222
1127 1801 1225 1833 Tenui
1235 1811 1296 1832 non
1305 1804 1411 1842 sponte
1420 1799 1572 1840 Deorum]
1583 1799 1702 1831 Lucia-

1006 1861 1068 1882 nus
1086 1851 1143 1883 lib.
1160 1861 1194 1882 v.
1209 1852 1218 1868 ‘
1231 1861 1290 1882 seu
1305 1856 1425 1891 sponte
1439 1852 1589 1882 Deorum
1605 1849 1624 1881 ι’
1646 1857 1703 1882 1x.

1005 1902 1015 1918 ‘
1031 1903 1087 1933 Nil
1104 1901 1245 1933 facimus
1262 1911 1326 1932 nou
1345 1906 1468 1941 sponte
1482 1900 1573 1931 Dei!
1612 1900 1703 1931 Sosi-

1008 1956 1107 1991 pater
1129 1951 1261 1982 Charis.
1278 1959 1321 1981 11.
1344 1951 1456 1981 Cottae
1482 1949 1564 1980 illud
1588 1947 1703 1988 affert,

1008 2001 1018 2017 ⁴
1032 2005 1068 2031 tu
1085 2000 1127 2030 de
1142 2006 1200 2031 tua
1215 2005 1337 2039 sponte
1352 2000 1406 2030 hic
1424 2009 1500 2031 cum
1517 1998 1706 2039 religione!

1063 2053 1125 2081 223
1162 2050 1281 2082 vicisse
1317 2050 1486 2091 tonantem]
1529 2049 1580 2080 De
1606 2048 1705 2080 Pelia

1009 2109 1106 2139 cape.

1051 2151 1114 2179 230
1130 2149 1249 2180 Melius
1256 2148 1390 2187 fortuna
1397 2147 1513 2189 pianda
1526 2147 1588 2188 est]
1597 2147 1703 2179 Sorti-

1012 2198 1122 2237 legam
1139 2207 1269 2237 urnam,
1289 2207 1356 2239 qua
1370 2196 1645 2238 Jovi,Neptuno,
1667 2201 1705 2228 et

1010 2247 1098 2284 Diti,
1117 2247 1149 2277 in
1164 2246 1304 2278 Saturni
1327 2247 1471 2287 imperio
1492 2245 1705 2285 erciscundo,

1008 2301 1121 2335 partes
1144 2306 1286 2336 cessere,
1312 2297 1519 2337 postliminio
1543 2304 1706 2327 revocan-

1009 2346 1085 2376 dam
1103 2347 1172 2385 ait;
1197 2351 1233 2378 ut
1247 2352 1281 2378 et
1296 2347 1437 2387 Jupiter
1455 2347 1497 2377 de
1521 2354 1627 2386 regno
1643 2353 1704 2386 pe-

1009 2397 1190 2431 ricliteuuu
1219 2402 1254 2428 et
1283 2397 1448 2428 Saturnus
1471 2398 1505 2426 in
1532 2397 1703 2437 integrum

1007 2446 1217 2477 restituatur.
1259 2444 1387 2477 Ausou.
1419 2445 1507 2485 Idyl.
1535 2453 1585 2475 rx.
1622 2445 1702 2477 ‘cui

1006 2504 1085 2526 cura
1117 2495 1275 2525 secundae
1297 2493 1431 2534 Sortis‚'
1454 2496 1520 2524 ὅτε.
1562 2493 1659 2534 Virg.
1675 2503 1702 2526 r.

1006 2545 1081 2576 AEn.
1102 2545 1112 2562 ⁸
1123 2544 1221 2575 Piare
1234 2543 1243 2558 '
1260 2553 1339 2575 vero
1356 2548 1422 2584 est,
1437 2543 1574 2584 piaculo
1589 2553 1625 2574 se
1641 2543 1702 2575 ob-

1007 2594 1186 2635 stringere.
1216 2594 1303 2625 Vide
1333 2594 1480 2625 Festum.
1525 2593 1583 2625 Ita
1604 2594 1700 2635 Virg.

1008 2644 1100 2674 Ceiri
1115 2654 1122 2674 :
1161 2644 1171 2660 ‘
1184 2643 1406 2683 nequicquam
1430 2643 1510 2683 jura
1549 2643 1701 2684 piasses:

1008 2693 1133 2733 Papin.
1155 2693 1263 2723 Theb.
1281 2701 1334 2723 ix.
1365 2693 1375 2710 ‘
1390 2693 1481 2733 Ergo
1497 2697 1535 2724 ut
1551 2694 1583 2724 in
1601 2702 1700 2724 amne

1009 2742 1105 2773 nefas
1134 2752 1242 2773 merso
1266 2747 1318 2773 ter
1343 2743 1435 2774 crine
1469 2743 1600 2784 piavit‚'
1624 2753 1698 2785 pro,

1008 2792 1169 2832 expiavit.
