1889 3194
616 333 679 362 DE
712 331 864 363 BELLO
897 330 1120 362 TROJANO
1157 330 1250 361 LIB.
1285 330 1328 359 V.

1602 318 1685 358 519

243 424 470 467 Armatum
492 427 725 480 prohibere
747 429 898 480 parat:
925 424 1205 466 muliebribus
1226 424 1298 465 ille

242 492 323 533 Nil
341 492 517 534 monitis
533 498 694 544 motus,
714 493 852 535 timidi
873 492 1089 546 praesagia
1108 503 1246 532 sexus

1597 490 1684 530 445

240 559 431 613 Spernit,
449 564 495 600 et
512 561 747 613 impatiens
763 560 1028 601 bellantibus
1050 571 1152 600 acer
1172 559 1329 599 abesse

239 625 395 667 Poscit
413 639 574 680 equos:
605 632 710 669 tunc
731 639 835 668 vero
859 639 1022 677 amens,
1045 631 1149 667 tunc
1170 625 1303 666 anxia
1323 635 1481 665 vocem

238 691 394 742 Tollit,
413 698 457 734 et
476 706 686 735 occursus
704 707 850 735 omnes
870 699 1011 747 rogat,
1032 694 1126 734 exit
1146 696 1190 733 et
1212 693 1346 733 intrat

238 758 425 809 Incerta,
446 773 498 801 ac
518 773 701 813 parvum
722 762 873 801 matris
892 761 1082 801 lamenta
1103 763 1348 812 stupentem

238 825 516 880 Astyanacta
534 828 722 879 trahem,
743 827 1000 869 calcandum
1019 827 1064 867 in
1085 826 1236 866 limine
1252 825 1366 878 patri

483 894 694 935 Induerat
713 895 895 948 galeam,
917 906 1130 947 curruque
1153 892 1333 933 sedebat

237 892 423 946 objicit.

1596 821 1681 862 450

235 959 407 1002 Celsior
424 974 434 1002 ε
466 961 774 1002 Andromache
795 961 973 1002 Priamo
989 959 1233 1013 praenuntia
1248 958 1423 1006 clamat,

235 1027 337 1068 Heu
359 1029 581 1078 morimur,
604 1041 825 1078 succurre,
847 1031 987 1082 pater.

1046 1026 1138 1068 Vix
1160 1025 1363 1079 principe
1379 1023 1535 1077 jussus

232 1094 431 1136 Tandem
451 1096 599 1145 haeret,
620 1096 871 1149 patiturque
892 1107 1055 1145 moraS,
1076 1094 1329 1135 moderante
1347 1095 1546 1133 catervas

234 1159 490 1203 Memnone:
522 1161 601 1203 sed
622 1175 840 1216 nusquam
861 1162 1056 1215 Phrygia
1077 1161 1161 1201 sub
1185 1158 1361 1201 casside
1380 1158 1478 1199 viso

1593 1156 1677 1196 455

234 1226 448 1277 Hectore,
462 1240 582 1268 mens
603 1228 773 1269 Danais
790 1228 947 1282 major,
967 1228 1133 1269 fiducia
1152 1226 1311 1280 major,

233 1293 384 1347 Major
399 1295 444 1335 in
466 1307 586 1335 arma
604 1307 776 1344 manus,
797 1296 1024 1350 majorque
1044 1294 1223 1335 licentia
1242 1292 1389 1345 campi

232 1361 442 1403 Audaces
462 1361 650 1415 proferre
671 1361 854 1414 gradus:
879 1361 976 1415 jam
998 1360 1218 1413 Pergama
1230 1359 1366 1413 juxta

232 1428 459 1481 Effugiunt
477 1428 686 1481 Phryges,
709 1428 961 1468 exclamant
981 1430 1228 1479 matresque
1250 1436 1483 1478 senesque,

231 1493 347 1545 Quis
368 1495 610 1549 pulchrum,
629 1495 699 1536 vel
721 1496 843 1536 triste
860 1495 946 1537 fuit
968 1495 1021 1535 de
1040 1493 1261 1535 moenibus
1283 1504 1405 1533 arma

1592 1489 1677 1529 460

230 1561 510 1615 Conspicere,
532 1564 576 1602 et
591 1561 760 1602 miseris
778 1562 986 1614 quatiunt
1001 1560 1241 1601 ululatibus
1263 1559 1429 1599 urbem.

286 1628 462 1670 Hector
481 1629 526 1669 in
547 1627 886 1670 Andromachen
904 1627 1127 1669 oculorum
1145 1625 1333 1667 fulmina
1353 1628 1574 1678 torquens,

875 1791 1022 1825 NOTAE

268 1881 332 1911 449
355 1878 403 1910 Ac
422 1888 552 1919 parvum
577 1879 687 1910 matris
707 1880 840 1910 lamenta
854 1881 920 1910 stu-

224 1934 346 1970 pentem
357 1931 550 1970 Astyanacta
563 1929 701 1970 traheus]
716 1930 920 1970 Stupentem

224 1979 403 2019 dicit‚jam
419 1983 491 2010 tum
507 1979 696 2010 attribuens
710 1979 837 2010 heroici
852 1979 922 2010 ani-

225 2028 270 2059 mi
285 2028 451 2069 τεκμήριαε
475 2029 593 2060 melius
620 2039 718 2070 quam
739 2029 921 2066 Homerus,

224 2078 283 2118 qui
308 2078 403 2109 illum
425 2076 570 2116 ἰάχοντα,
595 2077 784 2118 ἇτυχθέντα,
805 2079 921 2119 ταρβή-

223 2138 324 2158 σαντα
339 2126 493 2168 depingit
507 2127 549 2159 Il.
563 2132 596 2159 Ζ.
612 2128 795 2169 quodlicet
808 2129 921 2169 pueri-

223 2177 309 2208 libus
324 2177 420 2208 annis
442 2178 657 2214 conveniens,
684 2178 785 2210 aliter
806 2183 920 2210 tamen

216 2226 387 2266 judicabit
415 2225 543 2258 Po‘etas
575 2228 769 2268 respiciens,
800 2229 857 2269 qui
884 2229 919 2259 ἐκ

222 2277 280 2308 τοῦ
294 2275 468 2317 κρείττονος
483 2277 621 2308 dicunt:
646 2278 741 2318 pueri
760 2279 848 2310 enim
867 2289 918 2310 re-

222 2326 269 2365 gii
297 2331 398 2358 ‘ante
422 2335 524 2357 annos
547 2327 761 2368 animumque
784 2333 918 2370 gerunt,

222 2385 406 2416 curamque
422 2375 576 2407 virilem)
609 2376 698 2407 Vide
718 2378 918 2418 Sophoclem

220 2428 255 2458 in
272 2425 392 2467 Ajace.
438 2426 661 2457 Claudianum
683 2426 725 2457 de
744 2436 793 2459 ιν.
817 2427 918 2459 Cons.

223 2476 388 2508 Honorii:
412 2477 421 2493 ‘
439 2476 504 2507 Ille
521 2477 714 2508 coruscanti
736 2477 859 2518 clypeo
883 2482 917 2509 te

219 2536 313 2568 saepe
338 2526 508 2557 volentem
531 2525 679 2557 Sustulit
700 2527 862 2566 arridens,
884 2530 919 2558 et

219 2581 361 2617 pectore
390 2575 515 2616 pressit
545 2575 664 2606 anhelo
700 2575 917 2616 Intrepidum

217 2626 312 2663 ferri,
329 2627 436 2667 galeae
453 2635 516 2657 nec
534 2626 630 2657 triste
648 2626 824 2658 timentem
838 2627 916 2658 Ful-

218 2686 294 2717 gur,
318 2682 353 2707 et
378 2676 420 2707 ad
440 2685 586 2707 summas
614 2676 813 2708 tendentem
840 2677 915 2709 bra-

217 2727 293 2758 chia
309 2727 453 2758 cristas.’
490 2726 824 2767 Subscribitjudicio
840 2738 915 2760 meo

215 2786 364 2808 summus
386 2777 442 2807 ille
466 2776 613 2807 Criticus
631 2777 746 2808 Caesar
761 2778 915 2818 Scaliger

216 2827 250 2857 in
278 2826 392 2857 divina
417 2826 472 2856 illa
497 2826 663 2857 Oratione
689 2836 791 2867 super
818 2828 913 2859 obitu

215 2876 365 2908 Audecti
392 2875 498 2908 filioli.
544 2876 657 2908 Verba
684 2883 783 2909 sunt:
806 2879 815 2896 ‘
833 2879 911 2911 Jam

975 1877 1017 1909 ad
1047 1886 1213 1908 armorum
1242 1875 1423 1917 fulgorem,
1447 1883 1522 1915 quae
1547 1873 1675 1904 exhila-

975 1927 1075 1967 ratio,
1103 1937 1179 1968 quae
1220 1926 1354 1964 laetitia,
1384 1934 1460 1966 quae
1488 1923 1679 1955 exultatio?

973 1979 1059 2012 Juro
1077 1978 1186 2017 vobis,
1202 1976 1382 2017 cives,per
1398 1975 1552 2006 miserias
1568 1984 1674 2010 meaS,

974 2038 1051 2060 cum
1077 2029 1274 2067 clangentes
1303 2026 1401 2058 tubas
1429 2025 1471 2056 ad
1494 2025 1673 2066 exploran-

975 2078 1054 2109 dam
1084 2077 1186 2108 animi
1213 2075 1411 2107 firmitatem
1439 2075 1542 2105 semel
1571 2078 1673 2115 atque

974 2129 1097 2159 iterum
1121 2125 1295 2158 admoveri
1314 2124 1505 2165 jussissem,
1528 2123 1620 2154 ultro
1636 2124 1671 2153 in

973 2186 1089 2209 earum
1115 2177 1223 2207 sinum
1249 2184 1288 2206 ac
1315 2173 1432 2205 fauces
1457 2173 1671 2204 manusculas

972 2227 1171 2266 inseruisse3
1188 2231 1319 2258 tautum
1332 2224 1456 2263 abfuit,
1467 2229 1505 2255 ut
1517 2223 1671 2255 deterre-

972 2282 1079 2309 retur.
1123 2278 1158 2308 Si
1175 2277 1250 2317 quis
1266 2279 1368 2315 esset,
1383 2275 1432 2305 uti
1449 2274 1499 2313 fit,
1515 2273 1671 2305 subortus

971 2327 1084 2368 fletus,
1098 2337 1164 2359 non
1182 2326 1393 2367 crepundiis,
1414 2335 1480 2356 non
1497 2324 1586 2361 cibo,
1605 2334 1672 2356 non

971 2378 1179 2409 munusculis
1211 2377 1284 2408 aliis
1310 2376 1421 2417 potius
1441 2384 1541 2416 quam
1569 2385 1670 2406 vena-

973 2428 1116 2460 ticorum
1150 2437 1271 2459 canum
1297 2427 1492 2458 interventu
1525 2426 1667 2457 sanaba-

974 2478 1051 2510 tun-,¹
1086 2478 1154 2509 Sed
1171 2478 1358 2509 Homerum
1371 2475 1563 2516 excusabit,
1577 2476 1667 2517 quod

971 2530 1124 2562 carmina
1139 2539 1199 2560 sua
1221 2528 1419 2559 Graecorum
1443 2525 1580 2557 auribus
1594 2531 1668 2565 φιλ-

970 2578 1069 2616 έλλην
1089 2577 1280 2609 occentarit
1302 2577 1336 2607 in
1364 2576 1526 2607 conviviis
1551 2577 1668 2615 τροφῆς

968 2627 1083 2670 χάρινε
1107 2627 1186 2669 quid
1212 2627 1316 2668 igitur
1342 2627 1474 2662 mirum,
1501 2626 1527 2656 si
1550 2631 1586 2657 et
1612 2626 1665 2657 hic

968 2678 1145 2719 μισόφρυγα
1173 2687 1210 2709 se
1240 2676 1414 2710 ostendit?
1460 2677 1511 2707 Ex
1546 2676 1664 2707 eodem

969 2729 1065 2761 fonte
1082 2733 1148 2768 est,
1168 2727 1258 2769 quod
1276 2727 1486 2768 Penelopen,
1501 2725 1665 2766 βασσάραν

968 2778 1235 2820 κασσωρεύουσαν,
1265 2782 1303 2808 ut
1340 2777 1430 2808 illam
1461 2777 1662 2817 Lycophron

968 2830 1131 2868 nominat,
1158 2828 1317 2869 pudicam
1345 2827 1451 2868 fingit.
1499 2827 1661 2870 Vide-w.

966 2883 1041 2911 9-18.
