1889 3194
576 315 638 345 DE
672 314 828 345 BELLO
859 313 1086 346 TROJANO
1120 313 1212 344 LIB.
1244 314 1290 343 V.

203 407 309 450 Nox
333 408 476 463 aperit
495 409 738 464 proscripta
757 409 888 460 diem,
908 408 1170 463 perjuraque
1189 408 1282 450 labi

203 477 419 530 Pergama
437 477 610 519 visuros
625 478 783 531 vigiles
803 477 1101 532 properantior
1122 489 1236 517 axes

203 543 281 584 Sol
301 544 430 598 rapit,
451 544 540 598 ipsi
560 544 692 585 etiam
711 544 852 586 lentas
872 548 1109 585 causantur
1127 543 1321 585 habenas

204 609 478 666 Quadrijugi,
496 612 705 666 volvique
720 617 873 665 rogant
892 612 1102 653 intensius
1120 611 1284 652 orbem.

204 677 321 720 Mira
340 678 469 730 fides,
489 682 612 720 ortus
632 679 776 728 velox,
797 683 842 720 et
861 692 1052 733 vespera
1071 678 1207 729 nulla,

202 745 480 801 Luciferique
498 747 565 787 sui
586 745 705 787 Solis
723 749 817 787 rota
836 745 1049 800 praevenit
1066 746 1203 799 ignes.

263 813 411 867 thue
430 813 578 855 hilaris
599 818 724 867 grato
743 814 824 855 lux
845 814 989 855 omine
1008 811 1152 854 firmet
1172 811 1384 864 Achivos,

203 879 309 922 Non
329 882 469 923 oriens
490 881 653 923 Titana
667 882 811 931 rubor,
825 894 912 922 non
933 880 1075 935 pallor
1091 880 1212 921 Eous

203 946 377 989 Inficit:
409 952 457 990 at
477 961 606 1002 puro,
628 947 833 1002 qualique
853 948 899 989 in
919 948 1019 989 luce
1041 947 1251 1001 superbit,

202 1013 315 1055 Cum
334 1015 427 1057 sine
446 1016 558 1057 nube
578 1015 690 1065 dies,
710 1020 756 1056 et
775 1028 823 1056 se
845 1015 1105 1057 confractior
1125 1015 1280 1055 umbra

202 1080 383 1135 Colligit
402 1083 447 1124 in
467 1095 642 1133 conum,
663 1082 741 1123 tali
757 1085 880 1135 pater
900 1094 974 1123 ore
997 1094 1180 1123 serenos

204 1148 381 1191 Orditur
399 1162 582 1191 cursus:
614 1149 794 1190 miratur
815 1148 984 1191 Achaea
996 1149 1224 1203 juventus,

202 1215 400 1270 Duxque
419 1218 572 1258 iterum
590 1232 600 1258 :
633 1217 870 1270 Superisne
891 1229 1049 1258 manus
1069 1220 1113 1257 et
1133 1217 1219 1258 tela
1239 1227 1462 1269 negemus,

198 1283 460 1325 Inachidae?
482 1288 616 1326 vocat
635 1297 738 1326 ecce
760 1284 908 1336 Deus;
941 1283 1018 1324 Sol
1037 1283 1170 1324 laetus
1191 1283 1360 1325 anhelis

200 1349 347 1392 Instat
366 1352 508 1405 equis,
529 1351 771 1405 Neptunus
791 1363 932 1404 aquas
949 1363 1001 1391 ac
1021 1352 1172 1404 pervia
1193 1351 1338 1391 mollit

200 1416 407 1459 Coerula:
439 1418 571 1459 credo
591 1418 797 1471 equidem
819 1417 937 1459 vires
959 1430 986 1458 a
1003 1418 1206 1470 gentibus
1229 1418 1329 1458 istis
1349 1430 1357 1455 :

199 1483 528 1527 Laomedonteo
550 1489 744 1539 poscunt
759 1498 817 1526 ex
837 1485 963 1526 hoste
985 1484 1251 1538 triumphum
1268 1497 1280 1524 ε

199 1550 287 1592 Sed
308 1564 470 1592 moror.
530 1551 796 1592 Exclamant
818 1551 981 1599 Danai,
1003 1555 1186 1604 totoque
1206 1550 1391 1592 resultat

197 1617 305 1659 Vox
324 1618 523 1659 animosa
542 1617 674 1658 freto.
734 1617 840 1658 Non
861 1617 925 1658 sic
947 1617 1143 1658 insibilat
1162 1617 1323 1659 Auster

199 1685 445 1727 Frondibus
465 1686 685 1738 hybernis,
701 1698 789 1727 non
810 1689 933 1726 tanto
955 1698 1086 1726 verna
1106 1685 1276 1738 fragore

199 1753 404 1795 Flumina
424 1753 711 1807 praecipitant
728 1756 915 1803 montes,
933 1765 1019 1794 non
1041 1752 1223 1795 fiumina
1243 1758 1417 1795 cautes.

256 1821 462 1862 Senserat
483 1821 637 1862 Iliacae
660 1824 812 1862 custos
832 1821 1072 1861 Tritonidis
1091 1820 1230 1862 Astur

197 1885 452 1929 Adventare
472 1893 607 1937 rates,
626 1888 848 1942 celerique
869 1888 1036 1929 incerta
1055 1901 1133 1942 per
1152 1889 1305 1930 urbem

199 1955 416 1995 Discursu
437 1955 611 2008 rapiens
630 1955 832 2007 vestigia,
852 1955 1021 1996 nuntiat
1041 1967 1179 2004 arma,

198 2024 336 2061 Arma
357 2020 501 2062 iterat.
561 2020 768 2071 Quonam
791 2034 943 2075 usque,
965 2023 1061 2072 viri,
1086 2023 1354 2076 torpebitis?
1387 2023 1546 2078 inquit,

802 2139 1041 2153 eeeeeeeeee

242 2195 302 2224 104
328 2193 528 2225 Contractior
544 2194 704 2226 Dresem.

855 2281 996 2314 NOTAE

1587 407 1645 448 95

1562 744 1646 786 100

1564 1079 1648 1121 105

1562 1415 1648 1457 110

1564 1752 1648 1794 115

237 2351 279 2380 99
321 2349 419 2379 Ortus
448 2349 550 2389 velox,
578 2352 610 2379 et
637 2358 765 2388 vespera
789 2350 892 2390 nulla]
992 2353 1053 2381 113
1080 2351 1151 2382 Non
1164 2350 1210 2382 sic
1225 2350 1365 2382 insibilat
1383 2350 1515 2393 Auster]
1545 2352 1649 2384 Ovid.

196 2399 277 2431 Sine
297 2398 509 2439 crepusculo,
537 2398 626 2440 quod
651 2399 894 2437 ποιητικώτατον
950 2411 1011 2433 xv.
1024 2402 1257 2434 Metam.‘ubi
1270 2407 1348 2434 trux
1361 2403 1511 2434 insibilat
1526 2404 1647 2444 Eurus,

196 2460 273 2481 cum
287 2448 520 2489 sequentibus.
948 2452 1127 2483 Murmura
1152 2452 1276 2493 pinetis
1300 2452 1411 2484 fiunt.’
1454 2453 1579 2493 Papin.
1596 2463 1645 2485 vr.

239 2502 300 2531 104
323 2500 369 2530 Et
383 2509 415 2529 se
428 2497 617 2537 confractior
637 2500 744 2531 umbra
763 2500 895 2539 Colligit
949 2502 1056 2533 Theb.
1072 2506 1081 2519 ‘
1096 2502 1277 2544 densisque
1304 2503 1454 2534 insibilat
1481 2503 1539 2534 aer
1562 2503 1647 2534 Vul-

192 2551 226 2582 ἑτι
241 2549 363 2590 conum]
388 2550 506 2581 Male:
529 2550 604 2590 lege
616 2551 816 2582 contractior.
846 2551 893 2582 Ο-
950 2551 1114 2583 neribus!
1152 2552 1209 2583 lib.
1239 2561 1272 2584 v.
1296 2552 1462 2583 ‘dominis
1492 2553 1646 2584 assibilat

195 2601 262 2633 vid.
279 2609 336 2633 ιιι.
355 2600 614 2640 ματαιοτεχνίαςε
638 2602 807 2643 ‘Jamque
820 2602 893 2633 dies
948 2601 1038 2634 aris!
1084 2602 1183 2633 Silius
1201 2611 1269 2633 xn-
1293 2601 1420 2643 ‘jactae
1450 2602 1484 2633 in
1516 2607 1644 2635 turmas

191 2651 324 2683 medius
351 2656 472 2682 tenues
494 2655 715 2682 contraxerat
738 2651 895 2683 umbras:
947 2662 1010 2694 per
1037 2653 1152 2684 nubila
1181 2652 1326 2684 flammae
1355 2653 1543 2685 stridorem
1574 2664 1645 2685 ser-

191 2701 264 2733 1v.‘
280 2701 388 2733 donec
399 2700 617 2733 decresceret
633 2702 753 2734 umbra
764 2702 805 2733 In
821 2711 891 2733 me·
946 2707 1040 2743 vam,
1064 2703 1221 2734 membris
1249 2703 1400 2735 insibilat
1424 2703 1535 2744 ignis,’
1563 2714 1643 2737 xlx.

192 2752 286 2784 dium
303 2755 463 2792 surgente
479 2751 557 2783 die!
944 2751 987 2783 de
1016 2753 1184 2785 Vulturno
1202 2763 1211 2785 ε
1250 2752 1260 2770 ‘
1277 2753 1464 2797 patuloque
1489 2755 1641 2789 insibilat

234 2806 295 2834 110
321 2804 421 2834 Credo
437 2803 577 2843 equidem
602 2802 684 2834 vires
706 2812 725 2834 a
745 2802 890 2842 gentibus
945 2802 1026 2836 ore.'

187 2853 274 2895 istis]
297 2850 466 2893 Εῖρωνεύει.
