1889 3194
561 324 623 353 DE
661 323 814 354 BELLO
845 322 1070 354 TROJANO
1104 321 1198 352 LIB.
1231 321 1297 353 lV.

1561 312 1644 352 477

206 416 263 458 Et
277 417 428 470 jussas
449 418 585 458 libare
598 419 710 467 vias,
730 417 786 458 ad
803 416 1022 470 Delphica
1042 416 1229 457 missum

208 483 324 525 Fata
345 484 656 537 explorabant,
671 484 936 537 refugasque
958 483 1161 524 evolvere
1182 483 1351 524 Parcas

206 549 416 591 Actoride
437 552 561 591 socio
584 550 802 592 Phoebum
822 549 1023 603 praelibat
1042 549 1252 591 Achilles.

265 616 385 657 Mira
402 616 529 666 fides,
551 630 661 670 quos
682 617 941 670 praecipites
963 616 1008 656 in
1025 616 1184 669 praelia
1202 615 1336 656 traxit

1563 614 1648 655 215

209 681 421 735 Impetus,
443 688 572 736 atque
590 684 729 723 omnis
750 683 900 724 nocuit
919 695 1054 732 mora,
1072 686 1226 735 sponte
1247 681 1408 736 quictis

210 748 472 801 Pigrescunt
485 749 616 797 votis,
632 749 895 803 placideque
909 749 1090 790 oracula
1102 753 1306 801 poscunt.

209 815 346 868 AEgra
363 816 490 856 dolor
508 815 647 857 differt
661 816 865 869 suspiria,
887 815 1025 867 gloria
1043 815 1251 868 palmam,

212 882 286 923 Ira
297 883 453 932 minas,
470 882 637 923 haerent
656 882 879 936 suspensis
901 882 1078 934 agmina
1096 881 1226 922 bellis
1244 893 1254 919 :

209 947 435 1001 Expectat
455 950 567 989 antri
588 949 759 990 veniam
779 948 902 989 Mars
923 950 1016 1002 ipse
1037 948 1258 1002 loquacis,

1565 946 1650 987 220

267 1015 306 1055 Ο
329 1016 463 1056 variis
480 1015 631 1056 delusa
647 1015 793 1056 modis
815 1029 921 1068 gens
941 1015 1116 1056 credula
1137 1026 1255 1055 curae

216 1081 403 1122 Gentilis
426 1083 434 1122 !
458 1082 562 1131 risu,
584 1095 638 1122 an
650 1082 871 1135 lacrymis,
891 1095 947 1123 an
967 1081 1095 1123 flente
1115 1080 1329 1122 cachinno

813 1169 1047 1181 000000000000

253 1225 316 1253 212
339 1222 407 1253 Pro
423 1223 462 1253 ad
479 1221 565 1253 Edd.
583 1222 685 1254 Basil.
703 1222 791 1253 Mor.
809 1222 978 1263 Spondan.
994 1222 1118 1254 habent
1135 1232 1180 1252 ac.

861 1307 1004 1339 NOTAE

254 1363 317 1392 212
340 1361 392 1391 Ad
420 1359 572 1399 Delphica
598 1359 741 1400 missum]
775 1359 906 1391 Philos-

214 1417 323 1444 tratus
336 1412 368 1442 in
380 1411 537 1442 Heroicis
546 1420 580 1451 p.
590 1413 664 1442 677.
678 1411 822 1442 Lesbum
834 1412 906 1442 illos

214 1462 391 1502 navigasse
409 1461 538 1498 scribit,
559 1465 595 1491 ut
613 1462 786 1500 auspicato
803 1460 852 1491 καὶ
865 1460 907 1499 μὴ

213 1511 432 1542 δυσοιωνίστως
465 1510 775 1551 proficiscerentur,
810 1510 907 1541 inibi-

213 1571 279 1603 que
296 1561 425 1600 Orphei
442 1561 612 1592 oraculum
628 1560 779 1592 scitatos.

255 1614 319 1642 216
342 1611 457 1651 Sponte
472 1610 586 1650 quietis
602 1610 791 1649 pigrescunt
812 1610 906 1650 volis]

212 1662 411 1702 Fulgentius
427 1660 615 1701 Mytholog.
629 1668 655 1691 1.
679 1660 688 1677 ‘
706 1659 841 1691 Coerula
857 1669 906 1690 ro·

213 1711 334 1750 rigenis
350 1709 708 1750 pigrescerejusserat
725 1708 808 1740 alis.'
845 1708 906 1740 At-

213 1761 280 1792 tius
316 1759 406 1800 apud
451 1759 598 1791 Nonium
612 1769 620 1788 z
659 1758 669 1776 ‘
694 1758 819 1789 Melius
856 1759 907 1798 pi-

213 1819 340 1850 grasse,
373 1818 518 1851 namque
552 1817 753 1849 properasse
776 1813 828 1840 est
851 1818 908 1840 ne-

215 1859 291 1892 fas.’

257 1912 321 1940 219
344 1909 479 1940 Haerent
494 1908 648 1948 suspensis
665 1908 790 1948 agmina
807 1908 908 1948 bellis]

217 1959 340 2000 Papin.
357 1967 396 1990 11.
420 1958 543 1990 Achill.
565 1958 632 1988 ‘Te
657 1964 714 1988 tua
740 1958 909 1998 suspensis

218 2014 381 2049 expectat
398 2008 534 2040 Graecia
550 2006 678 2048 signis.'

262 2061 325 2090 222
350 2059 430 2089 Risu
444 2068 483 2089 an
500 2058 656 2097 lacrymis,
680 2067 721 2088 an
737 2057 839 2098 flente
858 2068 905 2089 ca-

216 2108 342 2148 chinno]
359 2108 407 2139 Ut
423 2108 479 2138 ille
495 2108 528 2137 in
551 2107 675 2138 Graeco
698 2107 862 2147 epigram.
884 2116 909 2137 1.

219 2160 272 2189 13.
282 2157 428 2196 dubitat,
439 2166 479 2187 an
494 2165 568 2187 cum
581 2155 776 2186 Democrito
792 2155 912 2195 rideat,

218 2207 273 2238 vel
290 2207 466 2238 Heraclito
482 2205 564 2236 fleat
580 2216 589 2236 ε
614 2205 662 2236 sic
684 2204 914 2244 κλαυσιγέλωτι

220 2256 395 2297 gentilium
420 2256 602 2286 vanitatem
630 2253 803 2294 μυκτηρίζει
832 2254 913 2286 Am-

220 2306 406 2346 philochius
418 2315 451 2346 p.
464 2303 586 2336 105.*H
599 2303 734 2344 δακρύων
742 2304 833 2335 τεκαὶ
843 2315 914 2336 στε-

221 2359 345 2397 ναγμῶν
359 2357 438 2397 ἄξια.
484 2358 514 2388 F
515 2358 580 2388 lens
588 2357 751 2388 cachinnus
766 2355 915 2398 ὀξύμωρον

221 2414 286 2448 est,
310 2418 375 2450 quo
392 2407 509 2448 optimi
534 2411 691 2437 auctores
716 2405 915 2447 frequenter

222 2460 286 2500 usi,
304 2464 406 2500 atque
423 2467 464 2489 en
483 2457 544 2488 tibi
561 2457 602 2487 ad
616 2457 684 2497 illa,
698 2466 772 2496 quae
790 2456 914 2487 dudum

221 2510 264 2541 ab
276 2509 349 2540 aliis
362 2509 518 2545 collecta,
531 2506 716 2538 auctarium
730 2505 831 2536 Hom.
846 2505 913 2537 Od.

222 2558 348 2600 ἱμερόεις
362 2558 459 2597 γόοςε
486 2562 523 2588 ut
546 2558 556 2574 ‘
571 2557 759 2596 lacrymosa
773 2554 893 2595 gaudia
905 2555 914 2569 ’

222 2609 435 2649 Gunssrerus,
477 2604 727 2647 ἴλαροτραγφδία.
772 2604 916 2637 Casaub.

223 2667 305 2690 vm.
328 2658 370 2689 ad
388 2657 588 2689 Athenaeum
606 2665 662 2688 ιιι.
676 2659 710 2687 9.
730 2654 916 2695 ληρόσοφος.

225 2708 346 2748 Chrys.
361 2707 404 2738 de
418 2706 570 2740 Libanio,
586 2704 689 2745 νεκρὸς
706 2704 853 2744 ἔμψυχος,
862 2703 916 2743 ’γέ-

226 2769 284 2798 ρων
299 2755 422 2796 νεάζων,
438 2756 527 2797 quod
551 2754 752 2795 παιδιινγέρων
780 2756 916 2787 Nicetae

227 2808 402 2839 Choniatae
419 2807 460 2837 de
473 2806 592 2837 Isaaco
603 2815 658 2838 ιιι.
674 2807 790 2845 ρ.477.
808 2804 917 2836 ἀθάνα-

225 2869 278 2889 τος
291 2856 526 2897 τετελεύτηκεν,
546 2856 633 2897 ψυχὴ
657 2854 788 2896 ἄψυχος,
813 2855 918 2895 Chry-

959 1364 1042 1391 eost.
1064 1358 1236 1400 Synesius‚
1251 1357 1355 1397 νύμφη
1377 1356 1579 1396 ἀνύμφευτος.
1603 1367 1656 1387 σσ-

960 1409 1019 1449 φὺν
1033 1409 1161 1446 ἠλίθιον,
1174 1408 1349 1439 Demosth.
1359 1408 1368 1424 ‘
1385 1407 1440 1447 pie
1450 1407 1656 1445 contumax‚'

960 1461 969 1477 ‘
983 1464 1111 1491 castum
1135 1457 1300 1498 lupanar‚’
1323 1462 1332 1475 ‘
1345 1457 1472 1488 crimen
1489 1456 1651 1496 pietatis‚’

956 1511 966 1528 ‘
976 1510 1156 1550 probrosus
1166 1508 1294 1545 bonor‚’
1302 1507 1658 1539 Prudentiussdormi-

961 1569 1020 1590 ens
1030 1558 1199 1598 excubat,'
1211 1559 1305 1589 Suet.
1315 1556 1540 1588 ‘inordinatus
1552 1555 1658 1594 ord0‚'

960 1607 1064 1649 Apul.
1087 1607 1170 1647 τάξις
1193 1608 1226 1638 ἐν
1248 1605 1368 1647 ἀταξίᾳ,
1386 1606 1492 1636 Basil.
1506 1610 1541 1635 et
1558 1605 1657 1636 Philo

962 1667 995 1698 p.
1016 1660 1090 1689 567.
1112 1658 1215 1688 ‘ades
1242 1655 1487 1688 celeberrimus
1515 1653 1661 1693 absens,’

962 1707 1064 1739 Ovid.
1089 1707 1218 1739 'hostis
1249 1704 1387 1745 amans,’
1422 1704 1531 1735 Idem.
1563 1704 1660 1743 ‘gra-

961 1763 1016 1789 tus
1043 1758 1186 1799 horror,'
1207 1758 1321 1790 Silius.
1345 1755 1521 1796 ‘dixitque
1544 1759 1662 1786 tacen-

962 1808 1005 1839 do
1035 1807 1274 1849 Pythagoras:
1305 1805 1481 1838 claudian.
1505 1805 1663 1836 ‘Formo-

963 1868 1018 1889 sus
1034 1857 1148 1899 rigor,'
1165 1857 1267 1889 idem.
1280 1855 1387 1895 ἄτιμος
1397 1854 1482 1895 τιμὴ,
1507 1854 1662 1885 Asterius

962 1908 1064 1939 Hom.
1079 1911 1110 1939 3.
1134 1909 1325 1938 ‘secretum
1352 1907 1386 1937 in
1410 1901 1572 1945 publico,'
1596 1903 1664 1933 Pa-

962 1964 1072 1990 catus.
1116 1959 1126 1976 ‘
1144 1957 1246 1989 docta
1279 1953 1492 1996 ignorantia:
1535 1952 1662 1992 Scalig.

962 2009 971 2026 ‘
984 2012 1171 2039 monstrum
1199 2007 1270 2038 sine
1288 2004 1393 2044 vitio,’
1417 2004 1507 2035 idem
1524 2002 1566 2033 de
1588 2002 1664 2032 Vir-

963 2059 1053 2098 gilio.
1080 2057 1300 2098 ‘ignorantiae
1318 2053 1490 2093 scientiae,’
1516 2053 1663 2092 Fulgen-

965 2108 1032 2138 tius
1047 2107 1193 2148 Mythol.
1207 2108 1216 2124 ‘
1233 2105 1360 2137 Flebile
1374 2101 1525 2144 gavisae,'
1543 2101 1665 2141 Papin.

966 2156 1133 2196 ‘gaudent
1148 2157 1306 2190 lamenta,
1318 2162 1485 2193 novaeque
1499 2152 1665 2182 Exultant

966 2205 1146 2247 iacrymae‚’
1183 2205 1285 2236 idem.
1315 2200 1460 2242 δακρυόεν
1488 2199 1667 2240 γελάσασα,

966 2257 1068 2289 Hom.
1079 2257 1121 2288 Il.
1133 2260 1166 2287 Z.
1177 2255 1266 2297 quod
1275 2254 1373 2285 Philo
1387 2251 1513 2292 repetit
1524 2251 1610 2282 libro
1623 2250 1667 2281 de

967 2307 1102 2347 migrat.
1126 2305 1252 2337 Abrah.
1277 2314 1310 2344 p.
1325 2304 1399 2333 323.
1426 2300 1586 2332 Nazianz.
1604 2299 1669 2330 Or.

969 2365 1067 2387 Xxu.
1077 2366 1109 2396 p.
1117 2358 1190 2386 404.
1201 2353 1253 2384 δύο
1263 2353 1366 2383 παθῶν
1373 2348 1556 2389 μεταίχμιον
1565 2348 1669 2378 nomi-

968 2411 1037 2437 nat.
1058 2409 1068 2424 ‘
1084 2405 1255 2436 silentium
1284 2398 1488 2438 clamosum:
1513 2397 1668 2429 Cassiod.

969 2456 1146 2496 ‘lucetque
1176 2455 1326 2492 latetque
1358 2447 1536 2487 Calculus‚’
1562 2446 1671 2478 Auso—

968 2504 1055 2536 nius.
1074 2502 1238 2534 ‘mundus
1261 2502 1348 2531 latet
1370 2497 1453 2530 orbe
1481 2495 1669 2537 patetque:

969 2553 1140 2585 Manilius.
1195 2552 1206 2569 ⁴
1222 2551 1263 2582 In
1294 2549 1375 2580 vitio
1408 2545 1535 2585 bonus:
1568 2545 1670 2576 idem.

969 2603 1092 2634 τέλειον
1107 2599 1230 2638 ἀτελὲς,
1240 2599 1352 2634 ἔλαβες
1362 2598 1406 2637 τῷ
1415 2597 1457 2635 μὴ
1466 2596 1590 2634 λαβεῖν,
1601 2594 1671 2626 ἐπέ-

969 2664 1065 2691 τυχες
1083 2653 1131 2691 τῷ
1145 2651 1187 2689 μὴ
1204 2649 1376 2689 ἐπιτυχεῖν,
1399 2647 1575 2685 chrysost.
1597 2644 1607 2661 ‘
1622 2644 1673 2674 di-

969 2713 1028 2735 ves
1045 2703 1122 2733 dum
1152 2701 1263 2732 omnia
1288 2695 1421 2736 desint,'
1446 2695 1558 2727 Catul.
1574 2694 1584 2712 ‘
1599 2693 1671 2734 Ap-

971 2753 1083 2793 paruit
1092 2751 1169 2783 olim
1183 2750 1261 2781 Non
1275 2747 1398 2779 ardens
1408 2744 1528 2776 ardere
1542 2742 1671 2781 rubus‚’

971 2802 1078 2834 Prud.
1101 2807 1109 2820 ‘
1123 2801 1197 2842 quis
1221 2798 1329 2839 gloria
1351 2804 1478 2828 summa
1500 2792 1671 2824 Dedecori

972 2851 1050 2894 est,’
1084 2851 1186 2883 idem.
1211 2847 1298 2881 οὐδὲν
1324 2845 1449 2885 ἀμαθίας
1478 2842 1592 2882 ταύτης
1620 2852 1672 2873 σο-
