1889 3194
248 312 333 353 540

251 416 488 470 Expectat,
511 415 691 471 Stygias
712 417 874 470 pariter
895 415 1178 457 transnabitis
1199 416 1356 458 undas.

769 321 970 353 JOSEPHI
1003 321 1169 352 ISCANI

1605 417 1695 459 340

306 483 449 534 Dixit,
468 487 511 525 et
532 483 626 524 Eoo
639 483 901 537 jamdudum
920 483 1093 524 viscera
1113 483 1203 536 regi

249 549 468 591 Fraxineo
488 551 691 604 perfossa
711 549 826 604 stylo
846 563 855 587 z
885 549 1006 602 niger
1026 550 1187 590 emicat
1209 549 1301 590 alte

249 617 457 670 Sanguis,
477 621 520 659 et
539 621 698 658 exutos
718 616 885 658 mulcet
906 616 1023 670 Styx
1041 616 1201 669 frigida
1220 628 1385 657 manes.

249 683 324 724 Fit
337 684 440 737 fuga
461 684 698 725 Persarum
716 683 814 724 fuso
835 683 972 725 duce:
992 684 1153 725 saevior
1169 684 1307 724 instat

247 750 575 804 Myrmidonum
591 751 811 804 princeps,
831 751 896 792 sic
913 763 1039 792 mens
1060 756 1340 805 acceptaque
1361 749 1548 793 suadent
1603 748 1690 790 345

246 817 466 859 Vulnera:
490 817 586 871 jam
605 818 805 871 trepidos
824 818 1001 871 longum
1023 819 1243 872 quaesisse
1260 822 1482 872 tyrannos,

246 882 300 924 In
322 884 437 936 vulgi
450 883 653 937 jugulum
673 884 843 926 violens
863 884 983 934 furit,
1005 885 1194 938 impetus
1213 885 1322 926 iram

244 949 403 996 Mutat,
425 955 472 992 et
492 950 685 992 ultricem
706 951 829 1004 cogit
848 951 1104 1004 plebescere
1129 951 1343 992 dextram.

243 1015 358 1070 Ergo
377 1017 497 1071 fugat
516 1017 717 1073 pavidos,
739 1018 954 1059 audentes
973 1018 1128 1068 fundit,
1149 1019 1309 1059 inertes

244 1082 495 1135 Proculcat,
511 1084 771 1138 redimitque
792 1084 916 1126 brevi
932 1085 1062 1138 longa
1082 1085 1174 1126 otia
1193 1085 1325 1126 bello.

298 1149 486 1192 Viderat
507 1151 673 1193 Iliacos
688 1152 874 1193 fremere
895 1152 940 1192 in
961 1151 1197 1193 certamine
1221 1165 1404 1206 campos

243 1215 435 1270 Jupiter,
455 1222 498 1260 et
518 1231 771 1272 quanquam
794 1218 958 1260 tardari
978 1219 1161 1273 pulvere
1184 1220 1320 1269 visus,

243 1281 381 1325 Arma
400 1288 546 1325 tamen
566 1286 704 1327 cernit
721 1285 960 1336 Vulcania,
981 1287 1111 1328 saevit
1127 1287 1173 1327 in
1192 1286 1342 1328 hostes

243 1348 408 1390 Saevire
428 1350 667 1401 AEaciden,
687 1352 850 1405 gaudet
871 1365 971 1393 cum
992 1353 1100 1394 talia
1121 1357 1297 1407 spectet

244 1415 494 1469 Nupturam
514 1418 741 1471 pepulisse
763 1418 947 1460 Thetin:
977 1419 1145 1473 pallore
1166 1419 1326 1461 minori

1600 1420 1686 1462 355

244 1482 502 1537 Phlegraeos
521 1488 707 1536 montes,
728 1484 1048 1539 Phlegraeaque
1068 1486 1188 1527 bella
1208 1487 1388 1527 timeret.

244 1550 356 1603 Ipsa
374 1550 516 1592 virum
537 1555 706 1604 strages
725 1557 937 1602 numerat,
958 1557 1153 1606 natoque
1173 1553 1372 1606 superbit

244 1615 478 1658 Immemor
499 1617 617 1659 haud
636 1618 730 1668 fati,
748 1622 910 1660 mater:
942 1620 1006 1660 sic
1028 1619 1171 1672 gloria
1191 1620 1346 1669 vincit,

244 1681 448 1736 Caraque
469 1684 704 1737 suspendit
723 1685 953 1726 mirantem
973 1686 1129 1739 praelia
1147 1685 1328 1727 fluctus.

245 1747 424 1803 Quippe
448 1750 592 1791 videre
606 1751 749 1804 juvat,
769 1757 812 1793 et
833 1752 901 1793 fas
923 1765 1099 1806 sperare
1116 1752 1400 1806 triumphum,

1602 1752 1687 1794 360

244 1813 354 1855 Cum
376 1829 529 1857 manus
549 1829 636 1858 una
656 1817 793 1870 fuget,
808 1811 1036 1872 fugiatque
1058 1819 1286 1860 exercitus
1309 1819 1467 1860 omnis.

243 1880 380 1923 Haud
401 1882 537 1933 aliter,
558 1896 661 1925 cum
681 1889 810 1926 canet
828 1898 945 1939 ager,
962 1899 1061 1927 cum
1082 1886 1242 1928 messis
1264 1885 1430 1935 adulta,

835 2003 1014 2015 eemeeee
1018 2004 1034 2016 e
1038 2004 1076 2015 Ν

284 2065 340 2094 351
362 2064 542 2096 Certamini:
555 2065 644 2098 Edd.
657 2067 746 2098 Mor.
759 2072 793 2099 et
807 2068 1090 2109 Spondan.-—358
1107 2070 1177 2102 Pro
1192 2070 1273 2102 haud
1288 2070 1415 2105 habent
1425 2070 1483 2102 heu
1495 2069 1583 2102 Edd.
1596 2070 1686 2102 Mor.

241 2110 276 2136 et
291 2105 465 2146 Spondan.

896 2179 1036 2212 NOTAE

281 2240 341 2269 341
368 2239 434 2269 Eoo
440 2238 618 2279 jamjudum
638 2240 756 2272 viscera
768 2243 838 2282 regi
850 2242 882 2274 F
882 2253 932 2274 ra-

239 2288 331 2319 xineo
344 2289 483 2328 perfossa
493 2290 589 2331 stylo]
605 2291 835 2324 Philostratus
859 2293 933 2325 Ico-

239 2347 316 2368 num
346 2347 371 2369 1.
396 2348 430 2378 p.
450 2341 524 2370 741.
550 2339 707 2378 βέβληται
734 2340 767 2372 δὲ
788 2342 870 2374 κατὰ
895 2343 933 2374 τὸ

238 2387 376 2427 στέρνον,
391 2388 430 2419 ὡς
446 2388 511 2427 ἐμοὶ
527 2390 637 2427 δοκεῖν,
654 2390 712 2421 ὑπὸ
724 2393 781 2429 τῆς
793 2392 914 2431 μελίας.

278 2440 340 2469 344
364 2438 420 2469 fit
428 2438 513 2478 suga
534 2440 719 2480 Persarum]
734 2442 875 2473 Cointus
893 2452 933 2475 11.

237 2487 326 2518 illius
354 2489 462 2520 socios
494 2489 683 2531 AEthiopas‚
701 2491 932 2524 Philostratus

235 2538 342 2575 ipsum
352 2538 567 2570 Memnonem
576 2539 780 2582 AEthiopem,
793 2547 830 2573 ut
843 2543 931 2574 etA-

237 2587 390 2619 thenaeus
399 2596 458 2620 xv.
468 2591 584 2629 p.672.
595 2595 630 2621 et
639 2594 716 2622 680.
726 2601 792 2632 quo
804 2592 931 2625 Noster

236 2638 404 2677 respexit:
427 2639 436 2656 ‘
450 2638 680 2679 nigeremicat
692 2641 760 2672 alte
774 2642 932 2682 Sanguis,

238 2691 273 2718 et
286 2692 404 2719 exutos
414 2689 542 2721 mulcet
556 2690 643 2731 Styx
655 2690 782 2731 frigida
795 2693 932 2732 manes‚’

234 2742 374 2778 propter
391 2738 544 2770 adustum
569 2741 779 2780 sanguinem.
824 2743 928 2783 Papi-

235 2786 309 2816 nius
320 2795 389 2818 xn.
405 2789 566 2820 ‘emicuit
584 2799 644 2829 per
657 2791 746 2822 mille
761 2791 929 2824 foramina

236 2836 394 2877 sanguis)
450 2838 546 2880 Virg.
585 2842 593 2857 ‘
607 2841 695 2881 nigri
735 2842 927 2875 Memnonis

987 2242 1103 2280 arma,’
1129 2253 1156 2275 1.
1183 2243 1261 2275 AEn.
1291 2244 1301 2261 ‘
1319 2243 1442 2275 Manes
1465 2250 1588 2277 exutos
1612 2254 1686 2277 cor·

988 2295 1088 2335 pore’
1102 2300 1204 2327 vocat
1214 2295 1224 2312 ‘
1235 2295 1356 2327 viduos
1368 2295 1378 2309 ’
1392 2295 1513 2328 Silius:
1526 2306 1560 2328 ν.
1575 2298 1688 2329 ‘nulla

987 2354 1071 2385 quos
1083 2350 1205 2384 morte,
1219 2355 1281 2376 nec
1296 2346 1373 2386 igne
1390 2347 1533 2385 Exutos,
1549 2356 1686 2379 servans

989 2394 1135 2434 portabo
1157 2395 1190 2425 in
1207 2395 1352 2426 Tartara
1373 2395 1510 2431 luctus‚’
1535 2406 1586 2429 vr.
1608 2398 1686 2429 ‘ex-

989 2449 1047 2475 uta
1061 2454 1122 2484 spe
1141 2445 1266 2476 moenia
1279 2445 1396 2477 Romae
1411 2446 1599 2477 Pulsandi!

1029 2496 1092 2525 3⁴18
1121 2495 1270 2526 Ultricem
1298 2495 1383 2534 cogit
1409 2496 1580 2535 plebescere
1609 2498 1685 2528 dex-

985 2545 1083 2585 tram]
1120 2545 1287 2585 Papinius
1305 2554 1371 2577 xn.
1389 2549 1398 2563 ‘
1413 2546 1539 2576 Cetera
1552 2546 1683 2586 plebeio

987 2593 1132 2625 desaevit
1145 2595 1286 2625 vulnere
1301 2594 1427 2625 virtus?

1028 2647 1089 2676 355
1104 2645 1282 2685 Nupturam
1289 2644 1443 2686 pepulisse
1456 2644 1583 2685 Thetin]
1594 2645 1682 2677 Vide

986 2703 1010 2725 1.
1025 2696 1100 2725 336.
1116 2703 1157 2725 11.
1173 2697 1248 2726 574.

1028 2747 1090 2775 361
1116 2745 1234 2775 Manus
1250 2753 1311 2776 una
1322 2744 1430 2783 suget,
1441 2743 1612 2784 fugiatque
1627 2755 1681 2776 ex-

982 2795 1098 2825 ercitus
1121 2794 1235 2834 omnis]
1274 2802 1322 2825 1v.
1348 2792 1484 2824 ‘Turba
1503 2791 1604 2834 fugit,
1629 2804 1682 2826 so·

983 2843 1102 2884 Iusque
1116 2841 1235 2884 fugat.'
