1889 3194
593 302 654 332 DE
687 302 843 332 BELLO
875 301 1100 333 TROJANO
1135 301 1230 333 [ΑΒ.
1265 303 1332 334 VI.

230 395 385 444 Sentit,
404 399 448 436 et
467 395 674 437 adversos
695 397 874 438 incusat
894 396 1093 439 Palladis
1113 401 1234 438 astus

227 462 426 503 Troilus:
458 465 503 502 at
516 462 671 515 jaculo
693 464 843 504 melior
861 463 1038 504 fortuna
1058 463 1252 504 secundo
1269 477 1279 501 ε

227 528 375 569 Laedit
393 530 505 569 enim
527 530 722 583 libatque
738 530 953 580 humeros,
976 534 1019 571 et
1039 536 1178 571 morte
1199 530 1345 583 petita

226 596 398 637 Invenit
417 596 649 649 indignans
670 597 826 637 vulnus
848 597 944 637 sine
967 597 1118 638 funere
1141 596 1312 650 cuspis.

279 663 434 704 Tertia
453 663 664 716 majorem
683 676 838 704 cornus
861 667 1016 717 potura
1039 676 1249 712 cruorem,

225 729 381 783 Rapta
399 742 530 770 manu
550 743 559 770 :
590 730 710 770 venit
729 743 831 771 ecce
850 730 988 780 abies,
1010 733 1053 771 et
1073 730 1260 771 stridula
1281 734 1420 772 certos

224 796 411 837 Molitur
423 797 594 850 jactus:
627 798 772 837 celsos
794 809 1018 850 praesagus
1037 797 1080 836 in
1097 809 1241 837 armos

224 863 409 916 Erigitur
429 864 605 917 sonipes
622 877 632 904 :
665 864 862 909 dubium,
879 863 1113 904 defendere
1132 867 1284 913 tentet,

220 929 293 970 An
314 930 480 978 timeat,
501 930 749 984 gaudetque
770 932 917 971 tamen
938 931 1163 983 perculsus
1183 931 1363 972 herilem

219 995 481 1051 Anticipare
500 1010 677 1039 necem:
708 998 826 1038 flexo
848 1002 952 1038 tunc
974 997 1145 1051 poplite
1160 996 1308 1038 fusum

220 1063 397 1105 Invitus
417 1064 647 1118 proculcat
667 1064 836 1114 herum,
852 1064 1081 1118 fatumque
1097 1065 1265 1105 ruentis

221 1130 326 1172 Heu
340 1131 492 1186 juvat:
522 1133 595 1173 ille
617 1132 792 1186 quidem
814 1132 942 1182 nolit,
965 1132 1042 1172 sed
1064 1131 1166 1173 dum
1188 1131 1333 1185 gravis
1355 1135 1493 1185 urget,

220 1197 430 1253 Occupat
450 1199 680 1249 AEacffles,
704 1203 748 1240 et
760 1199 856 1252 jam
880 1198 1103 1251 surgentia
1121 1198 1233 1239 ferro

219 1263 347 1306 Colla
365 1267 489 1306 metit
509 1279 519 1307 ε
548 1265 762 1319 longeque
782 1266 886 1306 licet
906 1265 1132 1306 decurrere
1153 1265 1281 1318 jussa

219 1331 353 1374 Caesa
373 1333 455 1373 viri
471 1333 636 1381 cervix,
658 1338 841 1374 truncus
861 1335 1020 1380 manet,
1039 1333 1225 1386 ipsaque
1246 1331 1435 1373 nondum

217 1398 462 1440 Exarmata
476 1412 632 1440 manus
653 1399 818 1440 bellum
836 1399 1005 1439 factura
1023 1402 1233 1438 movetur.

218 1464 347 1515 Quos
366 1478 510 1516 casus,
531 1479 630 1520 quae
651 1466 744 1507 fata
765 1467 950 1519 querar?
982 1478 1112 1518 quos,
1134 1465 1298 1516 Troile,
1316 1466 1494 1508 Divos?

214 1531 376 1581 Troile,
399 1532 527 1585 cujus
548 1545 677 1586 opem
699 1532 832 1585 gemit
854 1532 963 1572 Ilios
981 1532 1090 1572 orba
1112 1532 1345 1585 sepultam,

213 1598 380 1648 Troile,
400 1599 472 1640 cui
491 1600 661 1640 meritae
682 1599 854 1652 spirant
872 1598 1101 1651 praeconia
1116 1597 1264 1647 famae,

212 1665 376 1715 Troile,
397 1679 524 1719 quem
547 1666 689 1707 solum
711 1665 916 1717 dignatur
935 1664 1143 1705 laudibus
1163 1663 1322 1718 Argos,

214 1731 365 1773 Macte
378 1732 531 1787 jaces!
564 1733 730 1787 quique
753 1737 853 1773 ante
876 1731 1041 1785 Phrygi
1059 1744 1164 1784 spes
1179 1733 1358 1785 publica
1378 1732 1498 1782 vitae,

211 1797 305 1840 Vix
326 1813 459 1840 unum
481 1800 678 1841 obsessae
701 1804 883 1840 tutorem
901 1798 1143 1839 Memnona
1162 1799 1318 1840 mortis

212 1866 384 1907 Stratus
405 1866 570 1908 habes:
601 1867 732 1907 funus
753 1867 945 1907 lacerum
968 1865 1159 1918 spoliare
1181 1867 1363 1918 parabat

211 1933 438 1984 AEacides,
460 1933 665 1986 prohibet
688 1932 916 1982 Memnon,
940 1932 1208 1984 miseraeque
1228 1932 1403 1985 parenti

212 1999 417 2051 Pignoris
440 2000 603 2052 egregii
622 1999 838 2052 lugendos
859 1998 1051 2039 destinat
1071 2002 1216 2039 artus:

212 2065 316 2118 Ipse
338 2066 438 2106 aliis
457 2066 690 2119 lacrymas,
709 2065 796 2105 sibi
817 2065 949 2114 bella,
970 2065 1157 2118 aliisque
1179 2066 1394 2106 tumultus

213 2132 481 2181 Foemineos,
505 2132 590 2172 sibi
610 2132 702 2172 tela
722 2134 881 2181 movet,
895 2136 1111 2185 raptaque
1133 2132 1374 2184 superbum

211 2197 409 2251 Cuspide
428 2198 639 2239 victorem
660 2197 824 2238 vindex
843 2198 1024 2250 premit:
1055 2197 1237 2250 inguina
1257 2199 1360 2248 telo,

212 2264 401 2306 Pectora
420 2265 580 2305 libarat
601 2264 777 2317 gladi03
809 2264 1011 2317 respexit
1032 2262 1251 2314 Achilles,

210 2330 359 2384 Atque
375 2331 626 2383 indignatus
648 2331 878 2371 furialibus
899 2332 1067 2371 intonat
1089 2331 1230 2371 orsis:

210 2399 269 2439 Et
286 2403 329 2439 te
350 2398 442 2440 fata
462 2401 651 2440 vocant:
683 2398 837 2452 Stygia
857 2398 977 2452 prior
991 2399 1154 2452 hospes
1174 2398 1219 2438 in
1241 2397 1343 2439 alno

861 2553 998 2585 NOTAE

1588 294 1672 336 539

1586 463 1670 505 310

1582 796 1667 837 315

1578 1129 1664 1172 320

1577 1466 1662 1507 325

1574 1799 1660 1840 330

1573 2133 1659 2174 335

249 2632 313 2661 326
353 2630 470 2670 Troile,
492 2629 578 2669 cujus
611 2628 712 2669 opem]
748 2627 905 2660 Διπλώσει
960 2628 1140 2670 aliquoties
1169 2628 1307 2659 Arcada
1335 2632 1372 2659 et
1399 2627 1655 2668 Persephonen,

207 2680 380 2721 ἀναφορικῇ
417 2685 539 2721 quater
577 2680 705 2720 repetit
753 2679 905 2710 ‘Troile.'
961 2687 1027 2710 xu-

207 2731 265 2761 Ita
281 2730 465 2771 Dionysius
474 2729 559 2761 Afer
568 2740 616 2761 vs.
629 2732 704 2761 794.
718 2734 753 2760 et
772 2734 825 2760 ter
836 2728 904 2766 εΡή-
1002 2731 1066 2760 329
1088 2727 1165 2768 Spes
1177 2727 1299 2768 publica
1313 2726 1402 2767 vitoe]
1426 2727 1480 2758 Ita
1497 2726 1654 2758 Claudia-

206 2783 275 2816 βας,
291 2786 329 2812 ut
341 2781 524 2820 Homerus,
544 2781 684 2812 Nireus.
709 2779 804 2810 Idem
820 2779 903 2810 Dio·
959 2789 1043 2810 nus:
1076 2779 1085 2795 ‘
1099 2778 1244 2809 Publica
1274 2777 1466 2809 morborum
1497 2776 1655 2818 requies.²

206 2832 320 2872 nysius
346 2837 466 2872 quater
497 2831 597 2872 Ilion,
621 2833 697 2862 815.
740 2830 904 2872 Papinius
958 2829 1130 2870 Epigram.
1146 2827 1189 2859 de
1202 2826 1334 2868 Apono.
