<?xml version="1.0" encoding="UTF-8"?>
<!DOCTYPE html PUBLIC "-//W3C//DTD XHTML 1.0 Transitional//EN"
    "http://www.w3.org/TR/xhtml1/DTD/xhtml1-transitional.dtd">
<html xmlns="http://www.w3.org/1999/xhtml" xml:lang="en" lang="en">
 <head>
  <title>
</title>
<meta http-equiv="Content-Type" content="text/html;charset=utf-8" />
  <meta name='ocr-system' content='tesseract 3.04.00' />
  <meta name='ocr-capabilities' content='ocr_page ocr_carea ocr_par ocr_line ocrx_word'/>
</head>
<body>
  <div class='ocr_page' id='page_1' title='image "./dictyscretensise02dictuoft_0222.png"; bbox 0 0 1889 3194; ppageno 0'>
   <div class='ocr_carea' id='block_1_1' title="bbox 276 356 361 399">
    <p class='ocr_par' dir='ltr' id='par_1_1' title="bbox 276 356 361 399">
     <span class='ocr_line' id='line_1_1' title="bbox 276 356 361 399; baseline -0.024 0"><span class='ocrx_word' id='word_1_1' title='bbox 276 356 361 399; x_wconf 75' lang='lat'>564</span> 
     </span>
    </p>
   </div>
   <div class='ocr_carea' id='block_1_2' title="bbox 800 361 1200 396">
    <p class='ocr_par' dir='ltr' id='par_1_2' title="bbox 800 361 1200 396">
     <span class='ocr_line' id='line_1_2' title="bbox 800 361 1200 396; baseline -0.015 0"><span class='ocrx_word' id='word_1_2' title='bbox 800 363 1001 396; x_wconf 78' lang='lat' dir='ltr'>JOSEPHI</span> <span class='ocrx_word' id='word_1_3' title='bbox 1035 361 1200 392; x_wconf 83' lang='lat' dir='ltr'>ISCANI</span> 
     </span>
    </p>
   </div>
   <div class='ocr_carea' id='block_1_3' title="bbox 276 456 1257 515">
    <p class='ocr_par' dir='ltr' id='par_1_3' title="bbox 276 456 1257 515">
     <span class='ocr_line' id='line_1_3' title="bbox 276 456 1257 515; baseline -0.008 -12"><span class='ocrx_word' id='word_1_4' title='bbox 276 462 520 515; x_wconf 76' lang='lat' dir='ltr'><strong>Impatiens</strong></span> <span class='ocrx_word' id='word_1_5' title='bbox 542 460 698 502; x_wconf 82' lang='lat' dir='ltr'>saevire</span> <span class='ocrx_word' id='word_1_6' title='bbox 718 459 848 508; x_wconf 87' lang='lat' dir='ltr'>dolis,</span> <span class='ocrx_word' id='word_1_7' title='bbox 868 463 912 499; x_wconf 90' lang='lat' dir='ltr'>et</span> <span class='ocrx_word' id='word_1_8' title='bbox 934 458 1106 499; x_wconf 89' lang='lat' dir='ltr'>vincere</span> <span class='ocrx_word' id='word_1_9' title='bbox 1129 456 1257 504; x_wconf 85' lang='lat' dir='ltr'>furto,</span> 
     </span>
    </p>
   </div>
   <div class='ocr_carea' id='block_1_4' title="bbox 277 523 1368 582">
    <p class='ocr_par' dir='ltr' id='par_1_4' title="bbox 277 523 1368 582">
     <span class='ocr_line' id='line_1_4' title="bbox 277 523 1368 582; baseline -0.008 -12"><span class='ocrx_word' id='word_1_10' title='bbox 277 529 514 570; x_wconf 83' lang='lat' dir='ltr'>Exclamat</span> <span class='ocrx_word' id='word_1_11' title='bbox 533 527 725 582; x_wconf 88' lang='lat' dir='ltr'><strong>Pyrrhus</strong></span> <span class='ocrx_word' id='word_1_12' title='bbox 743 540 754 568; x_wconf 76' lang='lat' dir='ltr'><em>z</em></span> <span class='ocrx_word' id='word_1_13' title='bbox 786 526 917 566; x_wconf 91' lang='lat' dir='ltr'>Nunc</span> <span class='ocrx_word' id='word_1_14' title='bbox 939 524 1073 565; x_wconf 86' lang='lat' dir='ltr'>obvia</span> <span class='ocrx_word' id='word_1_15' title='bbox 1094 523 1182 564; x_wconf 89' lang='lat' dir='ltr'>tela</span> <span class='ocrx_word' id='word_1_16' title='bbox 1201 523 1368 576; x_wconf 86' lang='lat' dir='ltr'>parate,</span> 
     </span>
    </p>
   </div>
   <div class='ocr_carea' id='block_1_5' title="bbox 1639 521 1726 563">
    <p class='ocr_par' dir='ltr' id='par_1_5' title="bbox 1639 521 1726 563">
     <span class='ocr_line' id='line_1_5' title="bbox 1639 521 1726 563; baseline -0.011 0"><span class='ocrx_word' id='word_1_17' title='bbox 1639 521 1726 563; x_wconf 82' lang='lat'>750</span> 
     </span>
    </p>
   </div>
   <div class='ocr_carea' id='block_1_6' title="bbox 275 588 1593 845">
    <p class='ocr_par' dir='ltr' id='par_1_6' title="bbox 275 588 1593 714">
     <span class='ocr_line' id='line_1_6' title="bbox 275 588 1593 649; baseline -0.007 -12"><span class='ocrx_word' id='word_1_18' title='bbox 275 595 348 637; x_wconf 90' lang='lat' dir='ltr'>Ite</span> <span class='ocrx_word' id='word_1_19' title='bbox 364 595 559 649; x_wconf 84' lang='lat' dir='ltr'><strong>Phryges</strong></span> <span class='ocrx_word' id='word_1_20' title='bbox 579 597 727 635; x_wconf 86' lang='lat' dir='ltr'>contra</span> <span class='ocrx_word' id='word_1_21' title='bbox 744 606 754 634; x_wconf 77' lang='grc' dir='ltr'>ε</span> <span class='ocrx_word' id='word_1_22' title='bbox 785 603 978 645; x_wconf 85' lang='lat' dir='ltr'>quonam</span> <span class='ocrx_word' id='word_1_23' title='bbox 1001 602 1136 643; x_wconf 89' lang='lat' dir='ltr'>usque</span> <span class='ocrx_word' id='word_1_24' title='bbox 1156 590 1198 630; x_wconf 92' lang='lat' dir='ltr'>in</span> <span class='ocrx_word' id='word_1_25' title='bbox 1222 588 1394 630; x_wconf 89' lang='lat' dir='ltr'>somnia</span> <span class='ocrx_word' id='word_1_26' title='bbox 1413 589 1593 642; x_wconf 72' lang='lat' dir='ltr'>torpor?</span> 
     </span>
     <span class='ocr_line' id='line_1_7' title="bbox 276 658 1294 714; baseline -0.008 -10"><span class='ocrx_word' id='word_1_27' title='bbox 276 662 358 704; x_wconf 90' lang='lat' dir='ltr'>Nil</span> <span class='ocrx_word' id='word_1_28' title='bbox 378 663 462 703; x_wconf 89' lang='lat' dir='ltr'>tuti</span> <span class='ocrx_word' id='word_1_29' title='bbox 482 664 697 714; x_wconf 83' lang='lat' dir='ltr'><strong>superest,</strong></span> <span class='ocrx_word' id='word_1_30' title='bbox 717 666 869 713; x_wconf 89' lang='lat' dir='ltr'>postes</span> <span class='ocrx_word' id='word_1_31' title='bbox 886 658 1107 705; x_wconf 83' lang='lat' dir='ltr'>laxamus,</span> <span class='ocrx_word' id='word_1_32' title='bbox 1124 661 1170 697; x_wconf 88' lang='lat' dir='ltr'>et</span> <span class='ocrx_word' id='word_1_33' title='bbox 1191 668 1294 697; x_wconf 92' lang='lat' dir='ltr'>ecce</span> 
     </span>
    </p>

    <p class='ocr_par' dir='ltr' id='par_1_7' title="bbox 276 727 1355 778">
     <span class='ocr_line' id='line_1_8' title="bbox 276 727 1355 778; baseline -0.007 -8"><span class='ocrx_word' id='word_1_34' title='bbox 276 729 487 770; x_wconf 88' lang='lat' dir='ltr'>Irruimus</span> <span class='ocrx_word' id='word_1_35' title='bbox 511 728 655 769; x_wconf 89' lang='lat' dir='ltr'>Danai</span> <span class='ocrx_word' id='word_1_36' title='bbox 674 740 683 767; x_wconf 77' lang='grc' dir='ltr'>ε</span> <span class='ocrx_word' id='word_1_37' title='bbox 715 727 754 767; x_wconf 90' lang='lat' dir='ltr'>si</span> <span class='ocrx_word' id='word_1_38' title='bbox 774 737 887 778; x_wconf 92' lang='lat' dir='ltr'>quos</span> <span class='ocrx_word' id='word_1_39' title='bbox 910 736 1164 764; x_wconf 88' lang='lat' dir='ltr'>concurrere</span> <span class='ocrx_word' id='word_1_40' title='bbox 1185 735 1355 763; x_wconf 90' lang='lat' dir='ltr'>mecum</span> 
     </span>
    </p>

    <p class='ocr_par' dir='ltr' id='par_1_8' title="bbox 277 790 1342 845">
     <span class='ocr_line' id='line_1_9' title="bbox 277 790 1342 845; baseline -0.008 -8"><span class='ocrx_word' id='word_1_41' title='bbox 277 796 353 837; x_wconf 86' lang='lat' dir='ltr'>Ira</span> <span class='ocrx_word' id='word_1_42' title='bbox 373 795 515 845; x_wconf 87' lang='lat' dir='ltr'>trahit,</span> <span class='ocrx_word' id='word_1_43' title='bbox 535 807 618 834; x_wconf 93' lang='lat' dir='ltr'>non</span> <span class='ocrx_word' id='word_1_44' title='bbox 641 793 856 845; x_wconf 86' lang='lat' dir='ltr'>egregium</span> <span class='ocrx_word' id='word_1_45' title='bbox 873 791 1156 832; x_wconf 81' lang='lat' dir='ltr'>damnabitur</span> <span class='ocrx_word' id='word_1_46' title='bbox 1175 790 1342 830; x_wconf 85' lang='lat' dir='ltr'>umbris</span> 
     </span>
    </p>
   </div>
   <div class='ocr_carea' id='block_1_7' title="bbox 277 856 1356 914">
    <p class='ocr_par' dir='ltr' id='par_1_9' title="bbox 277 856 1356 914">
     <span class='ocr_line' id='line_1_10' title="bbox 277 856 1356 914; baseline -0.005 -12"><span class='ocrx_word' id='word_1_47' title='bbox 277 860 438 902; x_wconf 87' lang='lat' dir='ltr'>Martis</span> <span class='ocrx_word' id='word_1_48' title='bbox 459 873 585 914; x_wconf 90' lang='lat' dir='ltr'>opus,</span> <span class='ocrx_word' id='word_1_49' title='bbox 605 859 767 900; x_wconf 86' lang='lat' dir='ltr'>facient</span> <span class='ocrx_word' id='word_1_50' title='bbox 785 858 908 911; x_wconf 88' lang='lat' dir='ltr'>ignes</span> <span class='ocrx_word' id='word_1_51' title='bbox 929 856 1188 911; x_wconf 88' lang='lat' dir='ltr'>spectacula</span> <span class='ocrx_word' id='word_1_52' title='bbox 1207 856 1356 898; x_wconf 89' lang='lat' dir='ltr'>vestri.</span> 
     </span>
    </p>
   </div>
   <div class='ocr_carea' id='block_1_8' title="bbox 1641 856 1727 897">
    <p class='ocr_par' dir='ltr' id='par_1_10' title="bbox 1641 856 1727 897">
     <span class='ocr_line' id='line_1_11' title="bbox 1641 856 1727 897; baseline 0.012 -1"><span class='ocrx_word' id='word_1_53' title='bbox 1641 856 1727 897; x_wconf 87' lang='grc'>755</span> 
     </span>
    </p>
   </div>
   <div class='ocr_carea' id='block_1_9' title="bbox 276 923 1410 1182">
    <p class='ocr_par' dir='ltr' id='par_1_11' title="bbox 276 923 1410 1182">
     <span class='ocr_line' id='line_1_12' title="bbox 277 923 1410 978; baseline -0.006 -8"><span class='ocrx_word' id='word_1_54' title='bbox 277 929 429 978; x_wconf 88' lang='lat' dir='ltr'>Fatur‚</span> <span class='ocrx_word' id='word_1_55' title='bbox 451 932 493 969; x_wconf 91' lang='lat' dir='ltr'>et</span> <span class='ocrx_word' id='word_1_56' title='bbox 512 926 707 968; x_wconf 84' lang='lat' dir='ltr'>incendit</span> <span class='ocrx_word' id='word_1_57' title='bbox 725 929 854 978; x_wconf 85' lang='lat' dir='ltr'>rapta</span> <span class='ocrx_word' id='word_1_58' title='bbox 873 924 971 965; x_wconf 88' lang='lat' dir='ltr'>face</span> <span class='ocrx_word' id='word_1_59' title='bbox 993 923 1210 977; x_wconf 88' lang='lat' dir='ltr'>Pergama</span> <span class='ocrx_word' id='word_1_60' title='bbox 1230 923 1410 977; x_wconf 87' lang='lat' dir='ltr'>primus,</span> 
     </span>
     <span class='ocr_line' id='line_1_13' title="bbox 277 990 1299 1048; baseline -0.004 -13"><span class='ocrx_word' id='word_1_61' title='bbox 277 995 385 1048; x_wconf 89' lang='lat' dir='ltr'>Ipse</span> <span class='ocrx_word' id='word_1_62' title='bbox 406 994 491 1034; x_wconf 90' lang='lat' dir='ltr'>sibi</span> <span class='ocrx_word' id='word_1_63' title='bbox 511 993 709 1047; x_wconf 86' lang='lat' dir='ltr'>patuisse</span> <span class='ocrx_word' id='word_1_64' title='bbox 729 992 879 1033; x_wconf 86' lang='lat' dir='ltr'>volens</span> <span class='ocrx_word' id='word_1_65' title='bbox 897 1003 1004 1044; x_wconf 83' lang='lat' dir='ltr'>pars</span> <span class='ocrx_word' id='word_1_66' title='bbox 1023 995 1168 1032; x_wconf 87' lang='lat' dir='ltr'>cetera</span> <span class='ocrx_word' id='word_1_67' title='bbox 1187 990 1299 1032; x_wconf 88' lang='lat' dir='ltr'>ferro</span> 
     </span>
     <span class='ocr_line' id='line_1_14' title="bbox 278 1058 1401 1113; baseline -0.004 -11"><span class='ocrx_word' id='word_1_68' title='bbox 278 1061 494 1103; x_wconf 85' lang='lat' dir='ltr'>Certatim</span> <span class='ocrx_word' id='word_1_69' title='bbox 513 1060 777 1113; x_wconf 88' lang='lat' dir='ltr'>flammaque</span> <span class='ocrx_word' id='word_1_70' title='bbox 797 1059 931 1100; x_wconf 74' lang='lat' dir='ltr'>furitt</span> <span class='ocrx_word' id='word_1_71' title='bbox 959 1058 1202 1112; x_wconf 83' lang='lat' dir='ltr'>populator</span> <span class='ocrx_word' id='word_1_72' title='bbox 1227 1058 1401 1098; x_wconf 88' lang='lat' dir='ltr'>oberrat</span> 
     </span>
     <span class='ocr_line' id='line_1_15' title="bbox 276 1125 1296 1182; baseline -0.005 -13"><span class='ocrx_word' id='word_1_73' title='bbox 276 1128 416 1182; x_wconf 87' lang='lat' dir='ltr'><strong>Ignis,</strong></span> <span class='ocrx_word' id='word_1_74' title='bbox 437 1131 480 1168; x_wconf 88' lang='lat' dir='ltr'>et</span> <span class='ocrx_word' id='word_1_75' title='bbox 499 1127 545 1167; x_wconf 88' lang='lat' dir='ltr'>in</span> <span class='ocrx_word' id='word_1_76' title='bbox 564 1126 733 1168; x_wconf 90' lang='lat' dir='ltr'>medios</span> <span class='ocrx_word' id='word_1_77' title='bbox 755 1125 894 1179; x_wconf 85' lang='lat' dir='ltr'>gladii</span> <span class='ocrx_word' id='word_1_78' title='bbox 914 1137 1073 1166; x_wconf 88' lang='lat' dir='ltr'>venere</span> <span class='ocrx_word' id='word_1_79' title='bbox 1095 1136 1296 1178; x_wconf 90' lang='lat' dir='ltr'>sopores.</span> 
     </span>
    </p>
   </div>
   <div class='ocr_carea' id='block_1_10' title="bbox 335 1189 1482 1244">
    <p class='ocr_par' dir='ltr' id='par_1_12' title="bbox 335 1189 1482 1244">
     <span class='ocr_line' id='line_1_16' title="bbox 335 1189 1482 1244; baseline -0.005 -8"><span class='ocrx_word' id='word_1_80' title='bbox 335 1195 445 1236; x_wconf 86' lang='lat' dir='ltr'>Nox</span> <span class='ocrx_word' id='word_1_81' title='bbox 464 1195 568 1244; x_wconf 86' lang='lat' dir='ltr'>fera,</span> <span class='ocrx_word' id='word_1_82' title='bbox 590 1207 684 1235; x_wconf 80' lang='lat' dir='ltr'>nox</span> <span class='ocrx_word' id='word_1_83' title='bbox 701 1206 817 1242; x_wconf 87' lang='lat' dir='ltr'>vere,</span> <span class='ocrx_word' id='word_1_84' title='bbox 836 1205 926 1233; x_wconf 85' lang='lat' dir='ltr'>nox</span> <span class='ocrx_word' id='word_1_85' title='bbox 944 1192 1096 1242; x_wconf 84' lang='lat' dir='ltr'>noxia,</span> <span class='ocrx_word' id='word_1_86' title='bbox 1117 1191 1308 1240; x_wconf 88' lang='lat' dir='ltr'>turbida,</span> <span class='ocrx_word' id='word_1_87' title='bbox 1329 1189 1482 1239; x_wconf 80' lang='lat' dir='ltr'>tristis,</span> 
     </span>
    </p>
   </div>
   <div class='ocr_carea' id='block_1_11' title="bbox 1641 1188 1727 1230">
    <p class='ocr_par' dir='ltr' id='par_1_13' title="bbox 1641 1188 1727 1230">
     <span class='ocr_line' id='line_1_17' title="bbox 1641 1188 1727 1230; baseline 0 0"><span class='ocrx_word' id='word_1_88' title='bbox 1641 1188 1727 1230; x_wconf 80' lang='lat'>760</span> 
     </span>
    </p>
   </div>
   <div class='ocr_carea' id='block_1_12' title="bbox 275 1257 1369 1515">
    <p class='ocr_par' dir='ltr' id='par_1_14' title="bbox 275 1257 1369 1437">
     <span class='ocr_line' id='line_1_18' title="bbox 277 1257 1365 1313; baseline -0.006 -10"><span class='ocrx_word' id='word_1_89' title='bbox 277 1261 520 1311; x_wconf 88' lang='lat' dir='ltr'>Insidiosa,</span> <span class='ocrx_word' id='word_1_90' title='bbox 536 1261 679 1310; x_wconf 84' lang='lat' dir='ltr'>ferox,</span> <span class='ocrx_word' id='word_1_91' title='bbox 700 1260 877 1313; x_wconf 85' lang='lat' dir='ltr'>tragicis</span> <span class='ocrx_word' id='word_1_92' title='bbox 896 1258 1103 1300; x_wconf 87' lang='lat' dir='ltr'>ululanda</span> <span class='ocrx_word' id='word_1_93' title='bbox 1125 1257 1365 1306; x_wconf 85' lang='lat' dir='ltr'>cothurnis,</span> 
     </span>
     <span class='ocr_line' id='line_1_19' title="bbox 276 1324 1369 1379; baseline -0.004 -10"><span class='ocrx_word' id='word_1_94' title='bbox 276 1328 371 1369; x_wconf 88' lang='lat' dir='ltr'>Aut</span> <span class='ocrx_word' id='word_1_95' title='bbox 391 1329 526 1369; x_wconf 84' lang='lat' dir='ltr'>satira</span> <span class='ocrx_word' id='word_1_96' title='bbox 545 1327 738 1368; x_wconf 88' lang='lat' dir='ltr'>rodenda</span> <span class='ocrx_word' id='word_1_97' title='bbox 759 1326 898 1379; x_wconf 80' lang='lat' dir='ltr'>gravi,</span> <span class='ocrx_word' id='word_1_98' title='bbox 926 1329 974 1367; x_wconf 87' lang='lat' dir='ltr'>tu</span> <span class='ocrx_word' id='word_1_99' title='bbox 995 1326 1091 1366; x_wconf 86' lang='lat' dir='ltr'>sola</span> <span class='ocrx_word' id='word_1_100' title='bbox 1111 1324 1369 1379; x_wconf 84' lang='lat' dir='ltr'>triumphaS‚</span> 
     </span>
     <span class='ocr_line' id='line_1_20' title="bbox 275 1392 1242 1437; baseline -0.005 0"><span class='ocrx_word' id='word_1_101' title='bbox 275 1395 517 1437; x_wconf 90' lang='lat' dir='ltr'>Tantorum</span> <span class='ocrx_word' id='word_1_102' title='bbox 534 1396 656 1436; x_wconf 89' lang='lat' dir='ltr'>nisus</span> <span class='ocrx_word' id='word_1_103' title='bbox 677 1393 850 1434; x_wconf 88' lang='lat' dir='ltr'>steriles</span> <span class='ocrx_word' id='word_1_104' title='bbox 868 1393 1035 1433; x_wconf 87' lang='lat' dir='ltr'>lucrata</span> <span class='ocrx_word' id='word_1_105' title='bbox 1053 1392 1242 1433; x_wconf 89' lang='lat' dir='ltr'>dierum!</span> 
     </span>
    </p>

    <p class='ocr_par' dir='ltr' id='par_1_15' title="bbox 278 1459 1298 1515">
     <span class='ocr_line' id='line_1_21' title="bbox 278 1459 1298 1515; baseline -0.005 -11"><span class='ocrx_word' id='word_1_106' title='bbox 278 1463 327 1503; x_wconf 88' lang='lat' dir='ltr'>Si</span> <span class='ocrx_word' id='word_1_107' title='bbox 348 1463 454 1503; x_wconf 85' lang='lat' dir='ltr'>mihi</span> <span class='ocrx_word' id='word_1_108' title='bbox 476 1460 739 1515; x_wconf 87' lang='lat' dir='ltr'>Carpathias</span> <span class='ocrx_word' id='word_1_109' title='bbox 758 1459 920 1511; x_wconf 84' lang='lat' dir='ltr'>linguis</span> <span class='ocrx_word' id='word_1_110' title='bbox 941 1472 1118 1513; x_wconf 79' lang='lat' dir='ltr'>aequare</span> <span class='ocrx_word' id='word_1_111' title='bbox 1136 1459 1298 1512; x_wconf 87' lang='lat' dir='ltr'>figuras</span> 
     </span>
    </p>
   </div>
   <div class='ocr_carea' id='block_1_13' title="bbox 278 1525 1513 1579">
    <p class='ocr_par' dir='ltr' id='par_1_16' title="bbox 278 1525 1513 1579">
     <span class='ocr_line' id='line_1_22' title="bbox 278 1525 1513 1579; baseline -0.005 -8"><span class='ocrx_word' id='word_1_112' title='bbox 278 1530 439 1578; x_wconf 82' lang='lat' dir='ltr'>Detur,</span> <span class='ocrx_word' id='word_1_113' title='bbox 463 1532 506 1569; x_wconf 92' lang='lat' dir='ltr'>et</span> <span class='ocrx_word' id='word_1_114' title='bbox 524 1529 750 1568; x_wconf 86' lang='lat' dir='ltr'>innumero</span> <span class='ocrx_word' id='word_1_115' title='bbox 771 1531 971 1567; x_wconf 86' lang='lat' dir='ltr'>crescant</span> <span class='ocrx_word' id='word_1_116' title='bbox 990 1526 1096 1566; x_wconf 91' lang='lat' dir='ltr'>mihi</span> <span class='ocrx_word' id='word_1_117' title='bbox 1116 1531 1304 1579; x_wconf 82' lang='lat' dir='ltr'>pectora</span> <span class='ocrx_word' id='word_1_118' title='bbox 1325 1525 1513 1575; x_wconf 81' lang='lat' dir='ltr'>Phoebo,</span> 
     </span>
    </p>
   </div>
   <div class='ocr_carea' id='block_1_14' title="bbox 1641 1524 1727 1566">
    <p class='ocr_par' dir='ltr' id='par_1_17' title="bbox 1641 1524 1727 1566">
     <span class='ocr_line' id='line_1_23' title="bbox 1641 1524 1727 1566; baseline -0.012 0"><span class='ocrx_word' id='word_1_119' title='bbox 1641 1524 1727 1566; x_wconf 87' lang='grc'><strong><em>’765</em></strong></span> 
     </span>
    </p>
   </div>
   <div class='ocr_carea' id='block_1_15' title="bbox 278 1592 1727 2047">
    <p class='ocr_par' dir='ltr' id='par_1_18' title="bbox 278 1592 1414 1646">
     <span class='ocr_line' id='line_1_24' title="bbox 278 1592 1414 1646; baseline -0.004 -9"><span class='ocrx_word' id='word_1_120' title='bbox 278 1596 386 1637; x_wconf 90' lang='lat' dir='ltr'>Non</span> <span class='ocrx_word' id='word_1_121' title='bbox 407 1600 548 1636; x_wconf 89' lang='lat' dir='ltr'>tamen</span> <span class='ocrx_word' id='word_1_122' title='bbox 571 1593 805 1646; x_wconf 81' lang='lat' dir='ltr'>expediam</span> <span class='ocrx_word' id='word_1_123' title='bbox 829 1592 989 1641; x_wconf 84' lang='lat' dir='ltr'>caedeS,</span> <span class='ocrx_word' id='word_1_124' title='bbox 1010 1592 1230 1641; x_wconf 88' lang='lat' dir='ltr'>incendia,</span> <span class='ocrx_word' id='word_1_125' title='bbox 1251 1592 1414 1643; x_wconf 88' lang='lat' dir='ltr'>luctus,</span> 
     </span>
    </p>

    <p class='ocr_par' dir='ltr' id='par_1_19' title="bbox 281 1658 1515 1713">
     <span class='ocr_line' id='line_1_25' title="bbox 281 1658 1515 1713; baseline -0.002 -11"><span class='ocrx_word' id='word_1_126' title='bbox 281 1662 410 1712; x_wconf 85' lang='lat' dir='ltr'>Quos</span> <span class='ocrx_word' id='word_1_127' title='bbox 431 1661 634 1713; x_wconf 81' lang='lat' dir='ltr'>Phrygiis</span> <span class='ocrx_word' id='word_1_128' title='bbox 653 1672 743 1699; x_wconf 84' lang='lat' dir='ltr'>nox</span> <span class='ocrx_word' id='word_1_129' title='bbox 764 1672 852 1699; x_wconf 89' lang='lat' dir='ltr'>una</span> <span class='ocrx_word' id='word_1_130' title='bbox 872 1659 988 1712; x_wconf 87' lang='lat' dir='ltr'>parit</span> <span class='ocrx_word' id='word_1_131' title='bbox 1011 1671 1021 1697; x_wconf 79' lang='lat' dir='ltr'><strong><em>z</em></strong></span> <span class='ocrx_word' id='word_1_132' title='bbox 1051 1671 1154 1712; x_wconf 88' lang='lat' dir='ltr'>pars</span> <span class='ocrx_word' id='word_1_133' title='bbox 1169 1658 1349 1711; x_wconf 83' lang='lat' dir='ltr'>ignibus</span> <span class='ocrx_word' id='word_1_134' title='bbox 1370 1671 1515 1707; x_wconf 88' lang='lat' dir='ltr'>enses,</span> 
     </span>
    </p>

    <p class='ocr_par' dir='ltr' id='par_1_20' title="bbox 278 1725 1338 1780">
     <span class='ocr_line' id='line_1_26' title="bbox 278 1725 1338 1780; baseline -0.003 -11"><span class='ocrx_word' id='word_1_135' title='bbox 278 1728 393 1769; x_wconf 86' lang='lat' dir='ltr'>Pars</span> <span class='ocrx_word' id='word_1_136' title='bbox 414 1727 570 1780; x_wconf 86' lang='lat' dir='ltr'>gladiis</span> <span class='ocrx_word' id='word_1_137' title='bbox 592 1726 730 1766; x_wconf 87' lang='lat' dir='ltr'>vitant</span> <span class='ocrx_word' id='word_1_138' title='bbox 749 1726 884 1778; x_wconf 85' lang='lat' dir='ltr'>ignes,</span> <span class='ocrx_word' id='word_1_139' title='bbox 907 1736 1105 1779; x_wconf 90' lang='lat' dir='ltr'>casuque</span> <span class='ocrx_word' id='word_1_140' title='bbox 1126 1725 1338 1778; x_wconf 90' lang='lat' dir='ltr'>gemendo</span> 
     </span>
    </p>

    <p class='ocr_par' dir='ltr' id='par_1_21' title="bbox 280 1791 1195 1844">
     <span class='ocr_line' id='line_1_27' title="bbox 280 1791 1195 1844; baseline -0.002 -9"><span class='ocrx_word' id='word_1_141' title='bbox 280 1794 471 1835; x_wconf 83' lang='lat' dir='ltr'>Incurrit</span> <span class='ocrx_word' id='word_1_142' title='bbox 489 1793 643 1841; x_wconf 89' lang='lat' dir='ltr'>fatum,</span> <span class='ocrx_word' id='word_1_143' title='bbox 663 1791 742 1833; x_wconf 84' lang='lat' dir='ltr'>sati</span> <span class='ocrx_word' id='word_1_144' title='bbox 760 1791 865 1844; x_wconf 86' lang='lat' dir='ltr'>suga</span> <span class='ocrx_word' id='word_1_145' title='bbox 885 1791 983 1832; x_wconf 89' lang='lat' dir='ltr'>sola</span> <span class='ocrx_word' id='word_1_146' title='bbox 1003 1793 1195 1842; x_wconf 76' lang='lat' dir='ltr'>timetur,</span> 
     </span>
    </p>

    <p class='ocr_par' dir='ltr' id='par_1_22' title="bbox 282 1857 1727 1977">
     <span class='ocr_line' id='line_1_28' title="bbox 282 1857 1727 1913; baseline -0.001 -12"><span class='ocrx_word' id='word_1_147' title='bbox 282 1861 397 1911; x_wconf 79' lang='lat' dir='ltr'>Quae</span> <span class='ocrx_word' id='word_1_148' title='bbox 418 1860 536 1913; x_wconf 91' lang='lat' dir='ltr'>prior</span> <span class='ocrx_word' id='word_1_149' title='bbox 554 1859 599 1899; x_wconf 91' lang='lat' dir='ltr'>in</span> <span class='ocrx_word' id='word_1_150' title='bbox 618 1871 797 1899; x_wconf 86' lang='lat' dir='ltr'>sensum</span> <span class='ocrx_word' id='word_1_151' title='bbox 818 1870 937 1899; x_wconf 82' lang='lat' dir='ltr'>mors</span> <span class='ocrx_word' id='word_1_152' title='bbox 959 1859 1194 1911; x_wconf 85' lang='lat' dir='ltr'>germinat:</span> <span class='ocrx_word' id='word_1_153' title='bbox 1225 1860 1411 1912; x_wconf 88' lang='lat' dir='ltr'>utraque</span> <span class='ocrx_word' id='word_1_154' title='bbox 1432 1857 1581 1912; x_wconf 84' lang='lat' dir='ltr'>passis</span> <span class='ocrx_word' id='word_1_155' title='bbox 1641 1859 1727 1900; x_wconf 82' lang='lat'>770</span> 
     </span>
     <span class='ocr_line' id='line_1_29' title="bbox 283 1924 1368 1977; baseline -0.003 -9"><span class='ocrx_word' id='word_1_156' title='bbox 283 1927 469 1976; x_wconf 88' lang='lat' dir='ltr'>Funera,</span> <span class='ocrx_word' id='word_1_157' title='bbox 489 1926 558 1966; x_wconf 86' lang='lat' dir='ltr'>fas</span> <span class='ocrx_word' id='word_1_158' title='bbox 577 1925 729 1966; x_wconf 89' lang='lat' dir='ltr'>multis</span> <span class='ocrx_word' id='word_1_159' title='bbox 751 1924 946 1977; x_wconf 88' lang='lat' dir='ltr'>geminos</span> <span class='ocrx_word' id='word_1_160' title='bbox 968 1925 1158 1966; x_wconf 86' lang='lat' dir='ltr'>conferre</span> <span class='ocrx_word' id='word_1_161' title='bbox 1179 1925 1368 1966; x_wconf 89' lang='lat' dir='ltr'>dolores.</span> 
     </span>
    </p>

    <p class='ocr_par' dir='ltr' id='par_1_23' title="bbox 283 1991 1241 2047">
     <span class='ocr_line' id='line_1_30' title="bbox 283 1991 1241 2047; baseline -0.001 -13"><span class='ocrx_word' id='word_1_162' title='bbox 283 1993 394 2034; x_wconf 87' lang='lat' dir='ltr'>Dira</span> <span class='ocrx_word' id='word_1_163' title='bbox 412 1992 516 2034; x_wconf 88' lang='lat' dir='ltr'>mali</span> <span class='ocrx_word' id='word_1_164' title='bbox 536 1991 692 2041; x_wconf 85' lang='lat' dir='ltr'>facieS‚</span> <span class='ocrx_word' id='word_1_165' title='bbox 713 2003 901 2045; x_wconf 83' lang='lat' dir='ltr'>aevoque</span> <span class='ocrx_word' id='word_1_166' title='bbox 922 1992 1075 2045; x_wconf 88' lang='lat' dir='ltr'>ignota</span> <span class='ocrx_word' id='word_1_167' title='bbox 1094 1992 1241 2047; x_wconf 83' lang='lat' dir='ltr'>priori.</span> 
     </span>
    </p>
   </div>
   <div class='ocr_carea' id='block_1_16' title="bbox 888 2098 945 2110">
    <p class='ocr_par' dir='ltr' id='par_1_24' title="bbox 888 2098 945 2110">
     <span class='ocr_line' id='line_1_31' title="bbox 888 2098 945 2110; baseline 0 0"><span class='ocrx_word' id='word_1_168' title='bbox 888 2098 945 2110; x_wconf 60' lang='lat' dir='ltr'>‘ee</span> 
     </span>
    </p>
   </div>
   <div class='ocr_carea' id='block_1_17' title="bbox 949 2098 1083 2111">
    <p class='ocr_par' dir='ltr' id='par_1_25' title="bbox 949 2098 1083 2111">
     <span class='ocr_line' id='line_1_32' title="bbox 949 2098 1083 2111; baseline 0 1083"><span class='ocrx_word' id='word_1_169' title='bbox 949 2098 1083 2111; x_wconf 95' lang='lat' dir='ltr'> </span> 
     </span>
    </p>
   </div>
   <div class='ocr_carea' id='block_1_18' title="bbox 1084 2099 1124 2111">
    <p class='ocr_par' dir='ltr' id='par_1_26' title="bbox 1084 2099 1124 2111">
     <span class='ocr_line' id='line_1_33' title="bbox 1084 2099 1124 2111; baseline 0 0"><span class='ocrx_word' id='word_1_170' title='bbox 1084 2099 1124 2111; x_wconf 57' lang='lat' dir='ltr'>‘O</span> 
     </span>
    </p>
   </div>
   <div class='ocr_carea' id='block_1_19' title="bbox 323 2161 1729 2206">
    <p class='ocr_par' dir='ltr' id='par_1_27' title="bbox 323 2161 1729 2206">
     <span class='ocr_line' id='line_1_34' title="bbox 323 2161 1729 2206; baseline -0.001 -9"><span class='ocrx_word' id='word_1_171' title='bbox 323 2167 473 2197; x_wconf 76' lang='lat'>769-770</span> <span class='ocrx_word' id='word_1_172' title='bbox 496 2164 549 2196; x_wconf 86' lang='lat' dir='ltr'>Sic</span> <span class='ocrx_word' id='word_1_173' title='bbox 576 2162 829 2205; x_wconf 87' lang='lat' dir='ltr'>interpungitur</span> <span class='ocrx_word' id='word_1_174' title='bbox 851 2161 885 2194; x_wconf 80' lang='lat' dir='ltr'>h.</span> <span class='ocrx_word' id='word_1_175' title='bbox 910 2162 932 2194; x_wconf 91' lang='lat'>1.</span> <span class='ocrx_word' id='word_1_176' title='bbox 957 2162 993 2194; x_wconf 90' lang='lat' dir='ltr'>in</span> <span class='ocrx_word' id='word_1_177' title='bbox 1020 2163 1075 2196; x_wconf 88' lang='lat' dir='ltr'>ed.</span> <span class='ocrx_word' id='word_1_178' title='bbox 1099 2164 1188 2196; x_wconf 84' lang='lat' dir='ltr'>Mor.</span> <span class='ocrx_word' id='word_1_179' title='bbox 1211 2169 1247 2196; x_wconf 88' lang='lat' dir='ltr'>et</span> <span class='ocrx_word' id='word_1_180' title='bbox 1277 2163 1452 2206; x_wconf 77' lang='lat' dir='ltr'>Spondan.</span> <span class='ocrx_word' id='word_1_181' title='bbox 1475 2164 1506 2196; x_wconf 90' lang='grc' dir='ltr'>Ι.</span> <span class='ocrx_word' id='word_1_182' title='bbox 1526 2165 1729 2206; x_wconf 74' lang='lat' dir='ltr'>sutum‚sati</span> 
     </span>
    </p>
   </div>
   <div class='ocr_carea' id='block_1_20' title="bbox 274 2208 538 2248">
    <p class='ocr_par' dir='ltr' id='par_1_28' title="bbox 274 2208 538 2248">
     <span class='ocr_line' id='line_1_35' title="bbox 274 2208 538 2248; baseline -0.004 -9"><span class='ocrx_word' id='word_1_183' title='bbox 274 2208 375 2248; x_wconf 81' lang='lat' dir='ltr'>suga:</span> <span class='ocrx_word' id='word_1_184' title='bbox 400 2218 427 2239; x_wconf 86' lang='lat' dir='ltr'>s.</span> <span class='ocrx_word' id='word_1_185' title='bbox 443 2211 470 2239; x_wconf 74' lang='lat' dir='ltr'>t.</span> <span class='ocrx_word' id='word_1_186' title='bbox 485 2209 538 2248; x_wconf 74' lang='lat'>850.</span> 
     </span>
    </p>
   </div>
   <div class='ocr_carea' id='block_1_21' title="bbox 283 2320 985 2915">
    <p class='ocr_par' dir='ltr' id='par_1_29' title="bbox 283 2320 982 2466">
     <span class='ocr_line' id='line_1_36' title="bbox 326 2320 981 2363; baseline -0.006 -8"><span class='ocrx_word' id='word_1_187' title='bbox 326 2326 390 2355; x_wconf 75' lang='lat'>749</span> <span class='ocrx_word' id='word_1_188' title='bbox 414 2324 459 2354; x_wconf 82' lang='lat' dir='ltr'>Et</span> <span class='ocrx_word' id='word_1_189' title='bbox 494 2323 615 2354; x_wconf 79' lang='lat' dir='ltr'>vincere</span> <span class='ocrx_word' id='word_1_190' title='bbox 638 2322 745 2363; x_wconf 79' lang='lat' dir='ltr'>furto]</span> <span class='ocrx_word' id='word_1_191' title='bbox 776 2320 905 2352; x_wconf 84' lang='lat' dir='ltr'>Eadem</span> <span class='ocrx_word' id='word_1_192' title='bbox 936 2320 981 2352; x_wconf 88' lang='lat' dir='ltr'>de</span> 
     </span>
     <span class='ocr_line' id='line_1_37' title="bbox 283 2373 982 2415; baseline -0.001 -10"><span class='ocrx_word' id='word_1_193' title='bbox 283 2374 415 2415; x_wconf 86' lang='lat' dir='ltr'>Pyrrho</span> <span class='ocrx_word' id='word_1_194' title='bbox 431 2374 534 2405; x_wconf 84' lang='lat' dir='ltr'>habet</span> <span class='ocrx_word' id='word_1_195' title='bbox 557 2375 698 2406; x_wconf 81' lang='lat' dir='ltr'>Coimus</span> <span class='ocrx_word' id='word_1_196' title='bbox 714 2381 784 2406; x_wconf 73' lang='grc' dir='ltr'>ΧΠ.</span> <span class='ocrx_word' id='word_1_197' title='bbox 806 2374 881 2404; x_wconf 74' lang='grc'><strong>594.</strong></span> <span class='ocrx_word' id='word_1_198' title='bbox 925 2373 982 2404; x_wconf 84' lang='lat' dir='ltr'>De</span> 
     </span>
     <span class='ocr_line' id='line_1_38' title="bbox 283 2424 706 2466; baseline 0.002 -11"><span class='ocrx_word' id='word_1_199' title='bbox 283 2424 444 2466; x_wconf 84' lang='lat' dir='ltr'>loquendi</span> <span class='ocrx_word' id='word_1_200' title='bbox 462 2433 586 2464; x_wconf 80' lang='lat' dir='ltr'>genere</span> <span class='ocrx_word' id='word_1_201' title='bbox 602 2433 636 2455; x_wconf 85' lang='lat' dir='ltr'>v.</span> <span class='ocrx_word' id='word_1_202' title='bbox 653 2426 706 2456; x_wconf 90' lang='grc'>11.</span> 
     </span>
    </p>

    <p class='ocr_par' dir='ltr' id='par_1_30' title="bbox 284 2473 985 2814">
     <span class='ocr_line' id='line_1_39' title="bbox 326 2473 983 2514; baseline 0 -9"><span class='ocrx_word' id='word_1_203' title='bbox 326 2478 390 2506; x_wconf 81' lang='grc'>759</span> <span class='ocrx_word' id='word_1_204' title='bbox 415 2476 455 2506; x_wconf 79' lang='lat' dir='ltr'>In</span> <span class='ocrx_word' id='word_1_205' title='bbox 478 2475 592 2506; x_wconf 81' lang='lat' dir='ltr'>medios</span> <span class='ocrx_word' id='word_1_206' title='bbox 604 2475 708 2514; x_wconf 77' lang='lat' dir='ltr'>gladii</span> <span class='ocrx_word' id='word_1_207' title='bbox 721 2483 831 2506; x_wconf 78' lang='lat' dir='ltr'>venere</span> <span class='ocrx_word' id='word_1_208' title='bbox 845 2473 983 2514; x_wconf 81' lang='lat' dir='ltr'>sopores]</span> 
     </span>
     <span class='ocr_line' id='line_1_40' title="bbox 284 2524 983 2565; baseline -0.001 -9"><span class='ocrx_word' id='word_1_209' title='bbox 284 2524 469 2556; x_wconf 80' lang='lat' dir='ltr'>Petronius</span> <span class='ocrx_word' id='word_1_210' title='bbox 485 2525 518 2556; x_wconf 90' lang='lat' dir='ltr'>in</span> <span class='ocrx_word' id='word_1_211' title='bbox 538 2534 598 2556; x_wconf 84' lang='lat' dir='ltr'>sna</span> <span class='ocrx_word' id='word_1_212' title='bbox 625 2524 761 2556; x_wconf 70' lang='grc' dir='ltr'>ἁλώσεις</span> <span class='ocrx_word' id='word_1_213' title='bbox 787 2530 796 2543; x_wconf 89' lang='lat'><em>‘</em></span> <span class='ocrx_word' id='word_1_214' title='bbox 812 2524 880 2556; x_wconf 89' lang='lat' dir='ltr'>Hic</span> <span class='ocrx_word' id='word_1_215' title='bbox 907 2534 983 2565; x_wconf 85' lang='lat' dir='ltr'>gra-</span> 
     </span>
     <span class='ocr_line' id='line_1_41' title="bbox 285 2575 985 2615; baseline 0.001 -10"><span class='ocrx_word' id='word_1_216' title='bbox 285 2584 345 2606; x_wconf 91' lang='lat' dir='ltr'>ves</span> <span class='ocrx_word' id='word_1_217' title='bbox 369 2576 452 2606; x_wconf 88' lang='lat' dir='ltr'>alius</span> <span class='ocrx_word' id='word_1_218' title='bbox 468 2584 562 2607; x_wconf 88' lang='lat' dir='ltr'>mero</span> <span class='ocrx_word' id='word_1_219' title='bbox 586 2575 795 2615; x_wconf 84' lang='lat' dir='ltr'>Obtruncat‚</span> <span class='ocrx_word' id='word_1_220' title='bbox 815 2580 852 2606; x_wconf 89' lang='lat' dir='ltr'>et</span> <span class='ocrx_word' id='word_1_221' title='bbox 875 2575 985 2606; x_wconf 87' lang='lat' dir='ltr'>conti-</span> 
     </span>
     <span class='ocr_line' id='line_1_42' title="bbox 284 2624 985 2656; baseline 0.003 -2"><span class='ocrx_word' id='word_1_222' title='bbox 284 2628 370 2655; x_wconf 88' lang='lat' dir='ltr'>nuat</span> <span class='ocrx_word' id='word_1_223' title='bbox 403 2625 437 2655; x_wconf 91' lang='lat' dir='ltr'>in</span> <span class='ocrx_word' id='word_1_224' title='bbox 467 2630 611 2656; x_wconf 89' lang='lat' dir='ltr'>mortem</span> <span class='ocrx_word' id='word_1_225' title='bbox 637 2625 788 2656; x_wconf 82' lang='lat' dir='ltr'>ultimam</span> <span class='ocrx_word' id='word_1_226' title='bbox 817 2624 985 2656; x_wconf 84' lang='lat' dir='ltr'>Somnos.’</span> 
     </span>
     <span class='ocr_line' id='line_1_43' title="bbox 286 2672 984 2715; baseline 0.001 -12"><span class='ocrx_word' id='word_1_227' title='bbox 286 2672 355 2704; x_wconf 85' lang='lat' dir='ltr'>Hic</span> <span class='ocrx_word' id='word_1_228' title='bbox 379 2683 458 2704; x_wconf 84' lang='lat' dir='ltr'>vere</span> <span class='ocrx_word' id='word_1_229' title='bbox 483 2675 499 2704; x_wconf 84' lang='grc' dir='ltr'><strong><em>ὁ</em></strong></span> <span class='ocrx_word' id='word_1_230' title='bbox 527 2673 620 2706; x_wconf 76' lang='grc' dir='ltr'>ὕπνος</span> <span class='ocrx_word' id='word_1_231' title='bbox 648 2674 739 2715; x_wconf 80' lang='grc' dir='ltr'>μικρὰ</span> <span class='ocrx_word' id='word_1_232' title='bbox 767 2674 824 2705; x_wconf 80' lang='grc' dir='ltr'>τοῦ</span> <span class='ocrx_word' id='word_1_233' title='bbox 851 2673 984 2706; x_wconf 82' lang='grc' dir='ltr'><em>θανᾶτου</em></span> 
     </span>
     <span class='ocr_line' id='line_1_44' title="bbox 286 2721 984 2763; baseline 0.006 -12"><span class='ocrx_word' id='word_1_234' title='bbox 286 2721 449 2759; x_wconf 77' lang='grc' dir='ltr'><strong><em>μυστήρια,</em></strong></span> <span class='ocrx_word' id='word_1_235' title='bbox 466 2727 502 2754; x_wconf 91' lang='lat' dir='ltr'>ut</span> <span class='ocrx_word' id='word_1_236' title='bbox 515 2724 571 2754; x_wconf 86' lang='lat' dir='ltr'>ille</span> <span class='ocrx_word' id='word_1_237' title='bbox 587 2723 676 2763; x_wconf 85' lang='lat' dir='ltr'>apud</span> <span class='ocrx_word' id='word_1_238' title='bbox 695 2724 916 2755; x_wconf 86' lang='lat' dir='ltr'>Plutarchum</span> <span class='ocrx_word' id='word_1_239' title='bbox 934 2723 984 2755; x_wconf 84' lang='lat' dir='ltr'>ait</span> 
     </span>
     <span class='ocr_line' id='line_1_45' title="bbox 287 2772 748 2814; baseline 0.007 -13"><span class='ocrx_word' id='word_1_240' title='bbox 287 2772 321 2802; x_wconf 84' lang='lat' dir='ltr'>in</span> <span class='ocrx_word' id='word_1_241' title='bbox 339 2773 511 2804; x_wconf 74' lang='lat' dir='ltr'>Consolat.</span> <span class='ocrx_word' id='word_1_242' title='bbox 529 2774 569 2803; x_wconf 86' lang='lat' dir='ltr'>ad</span> <span class='ocrx_word' id='word_1_243' title='bbox 589 2773 748 2814; x_wconf 85' lang='lat' dir='ltr'>Apollou.</span> 
     </span>
    </p>

    <p class='ocr_par' dir='ltr' id='par_1_31' title="bbox 288 2823 983 2915">
     <span class='ocr_line' id='line_1_46' title="bbox 330 2823 983 2862; baseline 0.005 -10"><span class='ocrx_word' id='word_1_244' title='bbox 330 2825 393 2852; x_wconf 76' lang='lat'>760</span> <span class='ocrx_word' id='word_1_245' title='bbox 433 2823 506 2853; x_wconf 77' lang='lat' dir='ltr'>Fati</span> <span class='ocrx_word' id='word_1_246' title='bbox 532 2823 616 2862; x_wconf 78' lang='lat' dir='ltr'>suga</span> <span class='ocrx_word' id='word_1_247' title='bbox 641 2824 704 2854; x_wconf 81' lang='lat' dir='ltr'>sola</span> <span class='ocrx_word' id='word_1_248' title='bbox 729 2824 869 2862; x_wconf 77' lang='lat' dir='ltr'>timetur,</span> <span class='ocrx_word' id='word_1_249' title='bbox 904 2823 983 2859; x_wconf 80' lang='lat' dir='ltr'>Quoe</span> 
     </span>
     <span class='ocr_line' id='line_1_47' title="bbox 288 2872 983 2915; baseline 0.009 -17"><span class='ocrx_word' id='word_1_250' title='bbox 288 2872 375 2909; x_wconf 77' lang='lat' dir='ltr'>prior</span> <span class='ocrx_word' id='word_1_251' title='bbox 390 2872 420 2901; x_wconf 79' lang='lat' dir='ltr'>in</span> <span class='ocrx_word' id='word_1_252' title='bbox 434 2881 551 2903; x_wconf 78' lang='lat' dir='ltr'>sensum</span> <span class='ocrx_word' id='word_1_253' title='bbox 568 2882 649 2903; x_wconf 72' lang='lat' dir='ltr'>mors</span> <span class='ocrx_word' id='word_1_254' title='bbox 657 2874 828 2915; x_wconf 77' lang='lat' dir='ltr'>germinat]</span> <span class='ocrx_word' id='word_1_255' title='bbox 850 2873 983 2905; x_wconf 82' lang='lat' dir='ltr'>Metum</span> 
     </span>
    </p>
   </div>
   <div class='ocr_carea' id='block_1_22' title="bbox 935 2232 1078 2290">
    <p class='ocr_par' dir='ltr' id='par_1_32' title="bbox 935 2232 1078 2290">
     <span class='ocr_line' id='line_1_48' title="bbox 935 2232 1078 2290; baseline 0.007 -1"><span class='ocrx_word' id='word_1_256' title='bbox 935 2257 969 2289; x_wconf 96' lang='lat' dir='ltr'>N</span> <span class='ocrx_word' id='word_1_257' title='bbox 973 2232 1078 2290; x_wconf 59' lang='lat' dir='ltr'>OTAE</span> 
     </span>
    </p>
   </div>
   <div class='ocr_carea' id='block_1_23' title="bbox 1034 2322 1734 2863">
    <p class='ocr_par' dir='ltr' id='par_1_33' title="bbox 1034 2322 1734 2863">
     <span class='ocr_line' id='line_1_49' title="bbox 1034 2322 1730 2365; baseline 0.004 -13"><span class='ocrx_word' id='word_1_258' title='bbox 1034 2322 1167 2365; x_wconf 76' lang='lat' dir='ltr'>mortis,</span> <span class='ocrx_word' id='word_1_259' title='bbox 1184 2322 1264 2355; x_wconf 90' lang='lat' dir='ltr'>dum</span> <span class='ocrx_word' id='word_1_260' title='bbox 1290 2322 1403 2364; x_wconf 85' lang='lat' dir='ltr'>fugam</span> <span class='ocrx_word' id='word_1_261' title='bbox 1424 2323 1622 2364; x_wconf 87' lang='lat' dir='ltr'>desperant,</span> <span class='ocrx_word' id='word_1_262' title='bbox 1647 2323 1730 2356; x_wconf 85' lang='lat' dir='ltr'>alte-</span> 
     </span>
     <span class='ocr_line' id='line_1_50' title="bbox 1034 2372 1731 2405; baseline 0.003 -2"><span class='ocrx_word' id='word_1_263' title='bbox 1034 2381 1106 2403; x_wconf 89' lang='lat' dir='ltr'>ram</span> <span class='ocrx_word' id='word_1_264' title='bbox 1122 2373 1170 2404; x_wconf 85' lang='lat' dir='ltr'>ait</span> <span class='ocrx_word' id='word_1_265' title='bbox 1189 2382 1264 2405; x_wconf 83' lang='lat' dir='ltr'>esse</span> <span class='ocrx_word' id='word_1_266' title='bbox 1281 2378 1438 2405; x_wconf 83' lang='lat' dir='ltr'>mortem.</span> <span class='ocrx_word' id='word_1_267' title='bbox 1481 2372 1611 2405; x_wconf 86' lang='lat' dir='ltr'>Eadem</span> <span class='ocrx_word' id='word_1_268' title='bbox 1623 2373 1731 2405; x_wconf 81' lang='lat' dir='ltr'>Luca-</span> 
     </span>
     <span class='ocr_line' id='line_1_51' title="bbox 1034 2422 1730 2458; baseline 0 -4"><span class='ocrx_word' id='word_1_269' title='bbox 1034 2431 1096 2453; x_wconf 88' lang='lat' dir='ltr'>nus</span> <span class='ocrx_word' id='word_1_270' title='bbox 1127 2431 1183 2454; x_wconf 87' lang='lat'>111.</span> <span class='ocrx_word' id='word_1_271' title='bbox 1229 2425 1239 2440; x_wconf 88' lang='lat'>‘</span> <span class='ocrx_word' id='word_1_272' title='bbox 1254 2423 1350 2454; x_wconf 88' lang='lat' dir='ltr'>Mille</span> <span class='ocrx_word' id='word_1_273' title='bbox 1392 2422 1508 2454; x_wconf 87' lang='lat' dir='ltr'>modos</span> <span class='ocrx_word' id='word_1_274' title='bbox 1535 2423 1625 2454; x_wconf 85' lang='lat' dir='ltr'>inter</span> <span class='ocrx_word' id='word_1_275' title='bbox 1654 2423 1730 2458; x_wconf 87' lang='lat' dir='ltr'>leti,</span> 
     </span>
     <span class='ocr_line' id='line_1_52' title="bbox 1035 2472 1728 2512; baseline -0.001 -9"><span class='ocrx_word' id='word_1_276' title='bbox 1035 2481 1125 2503; x_wconf 87' lang='lat' dir='ltr'>mors</span> <span class='ocrx_word' id='word_1_277' title='bbox 1150 2482 1215 2503; x_wconf 89' lang='lat' dir='ltr'>una</span> <span class='ocrx_word' id='word_1_278' title='bbox 1242 2472 1355 2505; x_wconf 87' lang='lat' dir='ltr'>timori</span> <span class='ocrx_word' id='word_1_279' title='bbox 1384 2476 1449 2509; x_wconf 85' lang='lat' dir='ltr'>est,</span> <span class='ocrx_word' id='word_1_280' title='bbox 1478 2473 1565 2506; x_wconf 82' lang='lat' dir='ltr'>Quae</span> <span class='ocrx_word' id='word_1_281' title='bbox 1594 2481 1728 2512; x_wconf 82' lang='lat' dir='ltr'>coepere</span> 
     </span>
     <span class='ocr_line' id='line_1_53' title="bbox 1035 2521 1733 2562; baseline 0 -10"><span class='ocrx_word' id='word_1_282' title='bbox 1035 2521 1142 2554; x_wconf 89' lang='lat' dir='ltr'>mori.&#39;</span> <span class='ocrx_word' id='word_1_283' title='bbox 1184 2522 1274 2554; x_wconf 85' lang='lat' dir='ltr'>Item</span> <span class='ocrx_word' id='word_1_284' title='bbox 1289 2533 1297 2554; x_wconf 89' lang='lat'><strong>:</strong></span> <span class='ocrx_word' id='word_1_285' title='bbox 1321 2523 1332 2540; x_wconf 75' lang='lat'><strong><em>⁴</em></strong></span> <span class='ocrx_word' id='word_1_286' title='bbox 1348 2523 1471 2554; x_wconf 85' lang='lat' dir='ltr'>multos</span> <span class='ocrx_word' id='word_1_287' title='bbox 1483 2522 1516 2553; x_wconf 87' lang='lat' dir='ltr'>in</span> <span class='ocrx_word' id='word_1_288' title='bbox 1529 2530 1655 2553; x_wconf 81' lang='lat' dir='ltr'>summa</span> <span class='ocrx_word' id='word_1_289' title='bbox 1670 2531 1733 2562; x_wconf 89' lang='lat' dir='ltr'>pe·</span> 
     </span>
     <span class='ocr_line' id='line_1_54' title="bbox 1035 2571 1734 2612; baseline -0.001 -9"><span class='ocrx_word' id='word_1_290' title='bbox 1035 2572 1142 2604; x_wconf 86' lang='lat' dir='ltr'>ricula</span> <span class='ocrx_word' id='word_1_291' title='bbox 1157 2573 1249 2604; x_wconf 86' lang='lat' dir='ltr'>misit</span> <span class='ocrx_word' id='word_1_292' title='bbox 1263 2572 1409 2604; x_wconf 88' lang='lat' dir='ltr'>Venturi</span> <span class='ocrx_word' id='word_1_293' title='bbox 1424 2573 1524 2604; x_wconf 83' lang='lat' dir='ltr'>timor</span> <span class='ocrx_word' id='word_1_294' title='bbox 1538 2572 1612 2612; x_wconf 81' lang='lat' dir='ltr'>ipse</span> <span class='ocrx_word' id='word_1_295' title='bbox 1626 2571 1734 2603; x_wconf 87' lang='lat' dir='ltr'>mali.&#39;</span> 
     </span>
     <span class='ocr_line' id='line_1_55' title="bbox 1035 2621 1729 2663; baseline -0.001 -11"><span class='ocrx_word' id='word_1_296' title='bbox 1035 2622 1124 2654; x_wconf 89' lang='lat' dir='ltr'>Vide</span> <span class='ocrx_word' id='word_1_297' title='bbox 1147 2623 1310 2654; x_wconf 88' lang='lat' dir='ltr'>Senecam</span> <span class='ocrx_word' id='word_1_298' title='bbox 1327 2623 1391 2663; x_wconf 89' lang='lat' dir='ltr'>Ep.</span> <span class='ocrx_word' id='word_1_299' title='bbox 1409 2624 1462 2653; x_wconf 85' lang='grc'>70.</span> <span class='ocrx_word' id='word_1_300' title='bbox 1481 2625 1518 2652; x_wconf 88' lang='lat' dir='ltr'>et</span> <span class='ocrx_word' id='word_1_301' title='bbox 1539 2629 1642 2660; x_wconf 80' lang='lat' dir='ltr'>super</span> <span class='ocrx_word' id='word_1_302' title='bbox 1668 2621 1729 2652; x_wconf 83' lang='lat' dir='ltr'>illo</span> 
     </span>
     <span class='ocr_line' id='line_1_56' title="bbox 1037 2669 1731 2712; baseline -0.001 -10"><span class='ocrx_word' id='word_1_303' title='bbox 1037 2671 1202 2712; x_wconf 90' lang='lat' dir='ltr'>Lipsium.</span> <span class='ocrx_word' id='word_1_304' title='bbox 1245 2672 1446 2712; x_wconf 86' lang='lat' dir='ltr'>Hieronym.</span> <span class='ocrx_word' id='word_1_305' title='bbox 1469 2674 1479 2689; x_wconf 80' lang='lat'><em>⁴</em></span> <span class='ocrx_word' id='word_1_306' title='bbox 1491 2669 1523 2702; x_wconf 92' lang='grc' dir='ltr'><strong>Ο</strong></span> <span class='ocrx_word' id='word_1_307' title='bbox 1535 2670 1641 2702; x_wconf 83' lang='lat' dir='ltr'>multo</span> <span class='ocrx_word' id='word_1_308' title='bbox 1654 2679 1731 2711; x_wconf 83' lang='lat' dir='ltr'>gra·</span> 
     </span>
     <span class='ocr_line' id='line_1_57' title="bbox 1038 2720 1730 2761; baseline 0 -9"><span class='ocrx_word' id='word_1_309' title='bbox 1038 2721 1111 2752; x_wconf 91' lang='lat' dir='ltr'>vior</span> <span class='ocrx_word' id='word_1_310' title='bbox 1127 2725 1312 2761; x_wconf 84' lang='lat' dir='ltr'>expectata</span> <span class='ocrx_word' id='word_1_311' title='bbox 1326 2730 1426 2761; x_wconf 77' lang='lat' dir='ltr'>qnam</span> <span class='ocrx_word' id='word_1_312' title='bbox 1448 2720 1542 2751; x_wconf 87' lang='lat' dir='ltr'>illata</span> <span class='ocrx_word' id='word_1_313' title='bbox 1556 2720 1670 2756; x_wconf 85' lang='lat' dir='ltr'>mors‚&#39;</span> <span class='ocrx_word' id='word_1_314' title='bbox 1693 2720 1730 2752; x_wconf 90' lang='lat' dir='ltr'>in</span> 
     </span>
     <span class='ocr_line' id='line_1_58' title="bbox 1039 2769 1728 2803; baseline 0 -1"><span class='ocrx_word' id='word_1_315' title='bbox 1039 2771 1108 2802; x_wconf 83' lang='lat' dir='ltr'>vita</span> <span class='ocrx_word' id='word_1_316' title='bbox 1120 2771 1266 2803; x_wconf 80' lang='lat' dir='ltr'>Malchi:</span> <span class='ocrx_word' id='word_1_317' title='bbox 1283 2775 1319 2803; x_wconf 88' lang='lat' dir='ltr'>et</span> <span class='ocrx_word' id='word_1_318' title='bbox 1335 2769 1502 2803; x_wconf 82' lang='lat' dir='ltr'>Isidorum</span> <span class='ocrx_word' id='word_1_319' title='bbox 1519 2769 1728 2802; x_wconf 86' lang='lat' dir='ltr'>Pelusiotam</span> 
     </span>
     <span class='ocr_line' id='line_1_59' title="bbox 1036 2822 1247 2863; baseline -0.009 -9"><span class='ocrx_word' id='word_1_320' title='bbox 1036 2831 1077 2855; x_wconf 81' lang='lat' dir='ltr'>n.</span> <span class='ocrx_word' id='word_1_321' title='bbox 1095 2822 1158 2863; x_wconf 87' lang='lat' dir='ltr'>Ep.</span> <span class='ocrx_word' id='word_1_322' title='bbox 1176 2823 1247 2853; x_wconf 74' lang='lat'><strong>147.</strong></span> 
     </span>
    </p>
   </div>
  </div>
 </body>
</html>
