1889 3194
488 307 640 338 PAULI
672 307 931 338 VINDINGII
966 306 1106 338 NOTAE
1139 306 1190 337 IN
1226 306 1322 336 LlB.
1356 307 1422 336 VI·

226 409 302 431 cum
341 399 494 431 auctario
531 399 728 436 Camerarii,
764 397 920 430 adorare.

227 449 269 480 In
286 458 362 480 eum
377 459 419 480 ex
443 454 588 490 utroque
612 449 679 480 Ms.
698 449 923 480 Bibliothecae

227 498 425 528 Bodleianae
443 498 694 529 observationes
710 503 746 529 et
758 498 923 529 lectiones

215 547 314 577 -adeo
338 547 503 578 facundas
526 547 661 588 collegi,
675 552 712 578 ut
728 548 831 588 duplo
846 557 924 579 auc-

228 596 296 628 tior
311 601 346 627 et
362 596 559 636 correctior,
573 597 600 627 si
626 602 760 637 tempus
784 597 925 637 permit-

227 651 294 685 tat,
327 647 504 687 aliquando
529 646 662 686 prodire
697 647 813 686 possit.
867 647 924 677 De

229 701 364 728 turture
380 705 414 726 v.
432 696 501 734 ille,
515 694 584 735 περὶ
598 697 654 732 τῆς
668 694 840 726 θαλασσίας
854 707 924 735 τρυ-

228 746 339 786 γόνος,
365 749 441 786 post
467 747 498 778 4.
523 755 651 785 versus,
667 745 724 787 qui
750 746 784 776 in
804 745 925 777 codice

228 796 395 835 impresso
413 799 513 825 sunt:

232 845 293 877 Καὶ
307 844 379 876 τοὺς
394 843 490 875 ἁλιεῖς
506 843 602 883 φασὶν
617 842 755 876 ἐκτόπως
770 844 893 885 τρέμειν

231 896 277 927 Τὰ
289 894 426 935 δυσχερῆ
442 893 499 933 μὲν
509 895 609 925 ταῦτα
622 895 679 925 τοῦ
691 892 768 932 ζώου
784 893 876 931 βέλη·

224 945 286 976 Ἀν
306 943 367 983 ’γάρ
390 955 438 975 τις
458 944 562 975 αὐτοῖς
581 945 647 976 τοῖς
672 943 831 975 κακίστοις
859 954 927 975 κεν-

316 993 412 1034 arpinas

231 1046 358 1086 Πληγῇ,
374 1043 463 1084 μόλις
473 1055 509 1074 τε
520 1045 582 1075 τῶν
603 1042 713 1085 ἷατρῶν
727 1043 747 1082 ἡ
761 1043 861 1083 τέχνη

232 1094 366 1127 ‘Mam’
382 1095 418 1126 ἂν
432 1093 524 1126 αὐτὸν
537 1095 594 1132 τῆς
609 1095 723 1135 φθορᾶς
746 1095 803 1127 τοῦ
823 1092 923 1126 κινδύ-

318 1155 380 1176 νου.

1591 295 1676 337 635

975 398 1069 431 Quos
1086 397 1133 430 ita
1150 398 1272 429 Latine
1289 397 1442 429 reddidi:

977 448 1167 479 Piscatores
1181 447 1295 479 ferunt
1310 448 1527 478 vehementer
1541 447 1662 479 tImere

978 497 1138 528 Exitialia
1152 498 1225 528 haec
1245 497 1397 528 animalis
1412 496 1512 537 hujus
1530 497 1618 528 tela:

977 547 1013 577 Si
1029 546 1117 577 enim
1133 546 1207 587 quis
1220 546 1374 587 pessimis
1391 546 1464 577 istis
1481 547 1607 578 aculeis

979 597 1096 628 Laesus
1123 595 1238 637 fuerit,
1266 596 1322 627 vix
1351 596 1446 627 illum
1469 595 1677 628 medicorum

1062 655 1117 677 ars

979 695 1153 727 Liberabit
1169 694 1265 726 exitii
1282 694 1444 736 periculo.

1022 746 1075 777 Ita
1089 746 1254 786 creditum]
1275 746 1356 786 Leg.
1373 749 1382 762 ¹
1396 745 1447 776 ita
1461 745 1618 777 credito)

1024 796 1277 834 Infelicissimum
1290 805 1394 826 casum
1407 796 1527 827 vulneri
1541 800 1676 828 contem-

977 845 1097 887 platus]
1122 847 1204 886 Leg.
1235 846 1244 862 ‘
1263 844 1535 877 Infelicissimum
1562 855 1678 878 casum

980 895 1148 926 vulnerati
1186 894 1336 936 (scilicet
1384 894 1490 934 patris
1526 895 1676 937 Ulyssis)

980 944 1255 985 contemplatus.’
1298 945 1328 975 E
1344 944 1490 984 vestigio
1513 945 1602 976 enim
1624 955 1677 977 se-

979 994 1108 1034 quitur,
1131 995 1140 1012 ‘
1155 993 1203 1026 At
1218 993 1275 1025 ubi
1289 993 1363 1026 ictu
1380 1002 1423 1026 eo
1439 994 1577 1035 Ulysses
1593 1004 1672 1027 con-

980 1042 1091 1074 cidit!

614 1582 743 1615 FINIS
766 1582 1003 1615 NOTARUM
1022 1581 1298 1616 VARIORUM.
