1889 3194
231 367 316 409 458

755 381 956 411 JOSEPHi
993 380 1156 412 ISCANr

234 474 336 515 Hoc
356 474 522 529 populo
544 474 728 515 dederat
748 474 917 526 vulgati
939 474 1056 515 fama
1077 474 1248 516 decoris

232 541 462 582 Certamen
479 541 665 582 mirandi
688 541 907 582 Helenam
925 555 935 582 x
968 542 1088 582 subit
1109 542 1185 583 illa
1205 543 1365 596 pudice

232 607 321 648 Ora
342 620 506 661 gerens,
526 608 666 649 oculis
682 620 898 660 nusquam
919 620 1045 659 vaga,
1066 621 1174 650 voce
1195 609 1360 651 faventi

231 675 536 727 Spectantum,
558 674 816 728 pudibunda
839 688 1009 728 parum,
1031 676 1259 730 mixtoque
1280 677 1420 719 nitore

876 741 937 783 At
958 743 1077 795 regia
1097 748 1222 784 vates

231 741 435 783 Sidereas
451 746 652 783 neutrata
668 755 817 794 genas.

1590 678 1676 720 360

230 807 291 848 Ut
310 809 484 849 venisse
506 809 655 850 Parim
678 814 801 849 certo
819 808 1069 850 Cassandra
1087 810 1228 851 relatu

228 873 380 925 Audit,
402 880 445 915 et
465 875 703 916 adductam
724 881 964 917 monstrum
986 877 1114 917 fatale
1131 877 1387 928 Lacaenam,

231 940 303 982 Ad
325 942 525 995 tripodas
548 946 760 996 questura
781 943 908 995 fugit,
929 956 1162 998 ramosque
1178 944 1390 998 loquaces

229 1008 315 1049 Ore
335 1009 505 1062 premit,
525 1022 805 1064 poscensque
830 1011 975 1051 Deum
995 1023 1083 1052 non
1103 1012 1222 1052 irrita
1237 1011 1413 1065 longum

1590 1011 1675 1054 365

228 1075 354 1117 Fatis
373 1076 501 1129 plena
520 1076 654 1118 redit:
686 1077 822 1117 claret
842 1077 1075 1131 interprete
1096 1078 1221 1119 vultu

227 1142 401 1184 Extorti
421 1143 618 1185 vindicta
640 1144 740 1194 Dei,
761 1144 928 1185 furiosa
948 1148 1148 1198 potestas

227 1209 436 1251 Imbelles
457 1214 592 1252 vexat
615 1215 749 1261 artus,
772 1211 945 1253 cervice
967 1215 1122 1262 rotata,

225 1275 354 1318 Crine
375 1278 600 1319 umbrante
621 1278 841 1329 humeros,
861 1279 1005 1320 oculis
1022 1279 1337 1332 spargentibus
1357 1279 1517 1332 ignem,

225 1343 283 1384 Et
302 1343 449 1386 facula
467 1346 674 1398 prodente
694 1346 840 1396 fidem,
859 1359 974 1387 nunc
996 1346 1134 1388 livida
1152 1347 1331 1396 vitrum,

1587 1346 1673 1388 370

227 1410 272 1451 N
276 1423 358 1452 unc
379 1412 601 1454 flammata
621 1413 765 1454 facem
786 1417 978 1467 superat,
1001 1427 1116 1455 nunc
1138 1413 1304 1467 pallida
1324 1415 1512 1455 buxum.

224 1478 326 1518 Tali
347 1492 394 1519 se
414 1479 571 1520 mediis
592 1493 817 1533 procerum
839 1484 905 1522 tot
925 1481 1119 1522 millibus
1136 1481 1260 1522 infert

227 1544 314 1586 Ore
334 1547 490 1596 serens,
510 1547 801 1601 tremulosque
819 1547 980 1600 gradus
998 1549 1075 1589 vix
1096 1549 1218 1588 ebria
1239 1547 1347 1600 figit,

226 1610 373 1666 Atque
393 1612 453 1654 ita
471 1612 749 1667 Tyndariden
769 1626 950 1655 cernens
968 1627 979 1654 ε
1008 1615 1131 1656 Tune
1152 1614 1231 1655 illa
1243 1613 1438 1667 juvenca

825 1744 863 1757 00
867 1743 1064 1758 ’ΝΙΙΟΟΝΟ

267 1830 330 1860 370
353 1828 447 1862 Facie
462 1828 529 1861 Ms.
545 1839 652 1872 marg.
697 1830 787 1863 Vide
803 1836 873 1864 not.

872 1928 1011 1961 NOTAE

221 2000 319 2042 liger.
335 2000 367 2032 in
384 2001 543 2043 Conject.
557 2011 593 2035 x.
609 2005 682 2035 139.

264 2056 325 2084 361
350 2053 497 2085 Sidet-eas
524 2058 670 2086 neutraea
696 2055 808 2096 genas]
837 2055 916 2087 Non

221 2103 353 2135 redolet
365 2109 492 2135 castam
509 2104 740 2143 Latinitatem,
750 2105 832 2136 iicet
843 2105 915 2136 ἂνα-

219 2151 316 2191 lta-yla
351 2154 542 2193 permittat.
586 2154 642 2184 Ita
678 2154 788 2185 Varro
824 2154 914 2195 apud

221 2203 310 2235 Non.
331 2204 342 2221 ⁴
358 2202 462 2234 facies
488 2202 711 2243 maeandrata,
737 2208 772 2235 et
795 2204 916 2235 vermi-

220 2253 358 2284 cniata.’
401 2254 538 2285 Lucret.
560 2263 615 2285 ιιι.
638 2255 648 2271 ‘
665 2256 732 2285 stat
755 2254 917 2286 cernendi

220 2303 335 2335 vivata
358 2304 535 2344 potestas.’
559 2303 649 2335 Ibid.
665 2303 838 2345 ‘corporis
864 2309 916 2336 at-

220 2362 285 2393 que
309 2353 410 2384 animi
430 2353 545 2385 vivata
570 2353 746 2394 potestas!
787 2354 916 2385 Mureti

219 2408 363 2434 auctor:
388 2404 398 2421 ‘
415 2403 568 2444 subjuga
583 2408 742 2445 parentes
758 2405 851 2445 cogit
868 2405 915 2436 lo-

218 2454 491 2494 ratajuvencos.’
514 2453 617 2486 Ovid.
629 2455 789 2486 111.Fast.
804 2456 814 2472 ⁴
826 2454 915 2485 Moi-

218 2502 258 2533 lis
281 2508 358 2535 erat
382 2504 483 2535 tellus
510 2509 622 2535 rorata
644 2513 742 2535 mane
769 2503 916 2545 pruina:

217 2551 274 2582 Ita
293 2551 422 2584 Seneca
440 2557 594 2585 controv.
616 2562 641 2584 1.
657 2557 689 2585 6.
711 2554 722 2571 ‘
734 2553 914 2585 absinthia·

217 2605 286 2632 tum
304 2602 480 2642 poculum.'
523 2603 675 2635 Martial.
699 2604 915 2645 ‘leneophae-

217 2651 335 2684 atum!
357 2652 464 2684 Genae
475 2657 588 2684 autem
599 2654 608 2671 ‘
620 2657 786 2685 neutratae
798 2653 805 2666 '
823 2657 914 2694 sunt,

218 2701 308 2742 quod
339 2702 452 2742 priora
485 2702 683 2744 interpretis
717 2703 793 2734 vice
824 2712 912 2744 prae-

217 2751 320 2781 missa
342 2751 479 2791 docent,
501 2753 511 2770 ⁶
527 2752 713 2784 rubicunde
740 2751 914 2784 albentes:

219 2799 367 2831 Ennius:
391 2801 481 2832 ‘etsi
511 2802 637 2833 Mulier
673 2802 820 2842 erubuit,
849 2811 912 2833 ceu

217 2849 306 2879 lacte
321 2853 356 2880 et
371 2859 520 2891 purpura
534 2851 634 2882 mista
646 2850 669 2882 τ’
692 2851 782 2893 quod
803 2851 911 2882 simile

217 2897 377 2939 Virgilius
404 2903 440 2931 et
469 2900 567 2933 multi
598 2901 654 2933 aiii
684 2900 909 2933 retinuerunt.

970 2004 1025 2036 Sic
1048 2004 1168 2036 Horat.
1183 2013 1225 2037 n.
1240 2005 1311 2037 Sat.
1323 2006 1355 2036 2.
1373 2003 1415 2035 de
1438 2002 1507 2043 illo,
1522 2002 1578 2044 qui
1603 2012 1667 2034 nec

969 2054 1112 2085 muudus
1134 2055 1242 2094 nimis,
1258 2063 1322 2085 nec
1346 2053 1514 2094 sordidus,
1530 2054 1563 2084 in
1586 2062 1666 2084 neu-

970 2109 1057 2134 tram
1074 2110 1200 2144 partem
1217 2104 1327 2134 cultus
1340 2103 1453 2134 miser.

1011 2156 1074 2184 370
1100 2154 1143 2184 Et
1149 2154 1258 2191 facula
1267 2153 1416 2193 prodente
1420 2150 1537 2193 fidem]
1561 2150 1669 2191 Malo,

969 2203 1059 2245 quod
1074 2203 1107 2234 in
1123 2213 1182 2235 ora
1197 2203 1274 2234 libri
1287 2201 1488 2240 erat‚sacie;
1511 2201 1668 2242 sequitur

969 2254 1058 2285 enim
1088 2255 1097 2272 ‘
1115 2254 1215 2285 Nunc
1238 2252 1410 2284 flammata
1433 2250 1543 2282 facem
1566 2259 1668 2291 snpe-

969 2303 1045 2336 rat.‘
1091 2303 1224 2334 Similes
1263 2301 1471 2334 Phoebadum
1513 2299 1667 2340 descrip-

968 2353 1078 2385 tiones
1102 2357 1181 2384 sunt
1207 2351 1299 2392 apud
1324 2350 1448 2391 Papin.
1475 2358 1512 2381 x.
1537 2350 1665 2380 Lucan.

967 2411 1003 2434 V.
1020 2401 1202 2443 Apuleium
1221 2409 1304 2432 vm.
1327 2400 1440 2431 Miles,
1461 2397 1582 2430 Ruffin.
1599 2399 1668 2430 Ec-

968 2453 1048 2484 cles.
1065 2452 1156 2484 Hist.
1171 2460 1212 2482 n.
1225 2453 1258 2483 4.
1280 2450 1423 2481 Dionem
1443 2449 1616 2489 chrysost.
1629 2447 1665 2479 in

969 2502 1068 2534 Orat.
1081 2505 1111 2533 1.
1128 2501 1171 2532 de
1188 2510 1301 2541 regno.

1010 2554 1074 2584 374
1099 2552 1184 2583 Tune
1210 2551 1266 2582 illa
1283 2548 1434 2589 juvenca]
1462 2547 1664 2589 Lycopliron

967 2603 1135 2634 Helenam
1147 2605 1247 2633 vocat
1259 2599 1386 2640 πόρτινς
1403 2608 1537 2630 cansam
1553 2607 1596 2629 ex
1613 2597 1663 2630 fa-

967 2652 1048 2684 bula
1071 2651 1180 2683 veteri
1195 2649 1334 2681 adducit
1355 2647 1526 2680 Meursius
1546 2647 1579 2678 in
1596 2648 1664 2688 Ly-

965 2703 1128 2742 cophron.
1141 2710 1175 2741 p.
1185 2702 1259 2731 123.
1272 2697 1376 2730 Ovid.
1386 2697 1498 2738 Epist.
1509 2696 1662 2728 OEnones

966 2751 1009 2783 ad
1037 2750 1209 2783 Parideu:
1231 2750 1241 2766 ‘
1256 2747 1362 2779 Graia
1383 2747 1531 2787 juvenca
1555 2746 1663 2789 venit,

966 2811 1040 2842 quae
1064 2804 1099 2831 te
1123 2798 1332 2840 patriamque
1355 2795 1556 2836 domumque
1574 2795 1660 2827 Per-

964 2849 1035 2889 det,
1060 2849 1100 2882 Io
1124 2846 1276 2890 prohibe,
1302 2843 1410 2878 Graia
1426 2843 1578 2885 juvenca
1604 2853 1660 2877 ve·

963 2898 1039 2931 nit.'
