1889 3194
551 338 611 367 DE
646 336 800 367 BELLO
833 334 1059 367 TROJANO
1096 335 1187 365 LlB.
1220 335 1292 366 111.

1550 325 1633 366 439

194 429 402 484 Principe
419 428 551 482 digna
573 430 682 475 Deo,
701 434 849 471 nostro
869 429 1086 483 placitura
1102 429 1311 480 Tonanti,

193 496 344 538 Mente
363 497 468 538 litat
488 510 612 550 pura,
632 498 747 538 votis
768 501 923 538 exorat
942 496 1151 538 honestis.

247 562 420 604 Celsior
441 564 675 618 explicitas
694 569 898 617 rapturus
916 564 960 604 in
980 563 1118 604 ardua
1137 562 1337 604 flammas

194 629 366 682 Regius
388 632 629 673 exstruitur
650 631 859 672 comestis
882 629 1064 671 floribus
1086 630 1217 683 ignis,
1579 629 1635 668 1ο

192 696 545 751 Perstringitque
567 699 706 739 aciem
724 711 734 749 3
758 697 914 751 procul
935 697 1003 737 his
1024 697 1197 750 expirat
1217 696 1274 738 ab
1297 696 1382 737 aris

193 763 363 805 Hostia
383 764 476 805 dira
499 777 644 815 cruor,
666 765 835 806 Veneri
855 763 973 818 quod
991 763 1117 804 dulce
1136 764 1342 817 propinat

191 831 375 881 Ductor,
399 830 614 873 Aristaeos
633 832 807 881 latices,
825 831 1037 872 meliboea
1057 830 1238 879 fluenta,

192 897 362 939 Icarios
382 897 581 948 haustus,
600 898 729 941 fracti
753 898 981 940 Phoenicis
1003 898 1179 939 odores.

799 1027 915 1039 eeeeee

236 1093 274 1122 15
302 1092 465 1131 Congeslis
482 1093 639 1124 Dresem.

918 1026 1035 1039 eeeeee

844 1201 984 1234 NOTAE

240 1274 286 1304 At
321 1283 436 1314 pauper
461 1284 567 1305 acerra
594 1298 623 1306 ..
645 1296 654 1306 .
681 1276 790 1306 Mente
814 1276 888 1307 litat

188 1323 284 1363 pura]
308 1323 398 1356 Quid
428 1335 548 1362 acerra,
575 1325 696 1356 Festus
721 1326 804 1356 satis
831 1335 888 1356 ex—

190 1376 310 1415 plicat,
323 1374 417 1412 θοίνη.
442 1376 545 1408 ovid.
558 1386 641 1409 xin.
659 1378 800 1409 Metam.
811 1382 888 1410 703.

189 1427 199 1443 ‘
212 1426 389 1457 custodem
407 1426 512 1457 thuris
537 1437 687 1458 acerram
701 1427 710 1440 '
726 1428 889 1460 nominat.

190 1477 246 1507 De
263 1476 351 1507 vasis
367 1477 400 1507 in
413 1478 517 1508 sacris
534 1478 666 1518 prolixe
684 1478 753 1518 agit
765 1477 888 1510 Junius

191 1525 350 1556 Animad.
364 1534 403 1557 ιι.
419 1529 470 1557 10.

225 1578 264 1606 13
277 1576 385 1607 Mente
397 1576 469 1607 litat
478 1577 573 1618 pura]
589 1576 679 1609 Ital.
690 1587 714 1610 1.
731 1579 740 1595 ‘
753 1587 887 1618 pacem-

190 1635 255 1664 que
284 1625 381 1656 litata
401 1625 534 1656 Emtam
559 1626 692 1662 anima:
722 1627 887 1668 καλλιέρη-

189 1685 258 1705 ms:
277 1674 502 1715 itaaPapinio
519 1674 618 1706 etiam
635 1684 676 1707 11.
688 1676 795 1708 Theb.
810 1682 884 1708 est:

189 1730 197 1742 ⁴
210 1725 255 1756 Hi
273 1723 366 1755 fibris
382 1724 558 1765 animaque
577 1725 688 1766 litant,
704 1726 736 1757 hi
753 1727 886 1768 cespite

189 1775 299 1805 nudo:
326 1774 401 1806 Nec
418 1774 525 1805 minus
541 1774 662 1815 auditi,
679 1776 706 1806 si
723 1785 816 1807 mens
830 1785 885 1807 ac-

190 1828 292 1863 cepta
303 1823 474 1855 ureretur-¹
498 1823 606 1856 Arist.
617 1824 809 1857 Eudemior.
821 1835 887 1857 vn.

191 1876 242 1904 10.
267 1874 283 1903 ὅ
309 1872 375 1904 θεὸς
396 1871 544 1912 ἀνέχεται
566 1873 646 1905 κατὰ
668 1873 793 1913 δύναμιν
806 1880 886 1913 λαμ-

189 1921 292 1959 βάνων
304 1922 362 1954 τὰς
372 1922 488 1955 θυσίας.
511 1923 657 1955 Gemina
671 1925 791 1956 scribit
803 1925 886 1956 Por-

191 1973 330 2014 phyrius
355 1972 442 2004 libro
458 1972 500 2004 de
516 1972 708 2005 sacrificiis:
734 1974 886 2006 Isidorus

190 2023 366 2053 Pelusiota
380 2031 437 2053 111.
461 2022 564 2064 epist.
580 2026 632 2055 75.
676 2023 733 2055 Ita
755 2024 887 2056 Seneca

192 2072 234 2102 ad
252 2072 359 2103 Lucil.
382 2075 391 2089 ‘
404 2071 537 2103 Colitur
556 2076 670 2103 autem
685 2082 753 2104 non
776 2078 889 2104 tauro-

191 2131 265 2152 rum
282 2121 401 2161 opimis
413 2122 614 2161 corporibus
627 2122 888 2163 contrucidatis,

193 2171 246 2201 vel
263 2180 345 2201 auro
362 2175 570 2212 argentoque
586 2181 764 2212 suspenso,
774 2181 838 2203 nec
853 2172 889 2203 in

193 2220 351 2251 thesauro
364 2220 451 2260 stipe
465 2219 590 2259 infusa,
602 2220 660 2251 sed
677 2221 730 2260 pia
743 2225 777 2252 et
793 2225 889 2252 reeta

193 2268 395 2301 voluntate.'
440 2269 495 2301 Sic
508 2269 718 2301 Dracontius
734 2270 778 2302 de
795 2271 886 2302 Deo:

192 2322 202 2337 ⁴
217 2320 327 2353 Quem
355 2329 449 2350 mens
478 2328 562 2360 pura
578 2320 681 2360 juvat
703 2320 887 2361 hominum,

192 2380 259 2402 non
277 2369 412 2401 victima
428 2368 598 2410 supplex.'
641 2370 698 2401 Ita
719 2370 885 2403 Prudent.

193 2430 235 2452 ιι.
251 2424 372 2452 contra
396 2419 588 2461 Symmach.
625 2419 887 2461 ‘Justitiamque

191 2471 294 2502 litant
315 2474 351 2501 et
378 2469 542 2509 templum
566 2470 717 2509 pectoris
742 2469 888 2501 ornant)

189 2521 246 2552 Ita
267 2520 375 2551 Clem.
392 2518 493 2549 AleX.
509 2519 631 2550 Strom.
650 2527 717 2549 vn.
730 2521 805 2550 515.
827 2521 889 2555 βω-

188 2569 248 2609 μὸν
273 2569 395 2606 ἀληθῶς
417 2567 519 2608 ἅγιον,
545 2567 605 2605 τὴν
624 2566 743 2599 δικαίαν
770 2568 889 2608 ψυχὴν,

189 2618 288 2651 καὶτὸ
300 2618 351 2648 ἀπ’
367 2617 462 2654 αὐτῆς
471 2616 616 2657 θυμίαμα,
624 2617 684 2654 τὴν
694 2617 784 2649 ὁσίαν
792 2618 889 2658 εὐχὴν

193 2669 340 2709 λέγουσιν
354 2667 427 2707 ἡμῖν
440 2666 677 2705 ἀπιστήσουσιν.
713 2669 887 2709 Chrysost.

190 2721 225 2751 in
241 2719 331 2752 Gen.
350 2718 476 2750 Homil.
493 2721 544 2750 18.
569 2718 612 2749 de
626 2717 793 2750 sacrificio
809 2719 886 2750 Cai-

191 2770 227 2801 ni
242 2770 355 2802 Deum
371 2769 565 2809 loquentem
592 2767 699 2799 facit:
725 2767 780 2799 οὐκ
803 2767 885 2810 ᾔδεις

193 2819 242 2850 ὅτι
260 2818 333 2858 οὐχὶ
347 2820 410 2849 τῶν
420 2815 659 2857 προσαγομένων
674 2817 812 2857 ἐδεόμην,
830 2819 888 2849 ἆλ-

192 2868 234 2900 λὰ
250 2869 306 2906 τῆς
320 2869 382 2899 τῶν
399 2866 620 2908 προσαγόντων
637 2867 738 2907 ὑγιοῦς
753 2867 890 2908 γνώμηςς

943 1276 1038 1306 Idem
1056 1275 1087 1306 in
1106 1275 1171 1315 Ep.
1197 1273 1238 1305 ad
1262 1273 1387 1313 Philip.
1406 1272 1507 1303 Hom.
1534 1275 1582 1303 15.
1604 1281 1637 1311 p.

944 1329 1037 1357 1310.
1060 1325 1096 1356 οὗ
1120 1324 1182 1365 ’γὰρ
1209 1324 1228 1362 ἡ
1252 1323 1377 1362 κνίσσα,
1402 1322 1463 1353 οὐδ’
1488 1322 1503 1352 ὁ
1526 1321 1639 1353 καπνὸς

943 1375 1037 1407 δεκτὰ
1051 1374 1155 1414 ἐποίει,
1170 1374 1244 1406 ἀλλ’
1269 1374 1289 1412 ἦ
1304 1372 1478 1413 προαίρεσις
1503 1372 1522 1410 ἡ
1544 1382 1639 1412 προσ,

943 1425 1090 1466 φέρουσα.
1135 1425 1234 1456 Lact.
1251 1424 1293 1455 de
1314 1433 1395 1454 vero
1421 1423 1515 1453 cultu
1533 1431 1583 1453 vr.
1607 1424 1640 1453 2.

943 1476 1030 1506 ‘Hic
1047 1484 1144 1506 verus
1166 1478 1218 1505 est
1246 1473 1370 1513 cultus,
1395 1471 1430 1502 in
1454 1481 1519 1512 quo
1545 1479 1639 1502 mens

941 1524 1085 1556 colentis
1116 1524 1260 1564 seipsam
1286 1523 1361 1554 Deo
1386 1522 1639 1553 immaculatam

942 1575 1110 1606 victimam
1127 1572 1240 1609 sistit:
1256 1575 1320 1604 διο.
1342 1572 1424 1603 item
1441 1574 1493 1603 24.
1511 1571 1545 1601 iu
1559 1570 1637 1603 fine.

941 1625 1083 1656 Tertull.
1095 1624 1228 1664 gemina
1238 1623 1273 1654 in
1286 1622 1470 1663 Apologet.
1483 1630 1575 1653 xxx.
1585 1624 1640 1652 60.

942 1673 1042 1705 Philo
1058 1673 1159 1704 etiam
1171 1673 1227 1704 De
1245 1672 1403 1713 agricult.
1417 1673 1492 1703 160.
1502 1676 1539 1702 et
1552 1671 1640 1702 libro

941 1724 984 1755 de
1009 1724 1154 1764 plantat.
1178 1723 1268 1762 Noe,
1295 1724 1370 1754 185.
1391 1722 1489 1763 plura
1505 1721 1564 1753 lib.
1582 1730 1639 1753 111.

941 1773 984 1804 de
1001 1774 1071 1804 vita
1086 1772 1294 1808 Mosis,5l8.
1308 1772 1391 1803 etin
1407 1771 1494 1802 libro
1510 1771 1554 1803 de
1571 1772 1641 1802 vic-

942 1823 1030 1855 timis
1049 1825 1124 1854 649.
1148 1823 1192 1854 Et
1205 1822 1367 1862 graphice
1393 1821 1572 1853 Philemon
1597 1821 1640 1853 de

942 1873 1060 1905 eadem
1076 1883 1113 1904 re
1129 1872 1219 1913 apud
1242 1872 1348 1903 Clem.
1373 1870 1475 1903 Alex.
1491 1881 1526 1903 v,
1556 1881 1639 1913 quos

940 1933 1059 1955 versus
1071 1923 1172 1953 etiarn
1184 1922 1341 1954 ‚Iustinus
1350 1921 1485 1961 Martyr
1497 1920 1584 1952 libro
1597 1921 1641 1952 de

941 1973 1141 2005 Monarchia
1157 1972 1297 2012 allegat,
1322 1974 1395 2003 168.
1431 1971 1520 2002 Vide
1536 1972 1640 2003 etiam

942 2023 1102 2054 Plautum
1138 2022 1291 2060 Prologo
1318 2020 1498 2060 Rudenus,
1529 2020 1641 2052 Minu-

942 2073 1024 2104 tium
1048 2073 1081 2103 in
1099 2071 1245 2103 Octavio
1260 2074 1314 2103 74.
1361 2071 1489 2102 Eadem
1506 2076 1642 2102 senten-

942 2122 991 2154 tia
1007 2127 1060 2153 est
1075 2122 1108 2153 in
1125 2121 1230 2153 sacris
1247 2121 1405 2162 precibus
1431 2121 1531 2153 trium
1559 2131 1640 2162 pue-

942 2181 1068 2203 rorum.

986 2225 1025 2252 15
1053 2220 1207 2252 Comestis
1222 2219 1358 2261 floribus
1380 2219 1480 2260 ignis]
1503 2220 1561 2252 Sic
1588 2229 1640 2252 iv.

941 2273 1017 2302 338.
1048 2271 1057 2288 ‘
1079 2271 1238 2301 comestis
1269 2270 1427 2310 spoliis3'
1458 2271 1639 2311 utrobique

939 2321 948 2338 ‘
963 2319 1152 2360 congestis'
1170 2319 1364 2359 legendum.

985 2372 1024 2400 17
1042 2369 1158 2401 Hostia
1171 2369 1242 2400 dira
1254 2369 1360 2410 cruor]
1384 2369 1472 2400 Fuse
1490 2378 1528 2399 ea
1545 2368 1587 2400 de
1602 2378 1638 2400 re

942 2420 1051 2451 Clem.
1063 2419 1161 2450 Alex.
1176 2428 1241 2450 vn.

984 2470 1025 2499 18
1047 2467 1202 2499 Aristaeos
1217 2467 1340 2508 latices]
1363 2467 1448 2499 Mel.

985 2518 1131 2549 Meliboea
1143 2517 1284 2559 fluenta]
1307 2517 1439 2559 Aquam
1462 2517 1638 2551 fontanam

942 2567 1110 2609 intelligo,
1132 2577 1206 2608 quae
1226 2577 1302 2599 cum
1324 2569 1415 2599 lacte
1431 2572 1466 2599 et
1482 2569 1569 2607 vino,
1584 2570 1640 2600 vel

943 2618 1031 2657 oleo,
1045 2617 1087 2648 ad
1102 2616 1183 2656 χοὴν
1203 2617 1373 2656 pertinet:
1399 2616 1441 2648 de
1458 2627 1522 2659 qua
1540 2618 1639 2658 plura

943 2667 1101 2699 Heinsius
1126 2667 1265 2698 doctiss.
1291 2666 1333 2698 ad
1367 2666 1485 2698 Silium
1513 2676 1578 2700 vn.
1603 2672 1639 2699 et

942 2725 1027 2749 xm.

982 2770 1023 2799 19
1046 2768 1164 2799 Icarios
1184 2767 1329 2808 haustus]
1350 2767 1486 2799 Vinum.
1513 2767 1637 2809 Papin.

940 2826 989 2848 ιν.
1016 2819 1025 2835 ‘
1041 2823 1077 2849 et
1100 2817 1212 2848 Icaria
1238 2816 1426 2858 Rhodopen
1442 2823 1639 2849 assueverat

942 2867 1089 2901 umbraz’
1106 2868 1147 2899 ad
1161 2877 1234 2909 quae
1249 2867 1467 2901 Lactantius:
1484 2868 1637 2901 'Icarum
1675 2904 1686 2908 ,
