1889 3194
548 359 608 388 DE
642 358 796 388 BEnLo
829 356 1056 388 TROJANO
1092 356 1183 386 nie.
1217 357 1279 386 lv.
1549 344 1633 386 483

192 451 329 493 Ebria
348 450 456 500 tela,
474 451 609 499 viros,
631 464 817 505 puppes,
834 449 1110 491 humentibus
1129 450 1291 491 umbris

193 518 402 568 Involvit,
426 519 628 571 cogitque
648 518 773 571 ipsos
796 517 993 558 dubitare
1012 517 1260 570 magistros.

849 656 988 689 NOTAE

192 742 289 782 rum,'
326 745 364 774 ut
401 741 632 783 Hieronymus
685 742 885 784 Aquilonem

192 797 353 832 ‘scopam
374 791 525 822 viarum.’
570 792 678 822 Varro
703 793 736 823 in
760 792 886 823 Marci·

193 840 440 883 pore‘nubes'
468 841 553 872 dixit
579 841 720 882 ‘aquam
750 850 886 873 vomere

189 891 332 923 inferam
344 892 541 922 mortalibus
555 890 574 922 :'
599 891 750 932 inibique
764 895 773 908 ‘
787 892 886 932 phre-

190 942 321 974 neticos
343 941 613 981 septentrionum
634 941 746 981 filios‚'
771 946 887 972 ventos

195 991 358 1032 appellat.
380 991 584 1022 Dracontius
599 991 686 1022 Hex.
701 994 776 1022 528.
797 992 807 1008 ‘
820 991 889 1023 Qui

193 1040 237 1071 de
263 1040 429 1072 thesauris
453 1046 629 1072 ventorum
652 1039 787 1072 flamina
812 1041 889 1072 mit-

194 1090 239 1122 tit
251 1090 273 1122 ι’
296 1099 338 1121 ex
356 1090 472 1122 Psalm
498 1093 570 1123 134.
609 1091 687 1122 Val.
719 1091 835 1122 Flacc.
866 1100 893 1121 1.

192 1139 416 1171 ‘Nimborum
448 1149 524 1171 cum
554 1140 650 1180 prole
674 1140 813 1171 Notus?
846 1140 887 1171 ad

191 1198 291 1230 quem
308 1189 433 1221 Noster
448 1191 610 1230 respexit.
641 1190 768 1221 Latinis
785 1190 887 1222 etiam

193 1238 320 1270 Auster
335 1239 580 1270 est‘imbricus
602 1239 826 1271 Imbricitor2’
850 1244 889 1271 ut

193 1288 305 1319 Notus
320 1298 339 1320 a
354 1287 493 1329 νοτίζειν,
516 1289 604 1330 quod
619 1293 670 1320 est
683 1290 888 1321 humectare.

192 1338 281 1369 Vide
304 1338 410 1371 Arist.
427 1348 482 1370 ιιι.
505 1339 688 1371 Meteoml.
724 1340 887 1370 Senecam

194 1387 278 1419 Nat.
309 1387 440 1420 Quaest.
464 1397 498 1419 v.
540 1389 808 1429 Theophrastum
844 1389 887 1420 de

191 1438 315 1477 ventis,
344 1439 535 1470 Comment.
563 1439 740 1478 Scaligeri.
785 1439 887 1470 Tales

193 1498 273 1520 vero
293 1488 467 1530 ὑπογραφαὶ
482 1490 562 1521 κατὰ
571 1489 751 1530 μεταφορὰν
768 1489 887 1521 Poetis

193 1543 228 1570 et
244 1539 435 1570 oratoribus
459 1539 745 1580 frequentissimae
773 1544 808 1570 et
832 1539 888 1580 ju-

191 1588 406 1620 cundissimae
416 1593 506 1621 sunt.
529 1589 568 1620 In
581 1594 715 1629 gustum
727 1589 887 1631 quasdam

192 1637 356 1669 dabimus,
412 1638 524 1669 Homo
551 1643 605 1670 est
634 1639 818 1674 Mercurio,
855 1639 888 1669 ἐν

191 1687 289 1719 κλειδὶ
302 1687 368 1720 θεὸς
379 1687 498 1727 θνητὸς,
517 1698 582 1729 quo
597 1688 749 1729 respexit
764 1688 884 1719 Silius:

191 1737 339 1769 ‘tribuit
367 1747 513 1779 namque
541 1737 617 1777 ipsa
639 1738 786 1768 minores
812 1737 886 1768 Hos

194 1786 296 1818 terris
326 1791 448 1818 natura
471 1786 589 1827 Deos,'
611 1795 672 1818 xv.
717 1786 887 1818 Pindarus

195 1837 307 1869 vinum
323 1837 463 1877 ἀμπέλου
476 1839 584 1878 παῖδα,
599 1838 700 1870 Nem.
711 1841 742 1870 9.
764 1837 889 1879 Δάκρυα

193 1887 280 1928 Διὸς,
303 1888 460 1929 pluviam,
477 1887 717 1929 Pythagoraei3
741 1891 779 1918 ut
798 1897 888 1918 mare

194 1936 310 1978 Κρόνου
324 1936 468 1977 δάκρυον,
483 1938 590 1969 Clem.
605 1937 704 1968 AleX.
717 1937 841 1969 Strom.
854 1946 889 1968 v.

193 1986 378 2019 referente.
423 1987 556 2018 Insulas
571 1988 581 2005 ⁴
596 1987 748 2018 naevulos
764 1986 866 2018 maris
878 1986 888 2000 '

194 2035 361 2077 Apuleius
385 2035 470 2067 libro
495 2035 538 2067 de
569 2035 693 2066 mundo
723 2035 885 2067 nominat.

193 2085 329 2126 Appion
346 2085 596 2117 Grammaticus
615 2084 753 2115 Tiberio
769 2085 778 2101 ‘
792 2093 885 2114 mnn-

192 2133 227 2165 di
243 2133 457 2175 cymbalum)
485 2134 689 2165 Plutarchus
704 2138 757 2164 est
773 2134 885 2164 Euna-

194 2185 253 2225 pio
284 2182 405 2221 ἁπάσης
431 2183 618 2223 φιλοσοφίας
645 2182 810 2223 Ἀφροδίτη
839 2183 889 2214 καὶ

195 2232 293 2272 λύραι
318 2233 406 2274 quod
418 2233 540 2265 Junius
552 2232 636 2264 falso
646 2233 689 2263 de
700 2233 889 2274 Porphyrio

198 2282 328 2313 dictum
354 2287 464 2322 putat,
479 2291 555 2313 cum
578 2281 665 2313 hunc
687 2281 891 2320 Βιβλιοθήκην

196 2331 267 2364 τινὰ
295 2330 445 2371 ἔμψυχον,
474 2331 526 2362 καὶ
547 2333 719 2371 περιπαθῶν
740 2333 891 2364 nominet

195 2382 350 2420 μουσεῖον.
393 2381 622 2414 Philostratus
649 2390 691 2413 ex
729 2382 891 2421 Euripide

196 2431 408 2464 Palameden
438 2430 526 2463 οὐδὲν
553 2431 749 2470 ἀλγύνουσαν
780 2432 893 2470 ἀηδόνα

194 2483 324 2521 μουσᾶν,
341 2481 482 2522 Ajacem
493 2481 621 2521 ἄγαλμα
638 2482 788 2524 πολέμου,
804 2483 893 2515 Hec-

138 2546 141 2547 ’
196 2538 306 2566 torem
322 2533 523 2565 Graecorum
538 2534 641 2574 χεῖρα,
653 2533 793 2565 AEneam
809 2535 890 2566 νοῦν.

196 2581 429 2613 Prudentius:
451 2583 460 2599 ‘
474 2584 654 2614 Daemonas
667 2584 778 2615 noctis
791 2585 891 2615 satel-

194 2630 299 2662 lites.5
329 2630 574 2673 Hieronymus,
588 2633 730 2664 Basilius
744 2634 892 2665 Seleuci-

196 2680 299 2719 ensis,
318 2685 354 2712 et
381 2681 641 2722 chrysostomus
672 2683 715 2714 D.
747 2683 890 2715 Paulum

198 2728 362 2770 σάλπιγγα
389 2730 534 2770 μεγάλην
560 2731 756 2772 εὐαγγελίου,
788 2733 892 2765 tubam

194 2780 302 2811 mundi
312 2784 343 2812 et
351 2782 531 2821 Evangelii.
547 2782 809 2814 ItaAthauasius
821 2785 892 2817 dic-

195 2834 250 2860 tus
275 2829 400 2869 μεγάλη
415 2830 553 2871 σάλπιγξ
573 2831 628 2868 τῆς
649 2831 806 2872 ἀληθείας,
822 2834 894 2865 Na·

196 2879 300 2912 zianz.
314 2881 374 2914 Or.
389 2890 467 2913 xxi.
481 2891 515 2924 p.
529 2884 604 2914 381.
614 2883 737 2924 Ep.10.
760 2884 891 2918 Pisidas

940 741 1132 782 Hesperum
1147 741 1271 783 Κήρυκα
1283 741 1403 782 νυκτὸς,
1414 740 1464 773 καὶ
1475 740 1636 782 προφήτην

939 790 1062 832 ἡμέρας.
1118 791 1316 823 Columbam
1356 793 1365 809 ¹
1382 792 1475 832 pacis
1512 792 1634 823 divinae

941 840 1157 881 praeconem,'
1165 841 1400 872 Tertullianus.
1416 841 1524 872 David
1535 842 1639 881 Chry-

941 894 1085 921 sostotno
1106 890 1147 920 ad
1171 890 1264 922 Psal.
1281 893 1353 921 100.
1377 889 1483 931 κιθάρα
1500 891 1636 931 ἔμψυχος

941 938 990 970 καὶ
1006 938 1131 978 λογική.
1168 940 1261 971 Luna
1279 940 1391 970 Plinio
1406 942 1415 957 ‘
1431 940 1545 971 muudi
1569 940 1637 981 spi-

940 987 1048 1020 ritus:
1093 988 1262 1020 Gaudium
1280 990 1327 1020 D.
1342 990 1468 1021 Basilio
1483 989 1637 1031 σκίρτημα

939 1038 997 1075 τῆς
1020 1037 1134 1077 ψυχῆς.
1182 1039 1333 1069 Lactuca
1362 1039 1519 1080 ‘requies
1545 1040 1637 1070 cibo·

941 1086 1039 1126 rum,'
1060 1088 1093 1118 in
1109 1087 1256 1119 Moreto.
1299 1088 1474 1119 Maecenas
1490 1089 1499 1106 ‘
1515 1090 1637 1119 dextra

941 1137 1114 1175 Caesaris,’
1140 1137 1172 1168 in
1190 1137 1309 1177 Elegia
1324 1138 1366 1168 de
1391 1138 1485 1169 obitu
1511 1138 1637 1169 Maece·

940 1187 1040 1217 natis.
1085 1186 1201 1217 Flores
1216 1186 1225 1203 ‘
1238 1186 1408 1226 stipendia
1425 1186 1591 1225 Veneris,’
1604 1187 1637 1217 in

939 1237 1046 1268 Diris.
1078 1236 1201 1267 Scarus
1219 1236 1228 1253 ‘
1243 1236 1419 1267 cerebrum
1433 1236 1553 1275 Jovis,’
1569 1238 1637 1267 En-

941 1289 1008 1319 nio.
1038 1288 1180 1318 Homeri
1206 1288 1285 1319 Ilias
1311 1287 1514 1327 ἀναδυόμενος
1537 1287 1637 1325 ἥλιος,

943 1337 1097 1378 Odyssea
1112 1337 1334 1376 καταδυόμενος
1342 1337 1440 1378 ἥλιος,
1452 1343 1488 1369 ut
1501 1338 1637 1379 quidem

942 1386 1051 1418 innuit
1070 1387 1254 1428 Dionysius
1273 1389 1443 1428 Longinus
1458 1387 1527 1427 περὶ
1547 1387 1638 1428 ὕψους

942 1436 1042 1469 libro.
1066 1438 1149 1468 Tale
1167 1442 1219 1468 est
1237 1438 1319 1468 illud
1344 1439 1495 1478 Dionysii
1512 1437 1554 1468 de
1582 1448 1639 1469 eo·

942 1485 1034 1525 dem,
1057 1495 1133 1517 cum
1158 1487 1251 1517 illum
1269 1492 1369 1518 vocat
1386 1488 1520 1527 κορυφὴν
1543 1486 1639 1518 ἁπάν-

942 1547 1017 1577 των,
1032 1537 1083 1567 καὶ
1100 1535 1230 1574 σκοπὸν,
1254 1538 1285 1576 ἐξ
1306 1535 1401 1578 οὗπερ
1416 1536 1529 1568 πάντες
1543 1537 1638 1568 πότα-

941 1598 1005 1625 μοι,
1021 1585 1072 1617 καὶ
1086 1587 1173 1617 πᾶσα
1196 1584 1340 1617 θάλασσα
1356 1586 1405 1617 καὶ
1421 1588 1536 1627 κρῆναι.
1582 1587 1638 1618 Sic

941 1637 1011 1673 νῆες
1036 1634 1112 1666 ἁλὸς
1139 1635 1238 1675 ἵπποι,
1273 1636 1382 1676 Odys.
1411 1641 1450 1668 Δ.
1486 1635 1639 1676 ἅνθρωπος

941 1688 1062 1730 βραχὺς
1100 1688 1237 1729 οὐρανὸς,
1270 1689 1372 1719 Philo
1408 1687 1476 1729 περὶ
1504 1699 1638 1727 κοσμοπ.

940 1738 1036 1778 λόγος
1045 1738 1184 1778 ἀπαρχαὶ.
1196 1738 1338 1777 διανοίας,
1351 1744 1385 1769 et
1398 1738 1494 1778 λόγος
1505 1739 1639 1778 ἀδελφὸς

942 1787 1086 1824 διανοίας,
1102 1789 1188 1819 libro
1205 1788 1247 1819 de
1275 1789 1404 1819 insidiis
1421 1789 1585 1829 pejorum,
1602 1799 1637 1828 p.

943 1843 1016 1871 126.
1039 1838 1192 1878 ἅνθρωπος
1201 1837 1322 1879 βραχὺς
1343 1837 1471 1877 κόσμος,
1486 1839 1528 1870 de
1543 1840 1637 1878 plau2

943 1895 1007 1922 tar.
1031 1890 1106 1921 Noe'
1123 1899 1155 1930 p.
1172 1892 1246 1922 170.
1259 1889 1371 1929 πάσχα
1389 1889 1565 1925 βασίλισσα
1577 1890 1639 1919 τῶν

943 1940 1062 1981 ἡμερῶν
1076 1938 1184 1979 ἡμέρα,
1201 1939 1360 1971 Nazianz.
1372 1949 1419 1970 or·
1431 1948 1507 1970 xrx.
1522 1949 1553 1980 p.
1563 1941 1639 1970 304.

942 1991 1090 2021 Basilius
1098 1989 1248 2020 Athenas
1260 1989 1353 2026 κενὴν
1363 1988 1525 2031 μακαρίαν,
1536 1989 1641 2020 nomi-

941 2039 1060 2079 nabat,
1072 2044 1109 2070 ut
1126 2044 1179 2070 est
1195 2039 1284 2079 apud
1299 2039 1460 2071 Nazianz.
1474 2044 1561 2070 orat.
1575 2047 1637 2070 xx.

939 2098 1019 2130 pag.
1035 2091 1108 2120 329.
1131 2088 1141 2105 ‘
1154 2088 1370 2129 Ingeniorum
1387 2094 1486 2130 pater
1502 2089 1632 2120 Home-

943 2139 1024 2180 rus‚'
1037 2139 1171 2170 Velleio
1181 2139 1536 2180 Patercul0.'‘Anpa*1-ov
1545 2139 1639 2179 ἂφρο,

945 2188 1038 2226 σύνης
1050 2187 1222 2229 φάρμακον,
1246 2188 1343 2219 Philo
1361 2189 1444 2220 libro
1460 2188 1502 2219 de
1518 2190 1639 2220 tumul.

946 2249 979 2280 p.
994 2242 1070 2271 201.
1094 2240 1147 2270 Ita
1160 2240 1247 2270 libro
1265 2239 1307 2269 de
1320 2239 1530 2271 Abrahamo:
1551 2240 1640 2271 ἐλπὶς

944 2294 995 2320 est
1009 2291 1070 2320 τῶν
1084 2288 1199 2329 ἀρετῶν
1212 2288 1363 2329 πυλωρὸς,
1380 2300 1414 2330 p.
1429 2292 1503 2321 277.
1527 2290 1544 2320 ὁ
1567 2291 1637 2322 νοῦς

944 2338 1098 2378 ἄνθρωπος
1119 2339 1149 2369 ἐν
1170 2339 1325 2379 ἀνθρώπῳ,
1347 2342 1420 2372 334.
1444 2339 1532 2372 ἐλπὶς
1552 2341 1636 2381 χαρὰ

944 2387 1002 2428 πρὸ
1026 2389 1136 2428 χαρᾶς,
1157 2391 1230 2419 724.
1259 2387 1359 2427 φόβος
1389 2388 1474 2427 λύπη
1495 2390 1553 2431 πρὸ
1580 2390 1636 2421 λύ-

945 2450 1015 2476 πης,
1037 2441 1110 2470 728.
1129 2437 1277 2470 ἔκστασις
1293 2439 1385 2471 ὕπνος
1404 2441 1461 2472 τοῦ
1479 2442 1542 2480 νοῦ,
1560 2444 1635 2473 845.

946 2489 1016 2519 vita
1047 2488 1192 2528 privata,
1218 2494 1268 2520 est
1289 2488 1367 2529 πεζὴ
1388 2492 1560 2531 φιλοσοφία
1588 2491 1638 2523 καὶ

945 2536 1028 2569 κάτω
1042 2537 1186 2577 μένουσα,
1211 2539 1320 2579 Epist.
1343 2543 1418 2572 776.
1465 2542 1518 2572 Ita
1534 2541 1637 2574 Alex-

945 2588 1052 2619 ander
1068 2588 1117 2619 M.
1134 2587 1284 2620 Athenas
1302 2591 1495 2624 nominabat
1511 2591 1637 2634 θέατρον

945 2639 1001 2675 τῆς
1027 2638 1121 2669 αὐτοῦ
1143 2638 1320 2680 βασιλείας,
1350 2641 1510 2675 Nazianz.
1538 2644 1636 2683 epist.

947 2690 1021 2719 111.
1037 2688 1093 2719 Sic
1107 2698 1183 2719 rosa
1197 2689 1376 2730 Symposio
1389 2692 1397 2708 ‘
1409 2701 1555 2732 purpura
1572 2698 1639 2724 ter-

947 2737 1018 2777 1·ae‚'
1049 2738 1160 2779 AEnig.
1189 2741 1243 2769 4⁵.
1282 2741 1290 2756 ⁶
1305 2740 1563 2780 Disputationes
1592 2743 1640 2775 fa-

947 2788 1046 2819 mulae
1071 2787 1252 2827 veritatis‚’
1277 2789 1492 2822 Damascene
1508 2792 1591 2833 Log.
1608 2796 1639 2825 l.

947 2838 1102 2870 Historia
1125 2837 1264 2878 ἔμψυχος
1278 2838 1328 2870 καὶ
1343 2839 1515 2881 διαπρύσιος
1534 2843 1636 2883 κῆρυξ.

946 2887 1143 2929 Nicephoro
1181 2887 1346 2929 Gregorae
1374 2897 1398 2920 ι.
1428 2897 1521 2923 recta
1552 2893 1637 2924 ratio
