1889 3194
301 510 834 570 MAGNIFICO‚
905 506 1535 563 NOBILISSIMO,

439 650 839 690 CONSULTISSIMO,
862 649 924 681 ET
948 646 1242 681 DOCTISSIMO
1266 645 1384 678 VIRO

193 767 346 825 DN.
398 765 907 825 FRIDERICO
964 759 1640 833 PRUCKMANNQ

580 902 734 944 JGTO
769 899 1244 951 CELEBERRIMO,

233 1019 596 1052 ILLUSTRISSIMO
623 1021 867 1053 ELECTORI
903 1020 1362 1054 BRANDENBURGICO
1387 1019 1417 1052 A
1440 1020 1602 1052 SECRE-

274 1084 502 1117 TIORIBUS
525 1085 774 1126 CONSILIIS,
796 1083 854 1117 ET
877 1085 1111 1117 MARCHIAE
1133 1084 1487 1124 CANCELLARIO,
1509 1086 1575 1116 &c-

491 1226 751 1269 DOMINO
785 1225 863 1267 ET
895 1224 1182 1267 FAUTORJ
1213 1224 1351 1266 SUO.

192 1360 325 1419 CUM
345 1377 375 1418 J
379 1377 591 1431 osephum
612 1376 822 1418 Iscanum
843 1375 950 1416 meis
970 1375 1177 1416 vindiciis
1192 1375 1465 1430 postliminio
1487 1372 1648 1415 redivi-

192 1456 295 1484 vum
317 1448 361 1486 et
381 1445 511 1498 quasi
531 1442 736 1484 Virbium
756 1443 862 1484 vitae
884 1446 926 1483 et
946 1442 1142 1484 haeredio
1163 1456 1244 1483 suo
1265 1455 1524 1491 assererem,
1533 1441 1648 1494 jam-

191 1523 293 1564 que,
315 1515 363 1552 ut
382 1511 536 1552 saeculi
557 1510 686 1564 hujus
707 1511 901 1551 moribus
924 1510 1079 1563 agitur,
1102 1510 1283 1551 Pindari
1305 1510 1441 1551 ductu
1457 1506 1648 1564 πρόσωπον

191 1577 378 1631 τηλαυγὲς
399 1583 443 1618 et
470 1577 642 1629 insigne
664 1573 940 1618 oculiferium
971 1577 1017 1617 in
1046 1576 1326 1630 frontispicio
1360 1577 1646 1630 anquioerem,

191 1656 279 1684 non
309 1655 426 1697 opus
456 1648 549 1684 erat
577 1644 744 1697 satagei
769 1643 813 1684 in
843 1656 1025 1693 morem,
1049 1649 1129 1684 aut
1148 1644 1282 1684 anxie
1303 1643 1414 1685 illud
1435 1655 1647 1698 quaerere,

193 1715 271 1750 aut
291 1716 451 1764 praeter
470 1711 684 1752 rationem
704 1724 731 1752 a
751 1715 895 1760 sexto,
913 1711 1031 1765 quod
1047 1710 1226 1761 dicitur,
1243 1711 1392 1764 lapide
1407 1722 1646 1752 accersere.

193 1775 473 1818 Occurrebas
505 1777 621 1818 enim
655 1779 816 1827 statim,
854 1778 922 1818 vir
955 1777 1185 1831 magnifice
1215 1778 1258 1818 in
1288 1776 1524 1818 Electorali
1556 1777 1647 1817 ista

193 1842 440 1894 Orchestra,
471 1845 597 1899 cujus
628 1845 891 1885 auctoritate
927 1849 973 1885 et
1010 1845 1158 1885 favore
1180 1857 1268 1898 qua
1301 1850 1539 1894 auctorem,
1561 1856 1649 1897 qua

192 1910 408 1963 meipsum
444 1911 660 1959 roborare,
697 1914 739 1951 et
779 1914 927 1952 contra
967 1911 1121 1952 alienae
1155 1910 1380 1952 industriae
1415 1911 1648 1952 catillones

192 1977 359 2018 munire
380 1990 573 2030 possem.
633 1977 851 2018 Electoris
873 1977 986 2017 enim
1019 1977 1394 2030 Brandenburgici
1416 1978 1648 2019 consilium

193 2055 241 2083 es
263 2047 306 2084 et:
326 2043 569 2097 eloquium,
598 2049 808 2097 tantaque
845 2057 947 2085 curn
978 2043 1190 2096 dignitate
1223 2045 1269 2085 in
1298 2046 1397 2086 luce
1431 2044 1645 2086 Marchiae

194 2110 393 2160 versaris,
413 2115 464 2151 ut
493 2109 701 2164 majorem
728 2110 1046 2164 propemodum
1069 2111 1126 2151 ad
1159 2111 1282 2152 illam
1318 2112 1491 2160 afferas,
1511 2123 1647 2164 quam

194 2176 250 2216 ab
271 2175 349 2216 illa
370 2177 528 2229 capias
548 2190 557 2214 t
589 2181 714 2218 tanta
734 2179 943 2230 aequitate
965 2177 1155 2219 Astraeae
1178 2191 1309 2219 sacra
1326 2178 1438 2228 obis,
1454 2182 1504 2219 ut
1515 2177 1648 2230 justi-

194 2243 302 2283 tium
331 2248 456 2284 tuum
480 2243 696 2297 judicium
717 2256 819 2285 esse
841 2245 1058 2293 videatur,
1081 2249 1139 2294 et,
1164 2245 1281 2297 quod
1305 2245 1409 2285 olim
1431 2244 1485 2284 de
1507 2244 1645 2284 Bruto

195 2309 376 2360 dictum,
394 2310 598 2363 quamvis
614 2309 722 2350 nihil
735 2310 792 2350 ad
813 2310 998 2362 gratiam
1018 2310 1177 2359 facias,
1194 2312 1341 2352 omnia
1360 2316 1506 2352 tamen
1522 2315 1648 2363 grata

191 2375 437 2426 videantur,
460 2389 562 2429 quae
590 2376 716 2418 facis.
776 2376 844 2417 Ea
869 2389 973 2419 vero
1006 2377 1193 2418 eruditio
1215 2382 1293 2418 tua
1322 2382 1403 2427 est,
1427 2390 1559 2431 quam
1581 2382 1648 2418 tot

195 2443 356 2495 ingenii
375 2446 656 2485 monumenta
677 2448 723 2484 et
749 2442 1017 2498 quotidianae
1046 2443 1153 2485 vitae
1177 2443 1442 2485 documenta
1462 2444 1647 2497 loquun-

193 2513 277 2560 tur,
310 2514 360 2552 ut
390 2523 478 2552 non
514 2511 658 2551 solum
692 2510 760 2552 his
792 2511 837 2551 in
871 2522 977 2551 vera
1000 2510 1129 2551 laude
1153 2514 1197 2552 et
1217 2510 1372 2562 gloria,
1403 2511 1493 2552 illis
1527 2510 1647 2565 apud

194 2581 416 2630 posteros,
437 2577 542 2619 dum
563 2590 633 2619 res
654 2578 739 2619 erit
761 2577 972 2628 literaria,
998 2581 1174 2619 aetatem
1200 2577 1263 2619 sis
1284 2578 1471 2629 laturus,
1492 2578 1571 2619 sed
1601 2582 1648 2619 et

192 2644 276 2684 tibi
307 2643 398 2697 ipsi
428 2649 650 2699 superstes
685 2649 861 2699 tuaeque
894 2644 1130 2686 aeternitati
1165 2648 1208 2685 et
1240 2645 1344 2687 vitae
1376 2649 1478 2699 post
1507 2645 1646 2686 vitam

189 2709 284 2763 jam
306 2715 396 2752 tum
417 2711 627 2753 interesse
648 2712 850 2755 videaris,
910 2711 972 2752 Ut
992 2712 1106 2753 enim
1127 2711 1412 2766 plurimarum
1437 2724 1484 2753 es
1500 2712 1647 2754 litera-

282 2786 394 2827 Delph.
407 2791 437 2819 et
456 2788 530 2822 Var.
546 2789 630 2821 Clas.
821 2789 910 2822 Dict.
928 2789 1015 2822 Cret.
1029 2791 1082 2830 ὅγε.
1532 2789 1559 2819 Ζ
