1889 3194
487 335 549 364 DE
583 335 739 364 BELLO
771 334 997 365 TROJANO
1034 334 1127 364 [AB.
1159 334 1189 363 t.

1475 325 1560 366 401

117 426 366 468 Emeruisse
384 426 508 476 velit,
531 431 577 467 ut
595 441 669 480 per
691 432 757 468 tot
776 440 922 480 regna,
944 430 1008 469 tot
1026 428 1174 477 urbes,

116 494 264 535 Exeat
286 505 512 546 aequoreas
533 494 707 535 tandem
728 493 953 546 Trojanus
974 493 1018 533 in
1040 493 1204 534 undas:

116 560 324 613 Dumque
342 559 564 601 indefesso
583 560 763 601 miratur
784 560 996 613 Pergama
1018 560 1117 601 visu

1478 562 1503 602 0¹

1507 561 1562 603 g>

115 626 367 680 Lapsurum
387 626 624 679 suspendit
644 626 737 676 iter,
759 625 1028 679 fluviumque
1050 629 1243 666 moratur

115 692 316 742 Tardior,
337 696 381 732 et
402 696 541 733 totum
563 693 799 745 complecti
817 692 1004 733 destinat
1023 692 1173 732 urbem
1191 705 1200 732 :

117 758 355 811 Sus-pensis
376 758 569 798 infensus
591 758 722 811 aquis
744 757 978 798 violentior
997 757 1136 798 instat

118 823 299 872 Nereus,
320 829 454 877 atque
476 837 646 865 amnem
669 837 828 877 cogens
850 824 1007 877 procul
1028 825 1090 865 ire
1112 825 1337 874 minorem,

117 889 351 930 Proximus
373 890 548 931 accedit
567 891 691 932 urbi:
722 891 984 932 contendere
1006 891 1162 932 credas

1478 894 1563 935 525

117 955 231 1006 Quis
252 958 459 1010 propior:
490 958 555 997 sic
575 957 751 997 alterius
773 958 1042 998 concurritur
1063 957 1208 1007 undis,

116 1021 191 1062 Sic
213 1023 392 1063 crebras
413 1022 571 1063 iterant
592 1035 737 1072 voces,
760 1023 826 1064 sic
841 1023 990 1075 jurgia
1012 1024 1209 1064 miscent.

173 1087 379 1142 Undique
399 1089 556 1130 siderei
578 1090 786 1143 majestas
808 1090 984 1131 conflua
1003 1090 1153 1130 mundi

116 1154 299 1195 Iliacum
318 1156 491 1209 dignata
512 1156 673 1205 solum,
689 1157 810 1210 juga,
833 1159 1013 1206 moenia,
1035 1161 1216 1210 pontum

115 1220 277 1270 Vestit,
296 1225 337 1262 et
358 1222 555 1263 astrifero
577 1223 655 1263 dat
674 1223 962 1275 respiramina
984 1224 1114 1263 collo.

1476 1224 1560 1266 5:30

114 1287 269 1328 Idaeos
293 1287 460 1342 Cybele
482 1290 616 1330 colles
639 1289 762 1337 colit,
782 1289 884 1342 ipsa
903 1290 1104 1341 superbis

116 1353 367 1406 Regnatura
381 1354 517 1408 jugis,
538 1355 735 1408 reliquos
755 1356 852 1404 tibi,
877 1356 1020 1403 Delia,
1043 1356 1187 1397 saltus

117 1420 282 1470 Donat,
303 1425 346 1461 et
368 1421 503 1462 Idaeis
526 1425 683 1473 pensat·
704 1422 931 1462 venatibus
953 1423 1118 1462 orbem.

116 1486 410 1540 Pampineum
430 1492 486 1536 te,
510 1488 701 1536 Bacche,
723 1501 892 1537 nemus,
916 1493 958 1529 te
981 1490 1130 1543 spicea
1148 1491 1281 1542 cingit

116 1553 271 1606 Sylva,
295 1554 446 1604 Ceres,
468 1554 704 1607 Neptunus
726 1568 882 1608 aquas,
903 1556 1081 1597 navalia
1102 1556 1320 1606 Phoebus,

1478 1558 1564 1599 535

117 1616 256 1661 Arces
276 1620 430 1662 Pallas
450 1620 595 1669 habet,
618 1626 664 1662 et
684 1621 863 1662 habetur
884 1621 1072 1663 Pallade
1093 1621 1247 1664 fatum.

771 1730 913 1763 NOTAE

155 1805 219 1834 519
240 1803 339 1834 Exeat
351 1812 510 1844 oequoreas
523 1805 647 1835 tandem
662 1803 814 1843 Trojanus

112 1852 148 1883 in
158 1851 272 1891 undas]
295 1852 446 1883 Similem
467 1852 644 1884 fluviorum
659 1854 813 1885 ambitio-

112 1912 189 1934 nem
215 1902 294 1933 vide
321 1903 353 1933 in
385 1904 532 1934 Mosella
560 1902 701 1935 Ausonii
736 1907 813 1936 353.

111 1955 188 1984 295.
214 1952 404 1993 Sequentia
420 1963 485 1984 non
503 1953 669 1985 abludunt
685 1954 725 1985 ab
747 1954 813 1985 illis

114 2002 306 2041 Claudiani,
318 2002 361 2033 de
376 2006 408 2034 6.
423 2003 525 2035 Cous.
538 2003 695 2040 Honorii,
717 2005 727 2021 ⁴
743 2004 812 2035 Ad-

113 2061 200 2083 vena
215 2052 374 2092 Nereus:
387 2054 453 2083 διο.

156 2103 220 2132 530
236 2101 396 2140 Astrifero
418 2103 473 2132 dut
494 2102 700 2142 respiramina
723 2103 814 2144 collo]

113 2148 280 2189 Atlantis,
296 2150 353 2191 qui
370 2151 497 2181 tibicen
521 2156 557 2182 et
586 2152 719 2183 destina
734 2153 811 2184 coeli

112 2198 273 2240 fingitur:
293 2199 366 2230 vide
379 2199 536 2241 Apollon.
554 2209 594 2231 n.
618 2201 813 2233 Biblothec.

114 2251 188 2281 105.
223 2248 354 2280 Arnob.
382 2258 424 2280 11.
461 2251 470 2267 ‘
489 2249 634 2282 Quando
665 2251 812 2282 siderum

113 2303 238 2339 motus,
249 2303 307 2329 aut
320 2298 404 2329 ratio
413 2303 526 2338 coepta
536 2302 587 2329 est
599 2299 814 2339 genethliaca

113 2349 215 2380 sciri?
249 2349 328 2380 Non
345 2354 422 2389 post
437 2349 588 2380 Tlieutin
608 2350 815 2390 AEgyptium,

114 2403 174 2430 aut
191 2403 267 2439 post
279 2398 468 2438 Atlantem,
481 2402 519 2430 ut
532 2399 666 2439 quidem
684 2397 812 2439 ferunt,

114 2453 335 2490 gestatorem,
358 2449 520 2489 bajulum,
533 2449 811 2480 tibicinemillum

114 2507 155 2528 ae
171 2497 339 2529 destinam
356 2497 454 2529 coeti!
497 2497 613 2529 Simile
638 2498 811 2538 egregium

112 2545 191 2578 hinc
208 2546 372 2578 desumsit
386 2547 506 2579 Claud.
526 2548 579 2578 De
593 2547 684 2579 laud.
703 2547 812 2579 Stilie.

112 2607 140 2628 1.
158 2600 230 2629 143.
253 2597 347 2638 Hyg.
372 2596 441 2629 fab.
457 2600 529 2628 150.
564 2597 574 2615 ⁴
592 2597 736 2636 Atlanti,
755 2597 810 2638 qui

114 2647 184 2678 dux
198 2647 354 2678 Titanum
374 2646 450 2682 fuit,
463 2647 603 2688 Jupiter
618 2648 692 2678 coeli
709 2645 812 2677 forni-

113 2705 187 2728 cem
216 2706 319 2737 super
348 2697 505 2728 humeros
539 2696 717 2736 imposuit:
755 2696 813 2737 qui

114 2745 223 2777 adhuc
234 2746 359 2777 dicitur
370 2747 493 2777 coelum
503 2746 694 2777 sustinere.’
707 2745 809 2778 Hunc

114 2795 220 2827 Clem.
238 2796 336 2827 Alex.
353 2806 378 2827 1.
390 2797 548 2827 stromat.
564 2796 714 2836 Phryga,
726 2797 809 2827 alte-

116 2854 203 2884 rum,
214 2846 271 2886 qui
280 2848 399 2885 πρῶτος
412 2847 486 2877 ναῦν
496 2846 747 2886 ἐναυπηγήσατο,
758 2847 809 2877 Li-

199 2898 313 2938 Delph.
329 2902 361 2930 et
377 2900 449 2930 ναν.
463 2900 552 2930 Clas.

708 2899 795 2931 Dict.
815 2900 900 2931 Cret.
914 2901 967 2939 850.

868 1805 988 1846 bycum
1013 1805 1109 1846 facit,
1133 1816 1165 1846 p.
1190 1809 1264 1837 225.
1307 1806 1468 1846 Ejusdem
1491 1806 1563 1838 fere

867 1856 1048 1886 sententiae
1066 1861 1118 1887 est
1144 1856 1226 1887 illud
1251 1857 1391 1888 Petron.
1416 1856 1564 1889 Arbitri:

867 1904 876 1920 ⁴
894 1905 1005 1936 Sentit
1021 1909 1113 1936 terra
1132 1906 1230 1945 Deos,
1245 1910 1442 1947 mutataque
1454 1906 1566 1937 sidera

868 1954 999 1994 pondus
1034 1956 1233 1987 Quaesivere
1263 1965 1357 1986 suum
1373 1967 1380 1986 :
1419 1964 1564 1998 namque

867 2005 974 2034 omnis
999 2005 1091 2044 regia
1117 2005 1192 2036 coeli
1221 2005 1261 2036 In
1287 2011 1400 2045 partes
1417 2005 1566 2038 deducta

866 2052 955 2085 fuit.'
977 2054 1140 2094 Papinius
1156 2055 1272 2095 etiam,
1287 2057 1296 2073 ‘
1309 2056 1565 2097 proclamatque

868 2104 955 2135 adici
971 2106 1160 2136 cervicibus
1178 2105 1300 2138 Atlas!
1333 2106 1420 2138 Vide
1435 2107 1564 2138 Meurs.

867 2152 985 2186 Critic.
1005 2154 1047 2185 ad
1072 2154 1202 2186 Arnob.
1218 2164 1258 2186 11.
1284 2158 1334 2186 13.
1368 2156 1469 2186 Philo
1485 2164 1564 2187 vero

867 2211 946 2233 vere
963 2203 1050 2234 dixit
1065 2214 1073 2234 :
1092 2203 1180 2234 οὐδὲν
1194 2206 1255 2234 τῶν
1268 2204 1302 2235 ἐν
1317 2203 1405 2235 ὕλαις
1419 2204 1564 2245 κραταιὸν

867 2251 976 2291 οὕτως,
986 2253 1025 2284 ὡς
1035 2252 1091 2284 τὸν
1100 2252 1216 2291 κόσμον
1226 2254 1413 2293 ἀχθοφορεῒν
1424 2253 1564 2294 ἰσχῦσαι.

868 2303 920 2334 De
938 2304 1043 2342 plant.
1061 2306 1133 2334 168.

908 2355 973 2383 536
992 2353 1038 2383 Et
1052 2353 1181 2384 habetur
1197 2353 1326 2384 Pallade
1332 2352 1458 2394 fatum]
1482 2354 1564 2385 Pal-

867 2400 1007 2440 ladium,
1024 2402 1065 2432 de
1079 2411 1144 2441 quo
1159 2401 1234 2432 fuse
1248 2402 1377 2432 Meurs.
1392 2402 1434 2432 ad
1454 2403 1563 2442 Lyco·

866 2450 986 2490 phron.
1003 2460 1077 2490 pag.
1094 2453 1169 2482 110.
1191 2450 1350 2491 Apollod.
1376 2461 1434 2483 111.
1458 2452 1564 2484 Ovid.

866 2508 918 2529 vr.
936 2499 1029 2531 Fast.
1062 2499 1278 2530 Herodianus
1293 2501 1379 2531 coelo
1395 2501 1562 2534 decidisse

867 2547 901 2578 id
918 2548 975 2587 ait,
999 2557 1024 2579 1.
1058 2548 1144 2579 Inde
1169 2548 1320 2589 Phrygio
1342 2559 1423 2589 agro
1450 2551 1563 2583 Pessi-

866 2597 981 2629 nuntis
1007 2607 1141 2630 nomen.
1191 2598 1336 2639 Dionys.
1364 2599 1478 2632 Halic.
1509 2610 1562 2633 vr.

866 2648 1004 2678 Servius
1027 2657 1083 2679 111.
1112 2653 1148 2678 et
1170 2656 1205 2678 v.
1222 2647 1294 2680 AEn.
1310 2648 1510 2686 Pausanias,
1526 2651 1560 2682 in

866 2697 1100 2737 Corinthiacis,
1118 2697 1260 2736 Argivos
1276 2697 1364 2728 illius
1379 2697 1563 2738 ἀγάλματος

863 2748 1109 2787 possessionem
1140 2746 1203 2777 sibi
1238 2755 1413 2787 arrogasse
1443 2749 1559 2782 refert.

862 2799 917 2828 65.
953 2796 1021 2828 Alii
1043 2798 1190 2828 Nautem
1208 2795 1322 2827 AEneae
1336 2797 1461 2829 socium
1478 2799 1559 2830 illud

864 2847 897 2876 in
915 2846 1048 2878 Italiam
1064 2851 1256 2887 asportasse
1272 2847 1400 2880 volunt.
1424 2849 1559 2881 Salvum

1404 2902 1475 2933 2C
