1889 3194
317 322 403 364 612

317 430 386 464 cat,
404 425 532 457 nudare
556 427 782 468 compellitur,
810 432 846 458 et
872 428 904 457 in
931 426 1014 457 duas

318 481 431 515 partes
445 478 632 509 exercitum
649 477 832 519 separare.'
855 478 901 509 Et
916 487 1013 508 mox:

315 530 324 543 ‘
342 526 390 556 sic
407 526 450 557 de
467 527 589 558 dextro
605 538 710 559 cornu
727 538 787 559 suo
804 528 893 558 illius
917 528 1014 558 sinis-

315 581 421 614 trum,
442 581 476 607 et
494 577 536 608 de
553 578 691 608 sinistro
707 587 812 608 cornu
840 587 901 608 suo
926 577 1013 608 illius

315 625 473 656 dextrum
487 626 709 666 aggreditur!

355 675 370 714 ᾗ
387 677 425 705 35
452 676 533 706 Dein
552 676 750 716 Hippothous
767 675 872 716 pylei]
897 675 1011 716 Scrip-

313 730 383 755 tum
411 725 498 755 haud
526 725 627 755 dubie
655 724 732 764 fuit,
750 727 758 742 ‘
774 725 853 755 dein
877 724 1009 764 Hippo-

313 774 409 804 thous
433 779 468 805 et
486 774 634 815 Pyleus.’
662 775 804 816 Pyleum
830 775 918 805 enim
944 784 1009 805 non

315 829 446 863 patrem
474 824 674 864 Hippothoi,
695 824 754 854 sed
782 824 907 854 socium
925 823 1009 855 dun-

311 878 407 904 taxat
430 874 461 904 in
485 873 547 905 hac
571 873 789 914 expeditione
814 872 919 905 fuisse
942 884 1008 905 non

307 923 476 962 ignoravit
494 923 609 964 utique
626 924 817 964 Septimius.
851 923 906 954 Sic
918 924 1008 955 enim

307 973 350 1003 de
374 972 491 1003 iisdem
518 982 575 1005 ιιι.
598 974 607 990 ‘
625 973 664 1004 In
689 974 784 1015 queis
802 973 902 1004 Asius
926 973 1007 1004 Hir·

309 1028 385 1052 taco
409 1023 542 1060 genitus
559 1026 594 1054 et
616 1032 690 1053 cum
715 1023 915 1063 Hippothoe
939 1023 1006 1063 Py-

306 1073 403 1110 leus;
427 1073 459 1103 hi
484 1072 673 1112 Larissaeis,
690 1071 792 1104 Asius
815 1072 913 1104 Sesto
929 1082 1004 1114 reg-

306 1121 451 1153 nantes!

347 1173 481 1202 Acamas
502 1175 532 1203 et
552 1172 659 1208 Piros,
683 1182 723 1203 ex
747 1172 895 1212 Thracia]
918 1172 1002 1213 Arg.

305 1222 314 1237 ‘
334 1221 476 1253 Acamas
493 1221 814 1263 Ame1·ipleripir08.’
853 1224 1002 1255 Mercer.

303 1272 448 1303 Acamas
480 1272 806 1314 Ameriplempiros!
849 1273 1002 1314 Conjicio

302 1321 392 1352 istud
409 1322 614 1363 Ameripleri
630 1333 672 1354 ex
688 1324 862 1364 marginali
880 1324 1002 1355 Glossa

302 1370 498 1403 conflatum.
523 1373 625 1404 Hom.
647 1374 689 1405 Il.
713 1375 748 1408 β.
771 1374 829 1414 (eo
852 1374 940 1405 enim
963 1374 1002 1404 li-

302 1421 363 1451 bro
381 1422 524 1453 Acamas
540 1428 575 1454 et
592 1424 688 1454 Piros
706 1424 857 1455 Homero
875 1433 1000 1455 memo-

301 1475 420 1501 rantur
434 1471 459 1512 :)
474 1472 576 1513 Αὐτὰρ
591 1472 723 1513 Θρήϊκας
733 1472 785 1512 ἧγ’
800 1473 934 1513 Ἀκάμας
948 1473 999 1505 καὶ

301 1521 415 1560 Πείρως
429 1522 515 1562 ἥρως.

342 1572 502 1610 Magistro
526 1582 562 1602 ac
588 1576 775 1613 proeceptore
804 1573 1000 1613 componendi

302 1621 481 1661 Mnestheo]
502 1623 551 1661 Τῷ
566 1622 592 1652 δ’
608 1623 707 1654 οὔπως
721 1635 769 1654 τις
785 1623 888 1661 ὁμοῖος
909 1623 998 1662 ἐπιχ-

299 1671 406 1702 θονίων
425 1671 527 1710 ’γένετ’
548 1672 635 1712 ἀνὴρ,
649 1674 811 1712 Κοσμῆσαι
833 1672 945 1704 ἵππους
961 1684 998 1704 τε

298 1721 348 1752 καὶ
365 1720 473 1761 ἀνέρας
491 1722 688 1755 ἀσπιδιώτας.
706 1724 757 1754 Ex
772 1724 913 1755 Homeri
929 1724 999 1755 elo·

299 1772 353 1810 gio
370 1771 411 1802 ll.
426 1774 461 1806 β.
478 1775 552 1802 553.
568 1781 586 1802 e
602 1782 667 1813 quo
683 1773 744 1813 ipsi
761 1773 909 1804 Homero
926 1775 996 1806 laus

296 1826 407 1860 parta,
424 1826 461 1852 ut
479 1821 582 1851 veluti
601 1822 722 1852 author
744 1832 783 1853 ac
802 1832 923 1862 parens
938 1825 996 1860 τῆς

295 1872 444 1908 τακτικῆς
459 1871 581 1911 θεωρίας
595 1872 786 1904 haberetur.
802 1873 881 1905 Vid.
897 1874 995 1908 AElia-

295 1931 368 1957 nus,
382 1922 477 1952 Tact.
495 1931 519 1953 1.

340 1971 498 2002 Ordinanl
512 1975 615 2003 autem
634 1983 690 2013 per
710 1977 821 2013 gentes
834 1979 927 2014 atque
946 1984 995 2005 re·

290 2021 399 2059 giones
413 2021 567 2062 singulas]
592 2023 709 2054 Caesar
726 2034 789 2055 uno
803 2025 905 2056 verbo
920 2025 993 2056 red-

292 2070 380 2101 didit
402 2071 411 2087 ‘
429 2072 640 2111 generatim!
662 2074 751 2105 Bell.
778 2075 868 2105 Gall.
891 2084 916 2106 1.
941 2078 994 2107 51.

288 2123 296 2137 ‘
319 2121 482 2152 Germani
499 2132 574 2153 suas
586 2124 699 2163 copias
716 2135 734 2156 e
750 2126 871 2156 castris
886 2125 992 2157 edux-

292 2177 394 2202 erunt
431 2174 687 2214 generatimque
730 2176 991 2216 constituerunt,

291 2222 496 2263 paribusque
512 2224 712 2263 intervallis,
724 2225 992 2265 Harudes‚Mar·

289 2273 689 2314 comannos,'rrib0cc0s‚
701 2275 905 2314 Vangiones,
918 2276 989 2307 Ne-

288 2328 410 2362 metes,
443 2323 616 2363 Sedusios,
648 2325 803 2357 Suevos!
845 2326 989 2358 Graecus

290 2371 432 2402 Caesaris
449 2372 638 2412 interpres:
662 2374 742 2405 κατὰ
757 2374 858 2413 φυλάς
870 2387 906 2407 τε
930 2375 988 2407 διέ·

287 2423 384 2460 ταξαν
399 2422 429 2460 ἐξ
453 2422 524 2453 ἴσου
545 2423 705 2460 ἀλλήλων.
749 2426 879 2457 Credas
900 2427 988 2457 Nes-

288 2476 396 2502 torem
413 2471 602 2512 disciplinae
627 2474 723 2515 hujus
741 2476 914 2507 authorem
932 2477 987 2508 ba-

288 2522 422 2553 buisse:
445 2524 539 2564 cujus
563 2524 618 2555 illa
644 2531 722 2557 sunt
745 2527 834 2567 apud
861 2527 986 2559 Home-

287 2582 360 2602 rum
388 2572 430 2604 Il.
451 2577 486 2604 B.
510 2576 580 2605 362.
609 2575 651 2605 ad
678 2576 984 2616 Agamemnonem:

286 2622 368 2660 Kp‘iv'
392 2621 499 2662 ἄνδρας
520 2624 600 2654 κατὰ
621 2625 717 2662 φῦλα,
739 2624 819 2656 κατὰ
838 2625 985 2666 φρήτρας,

282 2670 548 2712 Ἀγάμεμνον,Ὦς
559 2673 679 2715 φρήτρη
691 2674 863 2717 Φρήτρῇφιν
873 2675 984 2717 ἀρήγῃ·

286 2722 371 2760 φῦλα
379 2721 412 2752 δὲ
423 2722 544 2762 φύλοις.
568 2723 604 2754 Εἰ
615 2724 650 2755 δέ
660 2736 714 2755 κεν
727 2725 767 2756 ὣς
782 2724 868 2765 ἔρξης
878 2725 985 2756 καίτοι

284 2771 445 2802 πείθωνται
478 2773 612 2812 Ἀχαιοὶ,
640 2774 743 2815 Γνώσῃ
774 2773 865 2806 ἔπειθ’
895 2776 927 2806 ὅς
958 2776 983 2807 θ’

284 2820 443 2858 ἡγεμόνων
455 2823 558 2857 κακὸς,
574 2823 606 2854 ὅς
621 2824 658 2854 τέ
673 2836 707 2854 νυ
724 2826 822 2864 λαῶν,
833 2825 902 2855 'Ha'
917 2825 982 2856 ὅσκ’

285 2870 396 2901 ἐσθλὸς
409 2870 489 2907 ἔησι,
502 2872 580 2903 κατὰ
596 2872 693 2912 σφέας
708 2874 768 2913 γὰρ
778 2874 982 2914 μαχέσονται.

491 334 632 366 NOTAE
667 335 930 366 VARlORUM
967 335 1016 365 ΙΝ
1055 336 1244 366 ΒΙΟΤΥΜ
1279 334 1591 366 cRE'rENSEM.

1067 426 1194 457 Eadem
1219 427 1285 458 huc
1311 426 1499 458 Germanos
1525 425 1612 457 ratio
1643 423 1761 457 duxit:

1065 485 1188 517 nempe
1202 477 1212 493 ‘
1229 481 1266 507 ut
1281 476 1449 507 discretus
1473 475 1568 507 labor
1590 473 1699 507 fortes
1716 475 1765 516 ig-

1063 535 1233 567 navosque
1271 527 1509 567 distingueret,
1547 530 1649 566 atque
1691 525 1764 566 ipsa

1062 576 1283 607 contentione
1311 576 1444 607 decoris
1471 573 1765 614 accenderentur,’

1061 634 1137 664 quae
1163 625 1273 656 Taciti
1297 625 1469 656 sententia
1494 629 1561 666 est,
1596 624 1686 656 Hist.
1704 633 1762 657 111.

1060 677 1113 705 27.
1135 676 1250 706 Testis
1274 675 1364 707 idem
1377 675 1494 708 Germ.
1511 678 1543 707 7.
1564 675 1574 692 ‘
1591 674 1762 716 Quodque

1061 726 1271 766 praecipuum
1283 725 1495 762 fortitudinis
1504 725 1760 756 incitamentum

1059 781 1125 816 est,
1142 785 1205 807 non
1220 786 1317 807 casus
1333 786 1395 808 nec
1420 775 1561 807 fortuita
1577 775 1758 815 congloba-

1060 825 1108 856 tio
1125 831 1268 857 turmam
1287 831 1344 857 aut
1360 836 1504 858 cuneum
1522 825 1619 866 facit,
1630 824 1691 857 sed
1707 824 1759 856 fa-

1058 875 1157 906 miliae
1174 881 1208 906 et
1224 875 1523 917 propinquitates.'

1101 926 1175 966 §38
1201 926 1376 966 Composile
1406 926 1541 962 Groecz's,
1562 935 1599 957 uc
1622 925 1758 965 singulis

1053 986 1111 1016 per
1131 976 1382 1007 distributionem
1404 976 1534 1017 imperia
1555 977 1666 1007 ducum
1683 985 1756 1007 exe·

1054 1026 1232 1066 quentthus]
1256 1026 1312 1058 Ita
1327 1026 1535 1067 distinguere
1553 1026 1754 1065 visum,cum

1055 1082 1156 1107 antea
1167 1077 1339 1116 ederetur,
1352 1078 1361 1094 ‘
1371 1075 1555 1107 conflixere
1564 1075 1653 1106 acies
1666 1084 1756 1106 com-

1054 1125 1188 1167 positae,
1216 1126 1349 1157 Graecis
1373 1135 1412 1157 ac
1440 1125 1604 1165 siugulis?
1646 1125 1754 1155 Item-

1053 1185 1136 1216 que:
1163 1175 1371 1207 ‘conflixere
1398 1175 1489 1206 acies
1512 1174 1709 1215 compositae
1733 1184 1753 1205 a

1053 1225 1202 1265 Graecis,
1218 1236 1257 1257 ac
1273 1224 1434 1266 singulis,'
1450 1227 1514 1256 &c.
1560 1223 1677 1255 Graeci
1703 1223 1752 1254 ita

1052 1275 1236 1307 conflixere
1252 1281 1289 1307 ut
1301 1276 1490 1317 composite
1502 1284 1617 1306 omnes
1632 1275 1666 1305 in
1679 1274 1754 1305 uni-

1054 1335 1149 1357 versa
1172 1327 1259 1365 acie,
1273 1331 1308 1358 et
1332 1336 1394 1367 per
1419 1324 1693 1357 distributionem
1717 1324 1750 1355 in

1051 1376 1118 1406 suis
1141 1377 1283 1417 quisque
1307 1376 1439 1415 turmis,
1462 1374 1604 1416 imperia
1626 1374 1749 1405 ducum

1051 1433 1315 1468 exequerentur.
1358 1426 1550 1467 Utrumque
1579 1423 1748 1456 τακτικόνε

1049 1476 1116 1507 imo
1131 1478 1193 1507 τῶν
1215 1478 1371 1507 τακτικῶν
1391 1477 1424 1507 in
1447 1476 1496 1506 his
1520 1475 1651 1507 duobus
1675 1474 1748 1506 fere

1049 1536 1188 1558 summa.
1206 1526 1282 1557 Vid.
1299 1526 1456 1567 choph.
1474 1526 1598 1565 Cyrop.
1615 1527 1647 1556 8.

1090 1577 1164 1616 §39
1188 1576 1325 1607 Par-aeos
1359 1576 1456 1606 armis
1491 1578 1584 1615 atque
1619 1573 1747 1614 animis]

1047 1625 1132 1664 Arg.
1149 1625 1158 1642 ‘
1177 1629 1313 1665 paratos
1329 1623 1454 1656 armis!
1501 1623 1612 1654 Animi
1632 1627 1746 1653 tamen

1048 1674 1167 1706 Paridi
1197 1675 1298 1706 etiam
1337 1674 1571 1715 objurgatione
1603 1672 1745 1704 fratrum

1048 1725 1174 1757 redditi
1190 1725 1357 1756 videntur.
1404 1724 1531 1756 Noster
1545 1722 1686 1754 inferius
1701 1723 1745 1754 de

1047 1774 1181 1816 Pyrrho
1197 1784 1248 1806 ιν.
1260 1777 1312 1806 15.
1328 1774 1337 1791 ‘
1349 1774 1594 1815 Myrmidonas,
1609 1780 1745 1814 gentem

1045 1823 1262 1856 fortissimam
1284 1829 1319 1855 et
1336 1824 1496 1864 inclytam
1517 1823 1677 1861 bellandi,
1691 1833 1745 1854 ar-

1045 1874 1107 1905 mis
1135 1879 1235 1915 atque
1261 1874 1380 1905 animis
1397 1872 1598 1905 confirmate
1621 1873 1745 1912 Virgil.

1044 1933 1114 1956 xu.
1134 1924 1209 1956 AEn.
1234 1930 1243 1944 ‘
1261 1924 1332 1955 Olli
1359 1924 1520 1954 sublimes
1547 1923 1647 1953 armis
1673 1923 1743 1954 ani-

1044 1974 1172 2015 misque
1186 1973 1331 2005 refecti.’
1363 1973 1476 2004 Livius
1490 1981 1534 2003 v1.
1548 1974 1601 2004 24.
1623 1973 1632 1990 ‘
1649 1972 1742 2003 Eunt

1044 2025 1192 2065 insignes
1219 2024 1318 2055 armis
1337 2023 1546 2064 animisque‚’
1573 2027 1607 2053 et
1623 2031 1672 2053 vr.
1688 2025 1742 2054 29.

1042 2075 1052 2091 ⁴
1070 2074 1118 2105 At
1142 2079 1179 2105 tu
1195 2073 1303 2105 fretus
1327 2073 1427 2104 armis
1452 2072 1649 2113 animisque,
1663 2081 1741 2103 con-

1043 2125 1158 2156 citatis
1175 2125 1283 2165 equis,
1294 2123 1417 2155 invade
1435 2123 1579 2154 mediam
1596 2122 1727 2153 aciem.'

1085 2175 1158 2214 §41
1197 2175 1340 2214 Utraque
1361 2183 1434 2214 pars
1454 2173 1560 2204 aratui
1584 2172 1742 2211 insistere,

1039 2233 1140 2255 serere
1145 2223 1325 2263 frumenta]
1349 2224 1430 2263 Leg.
1455 2232 1498 2254 ex
1514 2222 1608 2254 Med.
1632 2227 1641 2240 ‘
1659 2222 1739 2254 dein

1039 2285 1154 2306 serere
1171 2273 1362 2306 frumenta.¹

1082 2326 1099 2365 ς
1125 2327 1167 2356 42
1205 2324 1420 2364 Incuriosique
1443 2324 1482 2355 ab
1511 2323 1622 2364 armis]
1659 2324 1735 2355 Liv.

1039 2382 1152 2405 xxxx.
1171 2376 1200 2406 3.
1235 2375 1244 2392 ‘
1263 2373 1430 2405 Omnibus
1455 2374 1548 2415 pacis
1573 2373 1672 2405 modo
1687 2375 1737 2405 iu-

1037 2426 1166 2457 curiose
1195 2425 1388 2466 agentibus,
1411 2434 1534 2466 magna
1559 2425 1674 2457 clades
1697 2426 1736 2457 il-

1036 2476 1132 2508 lata!

1087 2527 1104 2567 ᾧ
1121 2529 1161 2558 43
1184 2527 1232 2558 Ac
1247 2526 1317 2557 dein
1328 2526 1405 2557 mole
1414 2535 1470 2556 sua
1478 2534 1592 2564 urgens
1602 2525 1738 2566 hostem]

1042 2576 1118 2607 Etsi
1149 2578 1325 2617 quicquam
1356 2576 1533 2606 immutare
1560 2574 1623 2605 nisi
1649 2583 1736 2615 prae-

1037 2625 1193 2657 euntibus
1209 2626 1303 2656 libris
1325 2625 1445 2665 religio
1461 2629 1527 2664 est,
1550 2633 1616 2655 non
1635 2624 1733 2664 potui

1037 2680 1149 2706 tamen
1166 2675 1246 2716 quin
1262 2674 1317 2705 hic
1340 2676 1350 2691 ‘
1366 2674 1454 2704 mole
1469 2672 1546 2704 sua’
1562 2673 1618 2704 edi
1633 2682 1732 2704 cura-

1036 2735 1106 2756 rem
1124 2734 1186 2765 pro
1210 2726 1219 2742 ‘
1236 2722 1414 2762 molestia:
1437 2727 1474 2753 ut
1501 2721 1591 2753 edita
1615 2731 1730 2754 manu-

1035 2786 1098 2816 que
1109 2780 1249 2806 exarata
1256 2773 1464 2813 exemplaria
1473 2772 1645 2812 exhibent,
1653 2782 1728 2814 quae

1035 2826 1116 2864 vidi,
1131 2825 1255 2857 omnia.
1294 2824 1341 2855 Ut
1357 2824 1410 2854 hic
1423 2824 1432 2840 ‘
1445 2823 1530 2853 mole
1542 2822 1616 2853 sua’
1637 2823 1728 2854 Hec-

1031 2879 1141 2907 torem
1160 2875 1247 2915 Ajax
1261 2878 1372 2915 urget,
1385 2873 1432 2904 sic
1448 2872 1538 2915 apud
1550 2873 1726 2914 Virgilium
