1889 3194
242 334 326 377 536

762 346 965 378 JOSEPHI
999 345 1167 377 lscANl

241 439 355 480 Mox
377 439 538 493 premit
556 438 874 494 Ascalaphum,
892 440 979 482 ruit
991 439 1066 481 ille
1082 440 1127 481 in
1142 444 1278 493 terga,
1298 453 1379 482 nec
1399 441 1575 485 hastam

240 505 479 559 Expectat,
499 507 704 561 fallitque
727 520 919 556 manum,
939 507 1019 548 sed
1040 507 1241 548 fraxinus
1260 507 1395 549 ictum

240 572 372 614 Sicca
391 573 531 614 redire
551 587 715 627 negans
735 573 911 626 reperit,
933 573 1116 626 figitque
1129 572 1326 626 jugalem

1600 574 1685 616 260

237 639 508 692 Implicitam
528 640 732 681 domino:
755 639 937 680 trahitur
958 640 1248 680 retinentibus
1270 639 1347 680 ille

240 705 532 756 Scansilibus,
547 712 740 760 potoque
765 705 881 759 perit
900 706 944 747 in
965 706 1173 760 sanguine
1193 718 1374 747 mersus.

893 860 1034 893 NOTAE

238 934 376 966 οὐδέποτ’
388 936 474 967 ἔστιν
483 935 665 976 Ἐκφυγέειν
675 936 786 968 ὁπόσοι
799 938 860 976 ’γῆν
870 938 934 968 ε’πι-

236 984 422 1024 φερβόμεθα,
469 987 543 1018 Liv.
574 996 599 1018 1.
623 989 632 1004 ‘
651 986 714 1018 fati
745 987 933 1019 necessitas

236 1035 389 1067 humanis
405 1037 553 1068 consiliis
570 1037 678 1078 rumpi
705 1047 771 1068 non
796 1037 934 1079 potest!

236 1085 392 1116 Phalaris
418 1087 529 1127 Epist.
545 1090 598 1119 37.
620 1086 784 1127 εἱμαρμένη
807 1087 869 1126 οὐχ
885 1087 934 1118 ὑπ’

235 1134 392 1175 ἀνθρώπου
403 1137 622 1175 νομοθετεῖται.
646 1138 817 1169 Pindarus
831 1138 936 1179 Pyth.

235 1186 303 1219 Od.
322 1196 388 1220 Χιῐ.
412 1187 490 1228 τόγε
511 1187 659 1229 μόρσιμον
683 1188 719 1220 οὗ
741 1187 935 1229 πάρφυκτον.

235 1237 508 1278 Theophylactus
521 1240 632 1280 Epist.
648 1242 678 1271 2.
695 1238 826 1276 ἀνόητον
838 1238 934 1270 ὄντως

234 1286 271 1318 τὸ
296 1286 400 1326 ζητεῖν
421 1287 566 1322 ἀδύνατα.
604 1293 614 1307 ‘
637 1289 792 1321 Arduum
816 1289 934 1321 fatalia

234 1337 413 1369 devertere
425 1338 447 1378 3'
468 1339 518 1370 ait
533 1337 650 1370 Aurei.
670 1339 801 1370 Victor.
841 1339 932 1371 Hinc

235 1388 304 1418 θεοῦ
314 1387 369 1423 βία
379 1388 524 1425 Graecis,
533 1389 676 1429 Virgilio
688 1391 697 1407 ‘
711 1389 931 1421 ineluctabile

232 1436 365 1468 fatum!
411 1438 603 1470 Homerus:
627 1439 747 1478 Μοῖραν
776 1439 801 1470 δ’
827 1439 933 1471 οὔτινά.

232 1492 312 1526 φημι
325 1487 523 1527 πεφυγμένον
538 1486 663 1526 ἔμμεναι
676 1488 802 1528 ἀνδρῶν.
843 1490 930 1520 Vide

232 1537 333 1576 plura
344 1542 378 1568 et
391 1538 455 1569 alia
465 1538 505 1568 ab
520 1538 565 1570 H.
577 1538 752 1580 Stephano
766 1544 931 1579 congesta

232 1586 354 1618 Sclied.
371 1596 406 1618 ν.
423 1589 475 1618 13.

275 1638 337 1667 261
365 1637 517 1668 Trahitur
540 1637 746 1669 retinentibus
767 1638 818 1669 ille
833 1638 931 1670 Scan-

232 1685 355 1726 suibus]
386 1687 519 1719 Satisne
545 1692 645 1718 caute
673 1697 734 1728 pro
763 1689 819 1719 illo
844 1699 930 1723 aevo,

233 1745 308 1766 cum
325 1746 361 1767 se
377 1737 464 1767 saltu
481 1737 514 1767 in
531 1746 636 1778 equos
654 1738 836 1769 tollerent?
855 1738 928 1778 πρό-

232 1788 325 1825 ληψις
335 1787 451 1828 itaque
463 1787 596 1827 poetica
609 1787 819 1828 advocanda,
831 1788 888 1819 sed
899 1794 934 1820 et

230 1836 290 1866 illa
309 1842 433 1876 praeter
445 1847 570 1868 morem
587 1840 622 1868 et
635 1838 807 1869 decorum.
825 1839 932 1869 Clem.

232 1886 367 1926 quidem
390 1886 560 1919 Alexand.
587 1897 611 1919 1.
642 1897 675 1928 p.
706 1891 782 1920 225.
808 1889 932 1920 Stroni.

232 1935 357 1967 Persas
374 1936 422 1967 ait
439 1946 573 1968 currum
594 1941 631 1967 et
654 1936 819 1968 ὑποπόδιον
840 1938 932 1969 iuve-

231 1985 341 2025 nisse3
374 1986 433 2017 sed
465 1987 545 2027 quia
572 1987 669 2018 addit
696 1986 817 2024 κλίνην,
851 1988 932 2028 quid

231 2035 325 2070 velit,
339 2036 457 2076 liquet.
479 2035 579 2068 Quod
595 2045 673 2067 vero
685 2037 813 2068 Noster
825 2038 932 2068 ‘scan-

232 2084 318 2124 sile,’
341 2084 488 2116 Budaeus
510 2085 519 2101 ‘
534 2086 699 2126 subjicem
719 2086 931 2127 pedaneum‚’

229 2134 428 2165 Franciscus
465 2135 663 2175 Philelphus
701 2140 710 2154 ‘
731 2136 931 2176 stapedem,’

228 2183 351 2215 Junius
384 2184 583 2224 ‘stabium,’
613 2186 715 2225 vulgo
744 2188 753 2203 ‘
772 2185 931 2225 staffani‚'

228 2238 238 2251 ‘
253 2235 420 2275 staphiam
433 2234 442 2249 ’
459 2241 590 2268 vocant.
635 2237 761 2268 Caelius
779 2238 836 2269 lib.
850 2246 899 2269 xx
907 2247 930 2268 r.

228 2287 281 2316 31.
306 2285 315 2301 ‘
329 2285 554 2317 snbsellares'
568 2296 610 2317 ex
627 2285 815 2327 Avicenna,
838 2288 928 2328 quod

230 2334 364 2375 Magius
382 2335 613 2376 reprehendit.
659 2336 831 2368 Robertus
847 2338 928 2368 Val-

229 2386 337 2415 turius
353 2385 396 2416 de
421 2395 456 2417 re
478 2385 630 2426 militari,
655 2387 664 2404 ‘
680 2385 804 2418 ferrum
833 2396 929 2418 scan-

228 2434 314 2466 sile.'
351 2436 590 2467 Corn.Fronto
606 2446 639 2476 p.
652 2439 727 2468 258.
751 2436 761 2453 ‘
774 2437 930 2471 Pedule,’

230 2484 289 2519 ait,
302 2485 381 2516 ‘sub
397 2485 541 2525 pedibus
556 2490 699 2526 praestat
711 2486 897 2518 utilitatem
910 2486 931 2518 :'

229 2534 319 2573 quod
343 2535 478 2575 Magius
508 2534 642 2576 (nescio
673 2546 714 2566 an
746 2536 859 2577 recte)
887 2536 928 2568 ad

229 2582 384 2615 fasciolas
422 2586 572 2616 crurales
609 2585 784 2617 transfert.
837 2586 928 2617 Vide

229 2634 371 2665 eundem
389 2633 430 2665 de
447 2634 647 2671 scansilibus
672 2635 803 2675 prolixe
825 2645 927 2675 agen-

228 2688 294 2713 tem
312 2693 350 2715 n.
363 2687 415 2716 14.
428 2685 485 2725 qui
503 2684 759 2725 inscriptionem
778 2693 925 2717 veterem

230 2732 343 2773 affert,
368 2734 400 2764 in
428 2744 495 2775 qua
519 2738 592 2765 est:
631 2739 640 2753 ‘
658 2745 738 2766 casu
765 2735 925 2767 desiliens

229 2782 518 2823 peshaesitstapiae
531 2788 659 2815 tractus
671 2784 808 2816 interii.’
829 2784 926 2815 Idem

229 2831 438 2871 Hieronymo
462 2833 595 2864 illorum
622 2834 829 2865 mentionem
856 2833 927 2865 fac-

230 2883 298 2909 tam
322 2881 408 2920 vult,
435 2886 471 2912 et
497 2882 670 2913 nominata
694 2885 704 2900 ‘
720 2881 928 2923 bistapiam,'

989 936 1045 967 ubi
1062 935 1248 968 Marcellus
1262 937 1422 968 Donatus
1436 935 1521 976 legit
1542 935 1690 976 ‘bistap·

989 985 1113 1023 triam‚’
1136 986 1169 1017 in
1186 985 1378 1017 Comment.
1395 986 1436 1017 ad
1462 986 1556 1017 Suet.
1572 995 1604 1025 p.
1617 987 1692 1016 597.

989 1036 1125 1067 Videsis
1148 1047 1282 1078 quoque
1304 1037 1520 1068 Tor-rentium
1536 1036 1578 1067 ad
1601 1036 1691 1067 Cali-

988 1087 1099 1125 gulam
1115 1087 1269 1118 Suetonii
1287 1097 1321 1127 p.
1338 1089 1432 1118 1430.
1458 1086 1692 1126 chrysostomi

990 1137 1082 1168 locus
1101 1142 1152 1168 est
1169 1137 1202 1167 in
1219 1139 1271 1168 16.
1287 1141 1392 1176 capnt
1403 1135 1570 1167 Actorum
1582 1133 1693 1175 Apos-

990 1189 1051 1220 tol.
1064 1188 1193 1220 Homil.
1210 1191 1264 1220 34.
1285 1199 1319 1229 p.
1331 1187 1472 1220 687.ubi
1483 1196 1559 1218 cum
1576 1187 1618 1218 de
1633 1187 1692 1218 do·

990 1239 1121 1270 mandis
1136 1239 1231 1280 equis
1246 1239 1389 1269 dlxisset
1402 1238 1435 1268 in
1452 1235 1610 1273 ἀποδόσει,
1622 1236 1692 1275 ait;

987 1290 1043 1326 τῆς
1057 1287 1090 1319 δὲ
1111 1290 1214 1329 ψυχῆς
1239 1288 1361 1319 ἄτακτα
1383 1285 1570 1326 βαδιζούσης
1591 1285 1692 1318 οὖδεὶς

987 1339 1191 1379 ἐπιμελεῖται,
1213 1338 1299 1370 ἀλλὰ
1314 1338 1364 1369 καὶ
1378 1338 1463 1379 πηδᾷ
1478 1336 1528 1368 καὶ
1543 1335 1690 1376 λακτίζει

986 1388 1037 1420 καὶ
1056 1388 1182 1429 σύρεται
1204 1388 1304 1429 χαμαὶ
1326 1388 1463 1428 καθάπερ
1485 1386 1617 1426 παιδίον,
1638 1385 1690 1418 καὶ

986 1439 1163 1478 ἀσχημονεῖ
1173 1438 1277 1479 μυρία,
1289 1438 1339 1469 καὶ
1353 1437 1451 1468 οὐδεὶς
1463 1436 1546 1478 aim-25⁸
1556 1435 1691 1476 ψαλίδας

985 1489 1188 1530 περιτίθησιν,
1211 1489 1281 1521 οὐδὲ
1302 1488 1515 1529 ποδόστροφα,
1538 1486 1609 1519 οὐδὲ
1628 1498 1690 1528 χα-

984 1540 1100 1581 λινοὺς,
1123 1539 1193 1571 οὐδὲ
1209 1538 1374 1579 ἐπικαθίζει
1393 1539 1450 1570 τὸν
1465 1538 1608 1579 ἔμπειρον
1623 1538 1687 1570 ἐπι-

984 1589 1099 1631 βάτην,
1121 1590 1177 1621 τὸν
1201 1589 1339 1630 Χριστὸν
1361 1589 1458 1628 λέγω.
1505 1590 1630 1620 Pollux
1651 1594 1688 1621 et

986 1640 1178 1679 Hesychius
1207 1639 1338 1679 ψαλίδας
1364 1643 1576 1680 exponentes
1605 1639 1687 1671 nihil

985 1689 1126 1728 liabent,
1157 1688 1248 1728 quod
1283 1689 1360 1719 huic
1391 1689 1465 1720 loco
1495 1689 1689 1729 conveniat,

985 1737 1066 1768 nihil
1082 1737 1125 1768 de
1141 1736 1376 1777 ποδοστρόφοις,
1400 1738 1464 1769 nisi
1481 1738 1555 1779 quis
1571 1739 1689 1769 ποδοσ-

986 1785 1105 1826 τράβας
1121 1788 1226 1828 legat,
1250 1788 1339 1828 quod
1360 1793 1472 1818 tamen
1490 1788 1566 1828 ipsa
1585 1788 1689 1828 signi-

987 1837 1149 1869 ficatione
1165 1839 1311 1870 alienum
1328 1839 1370 1870 ab
1387 1839 1450 1870 hoc
1471 1840 1559 1870 loco.
1603 1839 1687 1870 For-

988 1897 1047 1918 san
1077 1894 1171 1919 recte
1196 1889 1238 1919 de
1266 1889 1467 1920 scansilibus
1495 1889 1687 1929 intelligen-

987 1936 1064 1967 dum
1082 1937 1170 1968 erit:
1197 1947 1334 1977 quorum
1352 1947 1429 1969 usus
1445 1947 1512 1968 non
1529 1937 1615 1969 adeo
1629 1947 1686 1968 no-

987 1987 1102 2026 vitius,
1124 1994 1161 2017 ut
1185 1997 1226 2018 ex
1254 1988 1459 2029 Hieronymi
1475 1989 1561 2029 loco,
1585 1994 1621 2020 et
1638 1990 1686 2020 in-

986 2037 1172 2076 scriptione
1187 2038 1307 2076 veteri,
1320 2048 1419 2079 quam
1436 2039 1520 2070 citat
1538 2039 1686 2080 Magius,

986 2085 1167 2117 evincitur.
1213 2087 1283 2117 Leo
1306 2087 1499 2127 Imperator
1522 2087 1556 2118 in
1571 2089 1685 2119 Tacti-

985 2136 1034 2166 cis
1059 2145 1108 2167 vr.
1124 2145 1157 2176 p.
1170 2138 1224 2167 57.
1240 2141 1359 2176 aperte
1383 2135 1426 2168 εἷς
1447 2136 1552 2169 δὲτὰς
1566 2136 1686 2169 σέλλας

984 2186 1037 2216 δύο
1053 2185 1174 2217 σκάλας
1189 2187 1316 2226 σιδηρᾶς
1328 2187 1493 2218 nominat.
1521 2187 1563 2218 In
1578 2188 1687 2219 veteri

983 2235 1209 2275 inscriptione
1237 2236 1327 2275 apud
1360 2235 1605 2275 Camerarium,
1632 2239 1686 2268 21.

983 2285 992 2302 ‘
1006 2285 1260 2325 suppedaneum
1276 2285 1285 2298 '
1308 2285 1514 2317 nominatur.
1558 2285 1627 2317 Alii
1643 2286 1686 2317 ad

983 2334 1201 2366 Constantini
1229 2334 1347 2374 Magni
1373 2339 1510 2365 aetatem
1527 2336 1685 2367 sellarum

983 2382 1077 2414 initia
1093 2383 1256 2424 referunt,
1270 2384 1370 2424 idque
1379 2383 1513 2414 Zonara
1526 2390 1684 2416 auctore:

985 2443 1051 2474 qua
1067 2433 1108 2465 de
1126 2443 1162 2465 re
1179 2434 1357 2465 Piccartus
1374 2434 1416 2465 ad
1440 2443 1489 2465 ιν.
1508 2438 1558 2466 13.
1581 2436 1686 2467 Polit.

985 2484 1093 2515 Arist.
1136 2485 1243 2515 Erant
1261 2484 1364 2515 etiam
1390 2484 1425 2515 in
1449 2483 1578 2515 familia
1603 2495 1685 2525 qna-

983 2534 1134 2574 drigaria
1148 2534 1306 2565 Sellarii:
1332 2544 1398 2574 qua
1413 2534 1457 2565 de
1472 2543 1507 2564 re
1522 2533 1593 2566 Jul.
1609 2535 1684 2566 Cae-

983 2593 1036 2615 sar
1066 2584 1280 2624 Bulengerus
1306 2584 1393 2615 libro
1419 2583 1462 2614 de
1491 2582 1604 2623 Circo,
1629 2586 1684 2615 43.

985 2633 1203 2664 Casaubonus
1217 2633 1355 2664 doctiss.
1371 2632 1412 2663 ad
1436 2641 1488 2663 vr.
1514 2631 1684 2673 Athenai,

983 2686 1034 2715 16.
1050 2683 1159 2714 simile
1175 2683 1255 2724 quid
1273 2683 1304 2713 in
1318 2681 1550 2713 climacidibus
1573 2686 1686 2721 notat,

981 2733 1102 2775 quibus
1116 2733 1333 2764 sublevarant
1348 2740 1424 2761 suos
1439 2741 1445 2759 τ
1463 2729 1600 2768 κλίμακα
1610 2743 1682 2762 κατ.

980 2782 1202 2823 εσκευάζοντες
1225 2782 1257 2820 ἐξ
1279 2781 1403 2812 ἑαυτῶν.
1439 2784 1447 2797 ‘
1461 2781 1683 2820 Eustathius,’

981 2833 1091 2873 inquit
1122 2831 1354 2868 casaubonus,
1385 2828 1396 2846 ‘
1417 2838 1492 2860 cum
1524 2829 1682 2862 Athenaei

981 2882 1086 2913 verba
1107 2882 1148 2912 de
1173 2878 1406 2911 climacidibus
1429 2878 1683 2919 descripsisset,
