1889 3194
430 504 489 577 J
499 500 965 579 OSEPHI
1046 498 1480 574 ISCANI

582 690 685 740 DE
720 688 955 739 BELLO
991 687 1333 737 TROJANO

823 842 1018 885 LIBER
1064 843 1102 884 I.

774 1149 1143 1181 ARGUMENTUM.

355 1236 554 1277 Protinus
570 1235 613 1276 in
631 1233 798 1276 Colchos
813 1233 971 1288 primus
993 1233 1096 1274 liber
1115 1234 1272 1288 expedit
1294 1248 1410 1275 arma

352 1303 704 1359 Argonautarum,
725 1301 892 1355 rapiunt
913 1300 985 1356 qui
1006 1300 1165 1342 velleris
1184 1315 1331 1341 aurum
1345 1316 1357 1340 .-

353 1368 412 1409 Et
420 1375 552 1424 parat
572 1367 763 1410 AEsonidi
783 1367 968 1409 redeunti
982 1366 1167 1422 prandia
1185 1366 1317 1408 lauta.

354 1435 572 1477 Excidium
598 1435 636 1476 T
634 1437 729 1492 rqjce
743 1435 815 1476 sub
840 1433 1115 1475 Laomedonte
1134 1434 1302 1484 videbis,

355 1502 458 1545 Inde
484 1510 636 1544 statum
657 1510 695 1544 et
703 1501 894 1558 formam
911 1501 1107 1558 graphice
1128 1502 1338 1557 depingier
1357 1501 1482 1543 urbis.

892 1621 1037 1654 NOTAE

281 1684 442 1717 Trecenti
465 1688 593 1726 praeter
616 1689 759 1726 propter
783 1689 938 1717 auctores

241 1745 390 1776 pugnam
407 1735 668 1770 Marathoniam,
681 1739 719 1766 ut
733 1735 937 1766 Plutarchus

240 1790 351 1824 notat,
366 1784 473 1815 literis
487 1785 707 1824 mandarunt3
731 1785 847 1826 plures
868 1783 937 1816 for-

242 1839 345 1875 tasse,
361 1834 484 1865 bellum
501 1834 700 1875 Trojanum,
722 1844 806 1875 quos
832 1834 938 1865 maxi-

240 1895 328 1916 mam
351 1889 485 1925 partem
507 1889 698 1925 temporum
717 1884 837 1924 injuria
861 1884 938 1915 sub·

241 1935 352 1966 duxit.
384 1934 475 1966 Ante
492 1939 622 1975 patrem
637 1935 850 1974 ingeniorum
868 1933 939 1965 Ho-

242 1994 372 2016 merum
389 1985 424 2015 id
447 1989 591 2025 egerunt
613 1983 827 2022 Palamedes,
849 1983 939 2014 Phe-

241 2034 341 2073 mius,
366 2034 597 2074 Demodocus,
626 2034 767 2065 Polemo
796 2033 940 2069 Iliensis,

242 2082 374 2114 Acatus
405 2082 566 2123 Argivus,
594 2083 753 2118 Corinna,
778 2082 940 2123 Syagrus,

243 2142 385 2173 quorum
410 2132 607 2168 Athenaeus,
628 2132 787 2167 AEHanus,
811 2133 940 2164 Pausa-

243 2183 330 2221 nias,
359 2181 478 2213 Suidas
503 2182 697 2213 meminere.
754 2182 940 2214 Homerum

244 2232 353 2263 secuti
377 2237 457 2263 sunt
481 2232 642 2271 Lesclies,
666 2232 802 2272 Pigres,
828 2231 941 2264 Idaeus

244 2281 407 2320 Rhodius,
434 2281 612 2312 Timoleon
649 2281 847 2321 Larissaeus,
877 2282 940 2313 Ce-

242 2331 344 2371 phale
375 2330 585 2371 Gargitliius,
610 2331 821 2370 Hellanicus,
842 2332 941 2362 Tzet-

244 2392 311 2416 zes,
329 2382 483 2419 Coimus,
499 2382 687 2413 Manasses.
719 2382 940 2422 Segmentum

243 2431 411 2471 quoddam
431 2435 466 2461 et
490 2436 621 2471 partem
645 2431 735 2463 illius
751 2431 942 2471 AEoehylus,

243 2482 440 2521 Sophocles,
454 2481 648 2522 Euripides,
665 2482 842 2520 coluthus,
857 2483 941 2523 Try-

245 2530 449 2569 pliiodorus;
471 2540 513 2561 ex
531 2530 659 2561 Latinis
676 2531 816 2570 Ennius,
832 2531 941 2572 Virgi-

245 2580 323 2619 lius,
339 2580 495 2619 Ovidius,
508 2580 688 2620 Papinius,
710 2581 844 2612 Seneca
860 2582 940 2612 Tra-

245 2630 339 2667 gicus
355 2629 558 2660 delibarunt.
601 2630 713 2661 Taceo
729 2630 883 2662 Petronii
905 2636 941 2663 et

248 2680 395 2711 Neronis
404 2680 538 2710 Troica.
555 2680 619 2711 Cui
632 2690 695 2712 non
709 2681 813 2721 Troja
823 2682 942 2713 labor?

248 2729 469 2760 Proverbium
487 2729 564 2759 inde
589 2734 705 2760 natum
725 2733 942 2770 puto,Tpo?av

246 2780 341 2811 ἑλεῖν.
376 2780 537 2810 Daretem
562 2780 741 2818 Phrygium
759 2786 794 2811 et
811 2782 941 2822 Dictyn

247 2830 445 2861 Cretensem
461 2833 539 2859 sunt
554 2829 608 2869 qui
627 2829 692 2859 illis
708 2837 941 2862 annumerant.

991 1690 999 1703 ‘
1017 1684 1170 1718 Joannes
1199 1683 1369 1722 Tzetzes‚’
1400 1683 1508 1725 iuquit
1525 1683 1687 1716 Nicolaus

991 1734 1130 1766 Loensis
1140 1737 1265 1766 v11.24.
1278 1739 1288 1753 ‘
1301 1735 1424 1775 Dictys
1434 1734 1605 1766 Cretensis
1620 1740 1690 1767 tes-

993 1785 1133 1818 timonio
1161 1785 1282 1821 utitur,
1307 1785 1467 1826 illumque
1491 1794 1553 1816 sua
1583 1789 1688 1817 aetate

994 1835 1117 1867 Graece
1133 1834 1368 1867 circumlatum
1384 1834 1503 1866 scribit
1516 1834 1539 1866 τ’
1556 1835 1689 1867 Merce-

993 1894 1049 1916 rus
1062 1884 1214 1926 ejusdem
1225 1884 1447 1925 interpretem
1459 1884 1574 1925 probae
1586 1890 1622 1917 et
1635 1895 1691 1917 ve-

993 1934 1075 1966 teris
1092 1938 1181 1965 notae
1197 1938 1306 1974 putat.
1358 1934 1615 1974 Volaterranum,
1632 1933 1691 1965 Al·

994 1983 1057 2015 dus
1087 1983 1275 2023 Manutius,
1313 1983 1478 2024 BodinuS,
1503 1984 1691 2016 Marcellus

993 2034 1151 2065 Donatus
1163 2038 1344 2074 utrumque
1356 2038 1553 2074 agnoscunt.
1600 2035 1692 2066 Her-

994 2084 1086 2115 cules
1099 2082 1260 2114 Ciofanus
1276 2083 1318 2115 ad
1333 2083 1435 2116 Ovid.
1451 2084 1592 2115 Metam.
1603 2093 1690 2116 xiix.

996 2133 1119 2164 Dareti
1142 2133 1210 2165 ista
1226 2133 1422 2174 abjudicat:
1445 2137 1541 2165 recte
1567 2132 1692 2165 σύκινον

995 2182 1083 2214 illius
1091 2180 1247 2221 ἐνθύμημα
1256 2181 1379 2214 ἄσκοπα
1391 2181 1506 2222 τοξεύει
1516 2194 1524 2215 :
1539 2183 1630 2225 quia,
1641 2184 1692 2215 in·

996 2232 1083 2274 quit,
1098 2233 1206 2264 multa
1229 2233 1264 2264 in
1280 2233 1321 2264 iis
1337 2233 1508 2274 leguntur,
1534 2243 1610 2275 quae
1638 2243 1692 2265 re-

994 2288 1147 2324 pugnant
1161 2283 1322 2315 veritati:
1346 2293 1409 2315 nec
1425 2283 1541 2324 itaque
1564 2282 1692 2315 Home-

995 2343 1051 2364 rus
1067 2332 1191 2364 Iliados
1208 2337 1244 2364 et
1260 2332 1428 2373 Odysseae
1442 2337 1570 2368 auctor,
1588 2332 1691 2372 siqui-

995 2382 1072 2414 dem
1090 2382 1138 2414 ita
1154 2382 1354 2423 colligimus.
1396 2382 1472 2414 Joh.
1499 2382 1610 2413 Maria
1628 2382 1693 2413 Ca-

995 2436 1138 2471 tanaeuS,
1152 2432 1218 2463 ista
1233 2441 1308 2472 quae
1325 2431 1462 2462 Daretis
1478 2431 1612 2461 nomine
1627 2431 1691 2462 cir-

995 2481 1243 2518 cumferuntur,
1275 2481 1446 2521 Nepotem
1472 2480 1567 2511 illum
1607 2481 1693 2512 Cor-

994 2532 1132 2568 nelium,
1153 2531 1209 2572 qui
1230 2530 1334 2562 vitam
1360 2529 1466 2561 Attici
1495 2528 1692 2571 descripsit,

996 2582 1095 2613 Latio
1108 2581 1252 2612 donasse
1264 2583 1380 2620 putat:
1406 2588 1520 2610 verum
1531 2579 1610 2619 jure
1622 2589 1693 2610 me-

995 2632 1063 2663 rito
1087 2630 1226 2662 illustris
1247 2629 1413 2669 Josephus
1443 2628 1592 2668 Scaliger
1616 2627 1691 2659 ἄπο-

994 2682 1142 2720 βολιμαῖα
1157 2680 1275 2711 isthaec
1292 2683 1421 2717 censet,
1437 2679 1494 2719 qui
1518 2678 1676 2718 subscrip

996 2736 1104 2763 torem
1120 2730 1222 2762 habet
1235 2728 1455 2760 Possevinum
1471 2728 1633 2762 Bibliotli.
1649 2738 1691 2762 ιι.

995 2784 1025 2813 4.
1044 2783 1094 2812 16.
