1889 3194
228 275 313 316 362
784 289 850 319 AD
888 289 1165 320 LECTOREM.

827 455 953 497 Idem
982 456 1080 497 457,

285 542 456 584 Latinis
490 542 720 597 vigornia,
741 557 831 598 quo
853 545 1026 586 nomine
1045 545 1227 598 primus,
1247 545 1366 599 quod
1396 547 1548 596 sciam,
1568 559 1676 587 usus

229 614 301 650 est
328 609 358 650 J
363 611 554 664 osephus
589 611 794 661 Iscanus,
829 613 908 666 qui
944 612 1141 654 Cornelii
1170 611 1362 666 Nepotis
1392 614 1564 655 nomine
1594 614 1678 654 cir-

229 676 477 727 cumfertur,
499 678 544 718 in
565 677 634 718 his
655 678 711 719 ad
743 678 995 720 Hubertum
1028 678 1387 720 Cantuariensem
1426 679 1678 733 Archiprae-

228 743 366 784 sulem
386 745 584 785 versibus
603 757 613 785 τ

342 811 394 851 In
414 824 637 851 numerum
651 811 746 864 jam
768 812 927 853 crescit
946 812 1109 854 honor:
1136 816 1179 854 te
1197 813 1326 855 tertia
1346 814 1494 867 poscit

342 877 530 927 Insula,a
552 877 647 931 jam
668 878 859 918 meminit
879 878 1111 931 Vigornia‚
1133 879 1293 920 Cantia
1313 880 1462 930 discit,

342 942 573 984 Romanus
592 943 828 984 meditatur
848 957 978 998 apex,
998 949 1043 985 et
1062 946 1272 999 naufraga
1293 946 1415 987 Petri

340 1009 584 1050 Ductorum
605 1010 651 1050 in
668 1010 827 1052 mediis
848 1016 1058 1065 expectat
1076 1014 1235 1067 cymba
1254 1014 1471 1066 procellis.

455 1150 662 1205 Raphael
683 1150 1000 1194 Volaterranus
1022 1153 1068 1194 in
1089 1152 1449 1208 Anthropologia.

284 1248 428 1290 Dares
466 1247 686 1299 Phrygius
724 1247 965 1289 historicus
1012 1248 1194 1301 scripsit
1233 1249 1397 1290 bellurn
1437 1248 1677 1302 Trojanum

227 1316 398 1365 Graece,
419 1316 464 1356 in
485 1327 574 1368 quo
605 1316 702 1368 ipse
735 1316 953 1365 militavit,
986 1319 1034 1356 ut
1063 1317 1124 1357 ait
1154 1315 1371 1366 Isidorus,
1402 1316 1568 1369 primus
1587 1315 1676 1356 fere

225 1383 543 1431 historicorum,
578 1382 654 1435 qui
689 1382 865 1423 tandem
903 1387 1038 1436 capto
1073 1382 1162 1423 Ilio
1193 1396 1292 1424 cum
1324 1382 1564 1423 Antenoris
1584 1381 1677 1423 sac-

225 1449 343 1489 tione
364 1449 587 1499 remansit,
621 1449 776 1490 scribit
799 1449 1029 1490 Cornelius
1052 1449 1227 1504 Nepos,
1249 1450 1324 1503 qui
1347 1462 1460 1503 opus
1477 1449 1573 1502 ejus
1595 1461 1676 1490 sex

226 1515 349 1556 libris
363 1514 379 1537 ¹³
400 1528 424 1556 e
444 1514 606 1557 Graeco
621 1517 849 1566 convertit,
871 1516 1121 1570 dicavitque
1144 1517 1306 1570 Crispo
1328 1516 1548 1558 Sallustio.

522 1666 795 1708 Possevinus
824 1665 1116 1708 Bibliothecae
1151 1677 1277 1707 xvii.
1308 1666 1380 1708 29.

285 1765 464 1806 Daretis
498 1765 678 1820 Phrygii
700 1765 754 1807 de
787 1766 904 1808 bello
931 1766 1129 1820 Trojano
1162 1766 1263 1807 libri
1294 1765 1490 1807 feruntur
1519 1777 1547 1806 a
1567 1765 1677 1807 Cor-

226 1832 342 1873 nelio
365 1833 545 1886 Nepote
566 1833 728 1874 Latino
751 1833 942 1874 carmine
969 1833 1166 1874 Heroico
1187 1832 1351 1882 donati,
1378 1832 1454 1873 sed
1474 1832 1677 1885 quisquis

226 1898 298 1939 ille
318 1898 463 1948 fuerit,
484 1911 635 1940 versus
654 1912 745 1940 non
763 1899 965 1940 videntur
985 1899 1138 1952 inepti.

284 1964 496 2006 Claudius
517 1966 750 2019 Dasquius
780 1965 837 2006 ad
869 1966 1111 2006 orationem
1132 1964 1291 2006 Basilii
1313 1964 1602 2005 Seleuciensis
1621 1965 1677 2006 de

228 2032 344 2079 Elia,
366 2033 681 2073 commentario
703 2032 760 2072 ad
779 2033 864 2073 ista
884 2033 1018 2073 verba
1035 2046 1044 2073 :
1066 2029 1348 2083 μανθανέτωσαν
1366 2034 1437 2071 τῶν
1457 2029 1604 2087 ὄμβρων
1616 2033 1677 2072 τὸν

224 2098 391 2153 χορηγὸν
419 2097 591 2153 ἀβροχία
621 2095 894 2149 πληττόμενοιε
927 2098 1117 2148 Elatum,
1150 2098 1306 2152 inquit,
1338 2098 1396 2139 ad
1426 2099 1677 2153 exemplum

227 2178 438 2219 perquam
472 2165 685 2218 ingeniosi
721 2164 906 2207 Poetae:
952 2165 1215 2207 Nimborum
1247 2165 1456 2219 pincerna
1487 2165 1635 2207 Notus
1663 2178 1676 2208 ε

227 2245 329 2286 quae
351 2237 452 2273 sunt
472 2233 607 2274 verba
626 2232 812 2286 Josephi
834 2232 983 2274 Iscani
1007 2244 1070 2273 ιν.
1091 2232 1190 2274 294.

256 2382 485 2425 Conradus
503 2383 830 2426 Rittershusius
850 2384 894 2426 in
911 2385 1230 2427 commentario
1248 2385 1303 2426 ad
1320 2383 1536 2426 Guntheri
1561 2394 1589 2423 i.
1603 2383 1645 2423 4.

285 2481 336 2522 In
355 2482 438 2523 hac
458 2483 680 2524 sententia
711 2482 897 2525 delicias
927 2483 1032 2525 facit
1065 2482 1156 2533 ille,
1186 2482 1386 2536 quisquis
1417 2485 1499 2530 est,
1526 2481 1676 2534 quide

228 2548 347 2588 bello
368 2548 560 2602 Trojano
581 2550 757 2604 scripsit
777 2549 952 2604 poema,
975 2551 1058 2591 sub
1079 2550 1253 2590 nomine
1266 2547 1458 2588 Cornelii
1481 2547 1675 2601 Nepotis

229 2613 340 2653 falso
362 2627 411 2654 se
430 2615 678 2667 venditans,
700 2629 799 2657 cum
820 2617 878 2657 sit
892 2617 1016 2669 longe
1033 2616 1261 2670 posterior.
1300 2616 1312 2635 ‘
1326 2612 1579 2655 Canescant
1599 2614 1673 2656 alii

230 2679 405 2728 mento,'
425 2681 504 2720 διο.
563 2682 730 2723 Versus
747 2683 883 2723 habes
904 2684 1027 2724 initio
1045 2683 1143 2724 libri
1165 2681 1306 2736 primi.

274 2803 287 2816 ³·
313 2796 461 2837 Legend.
487 2797 610 2830 Infula.
806 2800 819 2820 ὓ
841 2800 907 2832 Sex
926 2801 1026 2833 libros
1042 2800 1183 2842 Josephi
1206 2799 1310 2831 nostri
1328 2798 1463 2830 videtur
1480 2799 1630 2831 innuere.
