<?xml version="1.0" encoding="UTF-8"?>
<!DOCTYPE html PUBLIC "-//W3C//DTD XHTML 1.0 Transitional//EN"
    "http://www.w3.org/TR/xhtml1/DTD/xhtml1-transitional.dtd">
<html xmlns="http://www.w3.org/1999/xhtml" xml:lang="en" lang="en">
 <head>
  <title>
</title>
<meta http-equiv="Content-Type" content="text/html;charset=utf-8" />
  <meta name='ocr-system' content='tesseract 3.04.00' />
  <meta name='ocr-capabilities' content='ocr_page ocr_carea ocr_par ocr_line ocrx_word'/>
</head>
<body>
  <div class='ocr_page' id='page_1' title='image "./dictyscretensise02dictuoft_0184.png"; bbox 0 0 1889 3194; ppageno 0'>
   <div class='ocr_carea' id='block_1_1' title="bbox 227 328 312 370">
    <p class='ocr_par' dir='ltr' id='par_1_1' title="bbox 227 328 312 370">
     <span class='ocr_line' id='line_1_1' title="bbox 227 328 312 370; baseline -0.012 0"><span class='ocrx_word' id='word_1_1' title='bbox 227 328 312 370; x_wconf 70' lang='lat'><strong>526</strong></span> 
     </span>
    </p>
   </div>
   <div class='ocr_carea' id='block_1_2' title="bbox 745 338 1150 369">
    <p class='ocr_par' dir='ltr' id='par_1_2' title="bbox 745 338 1150 369">
     <span class='ocr_line' id='line_1_2' title="bbox 745 338 1150 369; baseline -0.005 0"><span class='ocrx_word' id='word_1_2' title='bbox 745 339 947 369; x_wconf 85' lang='lat' dir='ltr'>JOSEPHI</span> <span class='ocrx_word' id='word_1_3' title='bbox 983 338 1150 368; x_wconf 79' lang='lat' dir='ltr'><strong>lscANl</strong></span> 
     </span>
    </p>
   </div>
   <div class='ocr_carea' id='block_1_3' title="bbox 226 432 1111 486">
    <p class='ocr_par' dir='ltr' id='par_1_3' title="bbox 226 432 1111 486">
     <span class='ocr_line' id='line_1_3' title="bbox 226 432 1111 486; baseline 0 -13"><span class='ocrx_word' id='word_1_4' title='bbox 226 432 408 473; x_wconf 83' lang='lat' dir='ltr'><strong>Atrides</strong></span> <span class='ocrx_word' id='word_1_5' title='bbox 423 432 539 485; x_wconf 84' lang='lat' dir='ltr'><strong>regis</strong></span> <span class='ocrx_word' id='word_1_6' title='bbox 559 433 745 485; x_wconf 86' lang='lat' dir='ltr'><strong>insignia</strong></span> <span class='ocrx_word' id='word_1_7' title='bbox 766 434 908 486; x_wconf 91' lang='lat' dir='ltr'><strong>ponit,</strong></span> <span class='ocrx_word' id='word_1_8' title='bbox 929 438 974 473; x_wconf 87' lang='lat' dir='ltr'><strong>et</strong></span> <span class='ocrx_word' id='word_1_9' title='bbox 993 433 1111 474; x_wconf 91' lang='lat' dir='ltr'><strong>ultro</strong></span> 
     </span>
    </p>
   </div>
   <div class='ocr_carea' id='block_1_4' title="bbox 226 499 1252 552">
    <p class='ocr_par' dir='ltr' id='par_1_4' title="bbox 226 499 1252 552">
     <span class='ocr_line' id='line_1_4' title="bbox 226 499 1252 552; baseline -0.001 -12"><span class='ocrx_word' id='word_1_10' title='bbox 226 499 364 540; x_wconf 84' lang='lat' dir='ltr'><strong>Exuit</strong></span> <span class='ocrx_word' id='word_1_11' title='bbox 382 499 636 552; x_wconf 87' lang='lat' dir='ltr'><strong>imperium:</strong></span> <span class='ocrx_word' id='word_1_12' title='bbox 666 512 747 540; x_wconf 89' lang='lat' dir='ltr'><strong>nec</strong></span> <span class='ocrx_word' id='word_1_13' title='bbox 767 500 882 539; x_wconf 86' lang='lat' dir='ltr'><strong>enim</strong></span> <span class='ocrx_word' id='word_1_14' title='bbox 901 500 1071 539; x_wconf 87' lang='lat' dir='ltr'><strong>venisse</strong></span> <span class='ocrx_word' id='word_1_15' title='bbox 1090 499 1252 540; x_wconf 85' lang='lat' dir='ltr'><strong>fatetur</strong></span> 
     </span>
    </p>
   </div>
   <div class='ocr_carea' id='block_1_5' title="bbox 1616 501 1674 542">
    <p class='ocr_par' dir='ltr' id='par_1_5' title="bbox 1616 501 1674 542">
     <span class='ocr_line' id='line_1_5' title="bbox 1616 501 1674 542; baseline 0 0"><span class='ocrx_word' id='word_1_16' title='bbox 1616 501 1674 542; x_wconf 87' lang='lat'><strong>30</strong></span> 
     </span>
    </p>
   </div>
   <div class='ocr_carea' id='block_1_6' title="bbox 224 564 1438 813">
    <p class='ocr_par' dir='ltr' id='par_1_6' title="bbox 224 564 1438 813">
     <span class='ocr_line' id='line_1_6' title="bbox 224 564 1307 618; baseline -0.002 -11"><span class='ocrx_word' id='word_1_17' title='bbox 224 565 256 607; x_wconf 85' lang='lat' dir='ltr'>J</span> <span class='ocrx_word' id='word_1_18' title='bbox 261 580 333 608; x_wconf 87' lang='lat' dir='ltr'><strong>ure</strong></span> <span class='ocrx_word' id='word_1_19' title='bbox 355 565 495 615; x_wconf 91' lang='lat' dir='ltr'><strong>ducis,</strong></span> <span class='ocrx_word' id='word_1_20' title='bbox 516 565 698 618; x_wconf 91' lang='lat' dir='ltr'><strong>fierique</strong></span> <span class='ocrx_word' id='word_1_21' title='bbox 720 566 846 614; x_wconf 84' lang='lat' dir='ltr'><strong>satis,</strong></span> <span class='ocrx_word' id='word_1_22' title='bbox 867 565 905 605; x_wconf 92' lang='lat' dir='ltr'><strong>si</strong></span> <span class='ocrx_word' id='word_1_23' title='bbox 925 565 1123 618; x_wconf 83' lang='lat' dir='ltr'>principe</span> <span class='ocrx_word' id='word_1_24' title='bbox 1144 564 1307 618; x_wconf 90' lang='lat' dir='ltr'><strong>quovis</strong></span> 
     </span>
     <span class='ocr_line' id='line_1_7' title="bbox 229 630 1427 684; baseline -0.001 -11"><span class='ocrx_word' id='word_1_25' title='bbox 229 633 363 674; x_wconf 89' lang='lat' dir='ltr'><strong>Freta</strong></span> <span class='ocrx_word' id='word_1_26' title='bbox 378 632 535 673; x_wconf 89' lang='lat' dir='ltr'><strong>cohors</strong></span> <span class='ocrx_word' id='word_1_27' title='bbox 554 631 706 672; x_wconf 88' lang='lat' dir='ltr'><strong>redeat</strong></span> <span class='ocrx_word' id='word_1_28' title='bbox 725 635 827 684; x_wconf 91' lang='lat' dir='ltr'><strong>post</strong></span> <span class='ocrx_word' id='word_1_29' title='bbox 848 631 992 671; x_wconf 85' lang='lat' dir='ltr'><strong>diruta</strong></span> <span class='ocrx_word' id='word_1_30' title='bbox 1013 630 1229 683; x_wconf 87' lang='lat' dir='ltr'><strong>Pergama</strong></span> <span class='ocrx_word' id='word_1_31' title='bbox 1247 631 1427 673; x_wconf 87' lang='lat' dir='ltr'><strong>victrix.</strong></span> 
     </span>
     <span class='ocr_line' id='line_1_8' title="bbox 228 697 1438 752; baseline -0.001 -12"><span class='ocrx_word' id='word_1_32' title='bbox 228 700 308 740; x_wconf 88' lang='lat' dir='ltr'><strong>Nil</strong></span> <span class='ocrx_word' id='word_1_33' title='bbox 323 699 462 747; x_wconf 85' lang='lat' dir='ltr'><strong>refert,</strong></span> <span class='ocrx_word' id='word_1_34' title='bbox 482 698 595 751; x_wconf 88' lang='lat' dir='ltr'><strong>quis,</strong></span> <span class='ocrx_word' id='word_1_35' title='bbox 614 697 707 746; x_wconf 91' lang='lat' dir='ltr'><strong>ubi,</strong></span> <span class='ocrx_word' id='word_1_36' title='bbox 729 697 925 751; x_wconf 89' lang='lat' dir='ltr'><strong>quando,</strong></span> <span class='ocrx_word' id='word_1_37' title='bbox 948 698 1027 738; x_wconf 88' lang='lat' dir='ltr'><strong>sed</strong></span> <span class='ocrx_word' id='word_1_38' title='bbox 1047 699 1250 751; x_wconf 87' lang='lat' dir='ltr'><strong>qualiter,</strong></span> <span class='ocrx_word' id='word_1_39' title='bbox 1271 702 1313 739; x_wconf 88' lang='lat' dir='ltr'><strong>et</strong></span> <span class='ocrx_word' id='word_1_40' title='bbox 1330 699 1438 752; x_wconf 90' lang='lat' dir='ltr'><strong>quid</strong></span> 
     </span>
     <span class='ocr_line' id='line_1_9' title="bbox 228 764 1315 813; baseline -0.003 -6"><span class='ocrx_word' id='word_1_41' title='bbox 228 767 446 807; x_wconf 90' lang='lat' dir='ltr'><strong>Factum:</strong></span> <span class='ocrx_word' id='word_1_42' title='bbox 477 764 695 804; x_wconf 90' lang='lat' dir='ltr'><strong>durabunt</strong></span> <span class='ocrx_word' id='word_1_43' title='bbox 715 768 859 813; x_wconf 91' lang='lat' dir='ltr'><strong>actus,</strong></span> <span class='ocrx_word' id='word_1_44' title='bbox 878 767 919 804; x_wconf 92' lang='lat' dir='ltr'><strong>et</strong></span> <span class='ocrx_word' id='word_1_45' title='bbox 939 764 1124 806; x_wconf 81' lang='lat' dir='ltr'>transiet</span> <span class='ocrx_word' id='word_1_46' title='bbox 1145 769 1315 806; x_wconf 83' lang='lat' dir='ltr'><strong>auctor.</strong></span> 
     </span>
    </p>
   </div>
   <div class='ocr_carea' id='block_1_7' title="bbox 228 830 1191 884">
    <p class='ocr_par' dir='ltr' id='par_1_7' title="bbox 228 830 1191 884">
     <span class='ocr_line' id='line_1_10' title="bbox 228 830 1191 884; baseline -0.002 -11"><span class='ocrx_word' id='word_1_47' title='bbox 228 833 317 873; x_wconf 92' lang='lat' dir='ltr'><strong>His</strong></span> <span class='ocrx_word' id='word_1_48' title='bbox 337 831 474 882; x_wconf 85' lang='lat' dir='ltr'>addit,</span> <span class='ocrx_word' id='word_1_49' title='bbox 496 844 543 871; x_wconf 91' lang='lat' dir='ltr'><strong>se</strong></span> <span class='ocrx_word' id='word_1_50' title='bbox 556 830 655 884; x_wconf 90' lang='lat' dir='ltr'><strong>jure</strong></span> <span class='ocrx_word' id='word_1_51' title='bbox 677 830 762 870; x_wconf 88' lang='lat' dir='ltr'><strong>frui</strong></span> <span class='ocrx_word' id='word_1_52' title='bbox 782 830 953 883; x_wconf 90' lang='lat' dir='ltr'><strong>potiore</strong></span> <span class='ocrx_word' id='word_1_53' title='bbox 970 830 1191 884; x_wconf 85' lang='lat' dir='ltr'><strong>Mycenis,</strong></span> 
     </span>
    </p>
   </div>
   <div class='ocr_carea' id='block_1_8' title="bbox 228 896 1289 1140">
    <p class='ocr_par' dir='ltr' id='par_1_8' title="bbox 228 896 1289 950">
     <span class='ocr_line' id='line_1_11' title="bbox 228 896 1289 950; baseline -0.003 -10"><span class='ocrx_word' id='word_1_54' title='bbox 228 899 285 940; x_wconf 89' lang='lat' dir='ltr'><strong>Et</strong></span> <span class='ocrx_word' id='word_1_55' title='bbox 305 898 506 939; x_wconf 88' lang='lat' dir='ltr'><strong>stabilem</strong></span> <span class='ocrx_word' id='word_1_56' title='bbox 521 909 697 949; x_wconf 85' lang='lat' dir='ltr'><strong>regnare</strong></span> <span class='ocrx_word' id='word_1_57' title='bbox 718 896 864 938; x_wconf 90' lang='lat' dir='ltr'><strong>domi:</strong></span> <span class='ocrx_word' id='word_1_58' title='bbox 895 909 978 937; x_wconf 89' lang='lat' dir='ltr'><strong>nec</strong></span> <span class='ocrx_word' id='word_1_59' title='bbox 1001 897 1128 949; x_wconf 84' lang='lat' dir='ltr'><strong>signa</strong></span> <span class='ocrx_word' id='word_1_60' title='bbox 1146 897 1289 950; x_wconf 87' lang='lat' dir='ltr'><strong>priora</strong></span> 
     </span>
    </p>

    <p class='ocr_par' dir='ltr' id='par_1_9' title="bbox 229 965 1207 1019">
     <span class='ocr_line' id='line_1_12' title="bbox 229 965 1207 1019; baseline 0 -12"><span class='ocrx_word' id='word_1_61' title='bbox 229 967 304 1008; x_wconf 90' lang='lat' dir='ltr'><strong>Sic</strong></span> <span class='ocrx_word' id='word_1_62' title='bbox 327 966 491 1007; x_wconf 90' lang='lat' dir='ltr'><strong>ambire</strong></span> <span class='ocrx_word' id='word_1_63' title='bbox 511 965 647 1018; x_wconf 91' lang='lat' dir='ltr'><strong>cupit,</strong></span> <span class='ocrx_word' id='word_1_64' title='bbox 669 969 718 1006; x_wconf 93' lang='lat' dir='ltr'><strong>ut</strong></span> <span class='ocrx_word' id='word_1_65' title='bbox 736 965 859 1007; x_wconf 80' lang='lat' dir='ltr'><strong>fesso</strong></span> <span class='ocrx_word' id='word_1_66' title='bbox 880 969 1061 1019; x_wconf 83' lang='lat' dir='ltr'><strong>pectore</strong></span> <span class='ocrx_word' id='word_1_67' title='bbox 1081 966 1207 1008; x_wconf 89' lang='lat' dir='ltr'><strong>malit</strong></span> 
     </span>
    </p>

    <p class='ocr_par' dir='ltr' id='par_1_10' title="bbox 229 1031 1281 1140">
     <span class='ocr_line' id='line_1_13' title="bbox 229 1031 1176 1085; baseline -0.001 -11"><span class='ocrx_word' id='word_1_68' title='bbox 229 1034 286 1074; x_wconf 91' lang='lat' dir='ltr'><strong>Et</strong></span> <span class='ocrx_word' id='word_1_69' title='bbox 301 1033 451 1085; x_wconf 88' lang='lat' dir='ltr'><strong>vigiles</strong></span> <span class='ocrx_word' id='word_1_70' title='bbox 473 1031 620 1072; x_wconf 90' lang='lat' dir='ltr'><strong>Lunas</strong></span> <span class='ocrx_word' id='word_1_71' title='bbox 639 1035 682 1072; x_wconf 88' lang='lat' dir='ltr'><strong>et</strong></span> <span class='ocrx_word' id='word_1_72' title='bbox 703 1032 835 1072; x_wconf 89' lang='lat' dir='ltr'><strong>duros</strong></span> <span class='ocrx_word' id='word_1_73' title='bbox 856 1031 1015 1073; x_wconf 88' lang='lat' dir='ltr'><strong>ducere</strong></span> <span class='ocrx_word' id='word_1_74' title='bbox 1034 1033 1176 1073; x_wconf 90' lang='lat' dir='ltr'><strong>Soles.</strong></span> 
     </span>
     <span class='ocr_line' id='line_1_14' title="bbox 286 1098 1281 1140; baseline 0 0"><span class='ocrx_word' id='word_1_75' title='bbox 286 1099 472 1140; x_wconf 88' lang='lat' dir='ltr'><strong>Martius</strong></span> <span class='ocrx_word' id='word_1_76' title='bbox 493 1098 705 1139; x_wconf 89' lang='lat' dir='ltr'><strong>AEacides</strong></span> <span class='ocrx_word' id='word_1_77' title='bbox 725 1102 921 1139; x_wconf 89' lang='lat' dir='ltr'><strong>mutatas</strong></span> <span class='ocrx_word' id='word_1_78' title='bbox 943 1099 1068 1140; x_wconf 91' lang='lat' dir='ltr'><strong>solus</strong></span> <span class='ocrx_word' id='word_1_79' title='bbox 1085 1099 1281 1140; x_wconf 81' lang='lat' dir='ltr'><strong>habenas</strong></span> 
     </span>
    </p>
   </div>
   <div class='ocr_carea' id='block_1_9' title="bbox 227 1165 1307 1220">
    <p class='ocr_par' dir='ltr' id='par_1_11' title="bbox 227 1165 1307 1220">
     <span class='ocr_line' id='line_1_15' title="bbox 227 1165 1307 1220; baseline -0.001 -12"><span class='ocrx_word' id='word_1_80' title='bbox 227 1167 404 1220; x_wconf 87' lang='lat' dir='ltr'><strong>Arguit,</strong></span> <span class='ocrx_word' id='word_1_81' title='bbox 426 1169 470 1206; x_wconf 88' lang='lat' dir='ltr'><strong>at</strong></span> <span class='ocrx_word' id='word_1_82' title='bbox 487 1168 615 1218; x_wconf 89' lang='lat' dir='ltr'><strong>rapto</strong></span> <span class='ocrx_word' id='word_1_83' title='bbox 637 1165 901 1207; x_wconf 84' lang='lat' dir='ltr'><strong>Palamedes</strong></span> <span class='ocrx_word' id='word_1_84' title='bbox 924 1166 1066 1207; x_wconf 88' lang='lat' dir='ltr'><strong>Marte</strong></span> <span class='ocrx_word' id='word_1_85' title='bbox 1089 1167 1307 1219; x_wconf 85' lang='lat' dir='ltr'><strong>superbus</strong></span> 
     </span>
    </p>
   </div>
   <div class='ocr_carea' id='block_1_10' title="bbox 1620 1169 1676 1209">
    <p class='ocr_par' dir='ltr' id='par_1_12' title="bbox 1620 1169 1676 1209">
     <span class='ocr_line' id='line_1_16' title="bbox 1620 1169 1676 1209; baseline 0.018 -1"><span class='ocrx_word' id='word_1_86' title='bbox 1620 1169 1676 1209; x_wconf 88' lang='lat'><strong>40</strong></span> 
     </span>
    </p>
   </div>
   <div class='ocr_carea' id='block_1_11' title="bbox 228 1232 1393 1487">
    <p class='ocr_par' dir='ltr' id='par_1_13' title="bbox 228 1232 1393 1487">
     <span class='ocr_line' id='line_1_17' title="bbox 228 1232 1271 1287; baseline -0.001 -13"><span class='ocrx_word' id='word_1_87' title='bbox 228 1233 420 1274; x_wconf 88' lang='lat' dir='ltr'><strong>Vincere</strong></span> <span class='ocrx_word' id='word_1_88' title='bbox 442 1232 665 1274; x_wconf 86' lang='lat' dir='ltr'><strong>contendit</strong></span> <span class='ocrx_word' id='word_1_89' title='bbox 680 1233 832 1283; x_wconf 86' lang='lat' dir='ltr'><strong>titulis,</strong></span> <span class='ocrx_word' id='word_1_90' title='bbox 853 1246 1085 1287; x_wconf 84' lang='lat' dir='ltr'><strong>regemque</strong></span> <span class='ocrx_word' id='word_1_91' title='bbox 1105 1233 1271 1274; x_wconf 89' lang='lat' dir='ltr'><strong>mereri.</strong></span> 
     </span>
     <span class='ocr_line' id='line_1_18' title="bbox 230 1298 1393 1353; baseline 0 -13"><span class='ocrx_word' id='word_1_92' title='bbox 230 1300 344 1352; x_wconf 86' lang='lat' dir='ltr'><strong>Ergo</strong></span> <span class='ocrx_word' id='word_1_93' title='bbox 366 1301 523 1341; x_wconf 85' lang='lat' dir='ltr'><strong>iterum</strong></span> <span class='ocrx_word' id='word_1_94' title='bbox 543 1298 698 1340; x_wconf 79' lang='lat' dir='ltr'><strong>co&#39;eunt</strong></span> <span class='ocrx_word' id='word_1_95' title='bbox 717 1300 855 1349; x_wconf 87' lang='lat' dir='ltr'><strong>acies,</strong></span> <span class='ocrx_word' id='word_1_96' title='bbox 877 1304 1138 1353; x_wconf 89' lang='lat' dir='ltr'><strong>properatur</strong></span> <span class='ocrx_word' id='word_1_97' title='bbox 1162 1300 1393 1353; x_wconf 87' lang='lat' dir='ltr'><strong>utrimque,</strong></span> 
     </span>
     <span class='ocr_line' id='line_1_19' title="bbox 230 1366 1356 1420; baseline 0.001 -13"><span class='ocrx_word' id='word_1_98' title='bbox 230 1367 286 1407; x_wconf 91' lang='lat' dir='ltr'><strong>Et</strong></span> <span class='ocrx_word' id='word_1_99' title='bbox 305 1366 479 1407; x_wconf 90' lang='lat' dir='ltr'><strong>medius</strong></span> <span class='ocrx_word' id='word_1_100' title='bbox 501 1366 718 1407; x_wconf 89' lang='lat' dir='ltr'><strong>decrescit</strong></span> <span class='ocrx_word' id='word_1_101' title='bbox 738 1379 852 1419; x_wconf 86' lang='lat' dir='ltr'><strong>ager,</strong></span> <span class='ocrx_word' id='word_1_102' title='bbox 871 1367 986 1420; x_wconf 84' lang='lat' dir='ltr'><strong>rapit</strong></span> <span class='ocrx_word' id='word_1_103' title='bbox 1007 1367 1182 1419; x_wconf 82' lang='lat' dir='ltr'><strong>agmina</strong></span> <span class='ocrx_word' id='word_1_104' title='bbox 1196 1366 1356 1420; x_wconf 86' lang='lat' dir='ltr'><strong>juncta</strong></span> 
     </span>
     <span class='ocr_line' id='line_1_20' title="bbox 231 1432 1334 1487; baseline -0.001 -13"><span class='ocrx_word' id='word_1_105' title='bbox 231 1433 472 1487; x_wconf 83' lang='lat' dir='ltr'><strong>Sarpedon,</strong></span> <span class='ocrx_word' id='word_1_106' title='bbox 495 1433 751 1485; x_wconf 88' lang='lat' dir='ltr'><strong>Lyciosque</strong></span> <span class='ocrx_word' id='word_1_107' title='bbox 774 1446 920 1484; x_wconf 90' lang='lat' dir='ltr'><strong>enses,</strong></span> <span class='ocrx_word' id='word_1_108' title='bbox 943 1437 986 1474; x_wconf 88' lang='lat' dir='ltr'><strong>et</strong></span> <span class='ocrx_word' id='word_1_109' title='bbox 1007 1434 1175 1474; x_wconf 86' lang='lat' dir='ltr'><strong>turbine</strong></span> <span class='ocrx_word' id='word_1_110' title='bbox 1194 1432 1334 1486; x_wconf 85' lang='lat' dir='ltr'><strong>primo</strong></span> 
     </span>
    </p>
   </div>
   <div class='ocr_carea' id='block_1_12' title="bbox 231 1499 1351 1552">
    <p class='ocr_par' dir='ltr' id='par_1_14' title="bbox 231 1499 1351 1552">
     <span class='ocr_line' id='line_1_21' title="bbox 231 1499 1351 1552; baseline -0.002 -11"><span class='ocrx_word' id='word_1_111' title='bbox 231 1500 458 1541; x_wconf 89' lang='lat' dir='ltr'><strong>Hostibus</strong></span> <span class='ocrx_word' id='word_1_112' title='bbox 476 1499 694 1540; x_wconf 83' lang='lat' dir='ltr'><strong>invehitur</strong></span> <span class='ocrx_word' id='word_1_113' title='bbox 715 1515 725 1539; x_wconf 74' lang='lat' dir='ltr'><em>z</em></span> <span class='ocrx_word' id='word_1_114' title='bbox 758 1500 904 1552; x_wconf 86' lang='lat' dir='ltr'><strong>qualis</strong></span> <span class='ocrx_word' id='word_1_115' title='bbox 923 1500 1093 1541; x_wconf 85' lang='lat' dir='ltr'><strong>vexilla</strong></span> <span class='ocrx_word' id='word_1_116' title='bbox 1113 1499 1351 1552; x_wconf 84' lang='lat' dir='ltr'><strong>Gigantum</strong></span> 
     </span>
    </p>
   </div>
   <div class='ocr_carea' id='block_1_13' title="bbox 1619 1501 1677 1541">
    <p class='ocr_par' dir='ltr' id='par_1_15' title="bbox 1619 1501 1677 1541">
     <span class='ocr_line' id='line_1_22' title="bbox 1619 1501 1677 1541; baseline 0 0"><span class='ocrx_word' id='word_1_117' title='bbox 1619 1501 1677 1541; x_wconf 89' lang='grc'><strong>45</strong></span> 
     </span>
    </p>
   </div>
   <div class='ocr_carea' id='block_1_14' title="bbox 231 1565 1477 1754">
    <p class='ocr_par' dir='ltr' id='par_1_16' title="bbox 231 1565 1477 1754">
     <span class='ocr_line' id='line_1_23' title="bbox 233 1565 1449 1619; baseline -0.002 -11"><span class='ocrx_word' id='word_1_118' title='bbox 233 1567 516 1608; x_wconf 90' lang='lat' dir='ltr'><strong>Centimanus</strong></span> <span class='ocrx_word' id='word_1_119' title='bbox 538 1565 743 1606; x_wconf 87' lang='lat' dir='ltr'><strong>Briareus</strong></span> <span class='ocrx_word' id='word_1_120' title='bbox 765 1566 993 1619; x_wconf 75' lang='lat' dir='ltr'><strong>Phlegraeo</strong></span> <span class='ocrx_word' id='word_1_121' title='bbox 1016 1568 1061 1607; x_wconf 90' lang='lat' dir='ltr'><strong>in</strong></span> <span class='ocrx_word' id='word_1_122' title='bbox 1081 1567 1246 1608; x_wconf 85' lang='lat' dir='ltr'><strong>vertice</strong></span> <span class='ocrx_word' id='word_1_123' title='bbox 1274 1566 1449 1615; x_wconf 90' lang='lat' dir='ltr'><strong>tollens,</strong></span> 
     </span>
     <span class='ocr_line' id='line_1_24' title="bbox 231 1633 1175 1686; baseline -0.002 -11"><span class='ocrx_word' id='word_1_124' title='bbox 231 1634 440 1676; x_wconf 87' lang='lat' dir='ltr'><strong>Imbelles</strong></span> <span class='ocrx_word' id='word_1_125' title='bbox 460 1633 556 1673; x_wconf 91' lang='lat' dir='ltr'><strong>risit</strong></span> <span class='ocrx_word' id='word_1_126' title='bbox 577 1633 606 1674; x_wconf 88' lang='lat' dir='ltr'><strong>J</strong></span> <span class='ocrx_word' id='word_1_127' title='bbox 611 1634 708 1673; x_wconf 87' lang='lat' dir='ltr'><strong>ovis</strong></span> <span class='ocrx_word' id='word_1_128' title='bbox 726 1634 865 1686; x_wconf 89' lang='lat' dir='ltr'><strong>ignes,</strong></span> <span class='ocrx_word' id='word_1_129' title='bbox 885 1635 974 1675; x_wconf 87' lang='lat' dir='ltr'><strong>tela</strong></span> <span class='ocrx_word' id='word_1_130' title='bbox 996 1635 1175 1682; x_wconf 84' lang='lat' dir='ltr'><strong>Dianae,</strong></span> 
     </span>
     <span class='ocr_line' id='line_1_25' title="bbox 234 1699 1477 1754; baseline -0.001 -13"><span class='ocrx_word' id='word_1_131' title='bbox 234 1700 392 1742; x_wconf 87' lang='lat' dir='ltr'><strong>Martis</strong></span> <span class='ocrx_word' id='word_1_132' title='bbox 412 1712 564 1753; x_wconf 89' lang='lat' dir='ltr'><strong>equos,</strong></span> <span class='ocrx_word' id='word_1_133' title='bbox 585 1699 747 1741; x_wconf 88' lang='lat' dir='ltr'><strong>Phoebi</strong></span> <span class='ocrx_word' id='word_1_134' title='bbox 763 1701 1002 1754; x_wconf 85' lang='lat' dir='ltr'><strong>pharetras,</strong></span> <span class='ocrx_word' id='word_1_135' title='bbox 1023 1704 1066 1741; x_wconf 92' lang='lat' dir='ltr'><strong>et</strong></span> <span class='ocrx_word' id='word_1_136' title='bbox 1079 1699 1276 1743; x_wconf 86' lang='lat' dir='ltr'><strong>Palladis</strong></span> <span class='ocrx_word' id='word_1_137' title='bbox 1298 1711 1477 1751; x_wconf 84' lang='lat' dir='ltr'><strong>angues.</strong></span> 
     </span>
    </p>
   </div>
   <div class='ocr_carea' id='block_1_15' title="bbox 882 1833 1025 1865">
    <p class='ocr_par' dir='ltr' id='par_1_17' title="bbox 882 1833 1025 1865">
     <span class='ocr_line' id='line_1_26' title="bbox 882 1833 1025 1865; baseline 0 0"><span class='ocrx_word' id='word_1_138' title='bbox 882 1833 1025 1865; x_wconf 82' lang='lat' dir='ltr'><strong>NOTAE</strong></span> 
     </span>
    </p>
   </div>
   <div class='ocr_carea' id='block_1_16' title="bbox 230 1907 929 2894">
    <p class='ocr_par' dir='ltr' id='par_1_18' title="bbox 230 1907 928 2294">
     <span class='ocr_line' id='line_1_27' title="bbox 232 1907 927 1949; baseline 0.003 -11"><span class='ocrx_word' id='word_1_139' title='bbox 232 1907 331 1948; x_wconf 82' lang='lat' dir='ltr'><strong>dicio,</strong></span> <span class='ocrx_word' id='word_1_140' title='bbox 353 1917 419 1939; x_wconf 93' lang='lat' dir='ltr'><strong>non</strong></span> <span class='ocrx_word' id='word_1_141' title='bbox 449 1917 543 1939; x_wconf 86' lang='lat' dir='ltr'><strong>arma</strong></span> <span class='ocrx_word' id='word_1_142' title='bbox 570 1917 633 1949; x_wconf 90' lang='lat' dir='ltr'><strong>pro</strong></span> <span class='ocrx_word' id='word_1_143' title='bbox 657 1907 781 1940; x_wconf 88' lang='lat' dir='ltr'><strong>studio.</strong></span> <span class='ocrx_word' id='word_1_144' title='bbox 826 1908 927 1941; x_wconf 84' lang='lat' dir='ltr'><strong>Adde</strong></span> 
     </span>
     <span class='ocr_line' id='line_1_28' title="bbox 232 1957 927 2000; baseline 0.004 -13"><span class='ocrx_word' id='word_1_145' title='bbox 232 1957 322 1998; x_wconf 87' lang='lat' dir='ltr'><strong>quod</strong></span> <span class='ocrx_word' id='word_1_146' title='bbox 350 1957 456 1989; x_wconf 83' lang='lat' dir='ltr'><strong>omnis</strong></span> <span class='ocrx_word' id='word_1_147' title='bbox 478 1962 561 1989; x_wconf 84' lang='lat' dir='ltr'><strong>aetas</strong></span> <span class='ocrx_word' id='word_1_148' title='bbox 583 1958 616 1989; x_wconf 91' lang='lat' dir='ltr'><strong>in</strong></span> <span class='ocrx_word' id='word_1_149' title='bbox 640 1958 781 1999; x_wconf 89' lang='lat' dir='ltr'><strong>imperio</strong></span> <span class='ocrx_word' id='word_1_150' title='bbox 811 1968 927 2000; x_wconf 89' lang='lat' dir='ltr'><strong>repre-</strong></span> 
     </span>
     <span class='ocr_line' id='line_1_29' title="bbox 230 2007 926 2049; baseline 0.003 -11"><span class='ocrx_word' id='word_1_151' title='bbox 230 2007 411 2039; x_wconf 85' lang='lat' dir='ltr'><strong>henditur.’</strong></span> <span class='ocrx_word' id='word_1_152' title='bbox 455 2009 563 2040; x_wconf 86' lang='lat' dir='ltr'><strong>Recte</strong></span> <span class='ocrx_word' id='word_1_153' title='bbox 579 2017 635 2040; x_wconf 88' lang='lat'><strong>111.</strong></span> <span class='ocrx_word' id='word_1_154' title='bbox 649 2018 725 2049; x_wconf 85' lang='lat' dir='ltr'><strong>cap.</strong></span> <span class='ocrx_word' id='word_1_155' title='bbox 741 2009 850 2040; x_wconf 86' lang='lat' dir='ltr'><strong>ultim.</strong></span> <span class='ocrx_word' id='word_1_156' title='bbox 873 2009 926 2041; x_wconf 91' lang='lat' dir='ltr'><strong>De</strong></span> 
     </span>
     <span class='ocr_line' id='line_1_30' title="bbox 232 2056 928 2098; baseline 0.001 -11"><span class='ocrx_word' id='word_1_157' title='bbox 232 2056 355 2089; x_wconf 85' lang='lat' dir='ltr'><strong>Benef.</strong></span> <span class='ocrx_word' id='word_1_158' title='bbox 384 2057 536 2088; x_wconf 88' lang='lat' dir='ltr'><strong>Seneca:</strong></span> <span class='ocrx_word' id='word_1_159' title='bbox 563 2057 572 2074; x_wconf 86' lang='lat'><em>‘</em></span> <span class='ocrx_word' id='word_1_160' title='bbox 589 2057 668 2089; x_wconf 89' lang='lat' dir='ltr'><strong>Hoc</strong></span> <span class='ocrx_word' id='word_1_161' title='bbox 698 2061 750 2088; x_wconf 88' lang='lat' dir='ltr'><strong>est</strong></span> <span class='ocrx_word' id='word_1_162' title='bbox 775 2067 928 2098; x_wconf 82' lang='lat' dir='ltr'><strong>regnum,</strong></span> 
     </span>
     <span class='ocr_line' id='line_1_31' title="bbox 232 2106 927 2147; baseline 0.004 -11"><span class='ocrx_word' id='word_1_163' title='bbox 232 2107 322 2138; x_wconf 88' lang='lat' dir='ltr'><strong>nolle</strong></span> <span class='ocrx_word' id='word_1_164' title='bbox 338 2115 494 2147; x_wconf 85' lang='lat' dir='ltr'><strong>regnare,</strong></span> <span class='ocrx_word' id='word_1_165' title='bbox 508 2116 582 2138; x_wconf 91' lang='lat' dir='ltr'><strong>cum</strong></span> <span class='ocrx_word' id='word_1_166' title='bbox 601 2106 733 2147; x_wconf 85' lang='lat' dir='ltr'><strong>possis.’</strong></span> <span class='ocrx_word' id='word_1_167' title='bbox 777 2107 867 2138; x_wconf 86' lang='lat' dir='ltr'><strong>Vide</strong></span> <span class='ocrx_word' id='word_1_168' title='bbox 888 2108 927 2139; x_wconf 88' lang='lat' dir='ltr'><strong>il-</strong></span> 
     </span>
     <span class='ocr_line' id='line_1_32' title="bbox 232 2155 927 2198; baseline 0.006 -13"><span class='ocrx_word' id='word_1_169' title='bbox 232 2155 297 2185; x_wconf 87' lang='lat' dir='ltr'><strong>lam</strong></span> <span class='ocrx_word' id='word_1_170' title='bbox 314 2156 639 2196; x_wconf 85' lang='lat' dir='ltr'><strong>magnanimitatem.</strong></span> <span class='ocrx_word' id='word_1_171' title='bbox 656 2157 797 2198; x_wconf 85' lang='lat' dir='ltr'><strong>ejusque</strong></span> <span class='ocrx_word' id='word_1_172' title='bbox 814 2167 927 2189; x_wconf 85' lang='lat' dir='ltr'><strong>exem-</strong></span> 
     </span>
     <span class='ocr_line' id='line_1_33' title="bbox 232 2205 927 2245; baseline 0.009 -11"><span class='ocrx_word' id='word_1_173' title='bbox 232 2205 288 2243; x_wconf 85' lang='lat' dir='ltr'><strong>pla</strong></span> <span class='ocrx_word' id='word_1_174' title='bbox 304 2206 392 2245; x_wconf 87' lang='lat' dir='ltr'><strong>apud</strong></span> <span class='ocrx_word' id='word_1_175' title='bbox 407 2206 589 2238; x_wconf 85' lang='lat' dir='ltr'><strong>Jovianum</strong></span> <span class='ocrx_word' id='word_1_176' title='bbox 612 2207 800 2239; x_wconf 88' lang='lat' dir='ltr'><strong>Pontanum</strong></span> <span class='ocrx_word' id='word_1_177' title='bbox 818 2217 859 2240; x_wconf 82' lang='lat'><strong>11.</strong></span> <span class='ocrx_word' id='word_1_178' title='bbox 884 2209 927 2240; x_wconf 92' lang='lat' dir='ltr'><strong>de</strong></span> 
     </span>
     <span class='ocr_line' id='line_1_34' title="bbox 232 2255 441 2294; baseline 0.01 -10"><span class='ocrx_word' id='word_1_179' title='bbox 232 2255 441 2294; x_wconf 78' lang='lat' dir='ltr'><strong>Magnanim⁸</strong></span> 
     </span>
    </p>

    <p class='ocr_par' dir='ltr' id='par_1_19' title="bbox 231 2305 929 2745">
     <span class='ocr_line' id='line_1_35' title="bbox 275 2305 923 2345; baseline 0.005 -10"><span class='ocrx_word' id='word_1_180' title='bbox 275 2306 316 2335; x_wconf 85' lang='lat'><strong>30</strong></span> <span class='ocrx_word' id='word_1_181' title='bbox 331 2305 399 2336; x_wconf 83' lang='lat' dir='ltr'><strong>Nec</strong></span> <span class='ocrx_word' id='word_1_182' title='bbox 411 2305 491 2336; x_wconf 83' lang='lat' dir='ltr'><strong>enim</strong></span> <span class='ocrx_word' id='word_1_183' title='bbox 504 2305 622 2337; x_wconf 82' lang='lat' dir='ltr'><strong>venisse</strong></span> <span class='ocrx_word' id='word_1_184' title='bbox 635 2305 761 2345; x_wconf 81' lang='lat' dir='ltr'><strong>fatetur</strong></span> <span class='ocrx_word' id='word_1_185' title='bbox 774 2306 854 2337; x_wconf 86' lang='lat' dir='ltr'><strong>Jure</strong></span> <span class='ocrx_word' id='word_1_186' title='bbox 867 2308 923 2338; x_wconf 78' lang='lat' dir='ltr'><strong>du-</strong></span> 
     </span>
     <span class='ocr_line' id='line_1_36' title="bbox 231 2353 924 2396; baseline 0.007 -13"><span class='ocrx_word' id='word_1_187' title='bbox 231 2353 291 2393; x_wconf 81' lang='lat' dir='ltr'><strong><em>cis]</em></strong></span> <span class='ocrx_word' id='word_1_188' title='bbox 314 2354 370 2385; x_wconf 92' lang='lat' dir='ltr'><strong>De</strong></span> <span class='ocrx_word' id='word_1_189' title='bbox 385 2363 509 2394; x_wconf 83' lang='lat' dir='ltr'><strong>genere</strong></span> <span class='ocrx_word' id='word_1_190' title='bbox 523 2355 686 2396; x_wconf 87' lang='lat' dir='ltr'><strong>loquendi</strong></span> <span class='ocrx_word' id='word_1_191' title='bbox 709 2355 786 2387; x_wconf 89' lang='lat' dir='ltr'><strong>vide</strong></span> <span class='ocrx_word' id='word_1_192' title='bbox 801 2365 826 2388; x_wconf 89' lang='lat'><strong>1.</strong></span> <span class='ocrx_word' id='word_1_193' title='bbox 850 2359 924 2388; x_wconf 81' lang='lat'><strong>320.</strong></span> 
     </span>
     <span class='ocr_line' id='line_1_37' title="bbox 232 2403 929 2446; baseline 0.004 -12"><span class='ocrx_word' id='word_1_194' title='bbox 232 2403 458 2435; x_wconf 81' lang='lat' dir='ltr'><strong>Philostratus</strong></span> <span class='ocrx_word' id='word_1_195' title='bbox 471 2405 505 2435; x_wconf 88' lang='lat' dir='ltr'><strong>in</strong></span> <span class='ocrx_word' id='word_1_196' title='bbox 520 2405 680 2436; x_wconf 80' lang='lat' dir='ltr'><strong>Hernicis</strong></span> <span class='ocrx_word' id='word_1_197' title='bbox 692 2415 726 2446; x_wconf 92' lang='lat' dir='ltr'><strong>p.</strong></span> <span class='ocrx_word' id='word_1_198' title='bbox 737 2408 810 2437; x_wconf 82' lang='lat'><strong>679.</strong></span> <span class='ocrx_word' id='word_1_199' title='bbox 834 2406 929 2446; x_wconf 84' lang='lat' dir='ltr'><strong>paria</strong></span> 
     </span>
     <span class='ocr_line' id='line_1_38' title="bbox 232 2452 927 2495; baseline 0.006 -12"><span class='ocrx_word' id='word_1_200' title='bbox 232 2452 305 2483; x_wconf 86' lang='lat' dir='ltr'><strong>fere</strong></span> <span class='ocrx_word' id='word_1_201' title='bbox 316 2454 507 2494; x_wconf 89' lang='lat' dir='ltr'><strong>loquentem</strong></span> <span class='ocrx_word' id='word_1_202' title='bbox 519 2453 602 2486; x_wconf 86' lang='lat' dir='ltr'><strong>facit</strong></span> <span class='ocrx_word' id='word_1_203' title='bbox 619 2455 904 2495; x_wconf 84' lang='lat' dir='ltr'><strong>Agamemnonem</strong></span> <span class='ocrx_word' id='word_1_204' title='bbox 917 2467 927 2487; x_wconf 90' lang='lat'>:</span> 
     </span>
     <span class='ocr_line' id='line_1_39' title="bbox 233 2502 928 2547; baseline 0.009 -15"><span class='ocrx_word' id='word_1_205' title='bbox 233 2503 295 2541; x_wconf 72' lang='grc' dir='ltr'><strong>ἐγὼ</strong></span> <span class='ocrx_word' id='word_1_206' title='bbox 307 2502 339 2533; x_wconf 86' lang='grc' dir='ltr'><strong>δὲ</strong></span> <span class='ocrx_word' id='word_1_207' title='bbox 363 2502 413 2534; x_wconf 80' lang='grc' dir='ltr'><strong>καὶ</strong></span> <span class='ocrx_word' id='word_1_208' title='bbox 434 2503 536 2541; x_wconf 83' lang='grc' dir='ltr'>πάσης</span> <span class='ocrx_word' id='word_1_209' title='bbox 550 2505 606 2541; x_wconf 75' lang='grc' dir='ltr'><strong>τῆς</strong></span> <span class='ocrx_word' id='word_1_210' title='bbox 621 2504 719 2545; x_wconf 82' lang='grc' dir='ltr'>ἆρχῆς</span> <span class='ocrx_word' id='word_1_211' title='bbox 735 2508 928 2547; x_wconf 78' lang='grc' dir='ltr'>παραχωρεῖν</span> 
     </span>
     <span class='ocr_line' id='line_1_40' title="bbox 233 2551 927 2594; baseline 0.009 -12"><span class='ocrx_word' id='word_1_212' title='bbox 233 2551 369 2592; x_wconf 78' lang='grc' dir='ltr'>ἕτοιμος,</span> <span class='ocrx_word' id='word_1_213' title='bbox 395 2553 420 2584; x_wconf 84' lang='grc' dir='ltr'><strong>εἶ</strong></span> <span class='ocrx_word' id='word_1_214' title='bbox 434 2554 569 2590; x_wconf 81' lang='grc' dir='ltr'>βελτίων</span> <span class='ocrx_word' id='word_1_215' title='bbox 593 2556 678 2594; x_wconf 86' lang='grc' dir='ltr'>ἐμοῦ.</span> <span class='ocrx_word' id='word_1_216' title='bbox 724 2556 842 2587; x_wconf 81' lang='lat' dir='ltr'><strong>Habes</strong></span> <span class='ocrx_word' id='word_1_217' title='bbox 869 2566 927 2588; x_wconf 86' lang='lat' dir='ltr'><strong>ex-</strong></span> 
     </span>
     <span class='ocr_line' id='line_1_41' title="bbox 234 2603 926 2646; baseline 0.006 -14"><span class='ocrx_word' id='word_1_218' title='bbox 234 2603 381 2641; x_wconf 83' lang='lat' dir='ltr'><strong>emplum</strong></span> <span class='ocrx_word' id='word_1_219' title='bbox 412 2604 580 2644; x_wconf 83' lang='lat' dir='ltr'><strong>geminum</strong></span> <span class='ocrx_word' id='word_1_220' title='bbox 607 2605 719 2636; x_wconf 86' lang='lat' dir='ltr'><strong>Marci</strong></span> <span class='ocrx_word' id='word_1_221' title='bbox 749 2605 926 2646; x_wconf 81' lang='lat' dir='ltr'><strong>Antonini,</strong></span> 
     </span>
     <span class='ocr_line' id='line_1_42' title="bbox 235 2652 928 2695; baseline 0.009 -14"><span class='ocrx_word' id='word_1_222' title='bbox 235 2652 391 2692; x_wconf 86' lang='lat' dir='ltr'><strong>illiusque</strong></span> <span class='ocrx_word' id='word_1_223' title='bbox 413 2654 591 2693; x_wconf 82' lang='lat' dir='ltr'><strong>epistotam</strong></span> <span class='ocrx_word' id='word_1_224' title='bbox 616 2655 706 2695; x_wconf 89' lang='lat' dir='ltr'><strong>apud</strong></span> <span class='ocrx_word' id='word_1_225' title='bbox 734 2655 928 2687; x_wconf 87' lang='lat' dir='ltr'><strong>Vulcatium</strong></span> 
     </span>
     <span class='ocr_line' id='line_1_43' title="bbox 236 2702 913 2745; baseline 0.006 -13"><span class='ocrx_word' id='word_1_226' title='bbox 236 2702 446 2734; x_wconf 86' lang='lat' dir='ltr'><strong>Gallicanum</strong></span> <span class='ocrx_word' id='word_1_227' title='bbox 461 2704 493 2733; x_wconf 93' lang='lat' dir='ltr'><strong>in</strong></span> <span class='ocrx_word' id='word_1_228' title='bbox 506 2703 630 2735; x_wconf 88' lang='lat' dir='ltr'><strong>Avidio</strong></span> <span class='ocrx_word' id='word_1_229' title='bbox 647 2704 776 2740; x_wconf 87' lang='lat' dir='ltr'><strong>Cassio,</strong></span> <span class='ocrx_word' id='word_1_230' title='bbox 790 2714 825 2745; x_wconf 88' lang='lat' dir='ltr'><strong>p.</strong></span> <span class='ocrx_word' id='word_1_231' title='bbox 839 2708 913 2737; x_wconf 81' lang='lat'><strong>307.</strong></span> 
     </span>
    </p>

    <p class='ocr_par' dir='ltr' id='par_1_20' title="bbox 236 2752 929 2894">
     <span class='ocr_line' id='line_1_44' title="bbox 279 2752 928 2794; baseline 0.008 -13"><span class='ocrx_word' id='word_1_232' title='bbox 279 2754 319 2781; x_wconf 84' lang='lat'><strong>33</strong></span> <span class='ocrx_word' id='word_1_233' title='bbox 331 2752 390 2783; x_wconf 83' lang='lat' dir='ltr'><strong>Nil</strong></span> <span class='ocrx_word' id='word_1_234' title='bbox 398 2752 506 2790; x_wconf 79' lang='lat' dir='ltr'><strong>refert,</strong></span> <span class='ocrx_word' id='word_1_235' title='bbox 517 2754 810 2794; x_wconf 79' lang='lat' dir='ltr'><strong>quis,ubi‚quando]</strong></span> <span class='ocrx_word' id='word_1_236' title='bbox 822 2754 928 2786; x_wconf 77' lang='grc' dir='ltr'>Ἀσύν·</span> 
     </span>
     <span class='ocr_line' id='line_1_45' title="bbox 236 2801 929 2843; baseline 0.01 -14"><span class='ocrx_word' id='word_1_237' title='bbox 236 2801 309 2830; x_wconf 82' lang='grc' dir='ltr'>δετα</span> <span class='ocrx_word' id='word_1_238' title='bbox 325 2802 404 2831; x_wconf 86' lang='lat' dir='ltr'><strong>talia</strong></span> <span class='ocrx_word' id='word_1_239' title='bbox 420 2802 500 2833; x_wconf 86' lang='lat' dir='ltr'><strong>alibi</strong></span> <span class='ocrx_word' id='word_1_240' title='bbox 517 2804 683 2843; x_wconf 85' lang='lat' dir='ltr'><strong>congerit,</strong></span> <span class='ocrx_word' id='word_1_241' title='bbox 695 2809 732 2834; x_wconf 92' lang='lat' dir='ltr'><strong>ut</strong></span> <span class='ocrx_word' id='word_1_242' title='bbox 744 2813 783 2835; x_wconf 84' lang='grc' dir='ltr'><strong>ιι.</strong></span> <span class='ocrx_word' id='word_1_243' title='bbox 794 2807 868 2836; x_wconf 82' lang='grc'><strong>492.</strong></span> <span class='ocrx_word' id='word_1_244' title='bbox 880 2805 929 2836; x_wconf 85' lang='lat' dir='ltr'><strong>ita</strong></span> 
     </span>
     <span class='ocr_line' id='line_1_46' title="bbox 237 2851 929 2894; baseline 0.01 -15"><span class='ocrx_word' id='word_1_245' title='bbox 237 2857 261 2878; x_wconf 81' lang='grc' dir='ltr'><strong>ι.</strong></span> <span class='ocrx_word' id='word_1_246' title='bbox 280 2852 352 2880; x_wconf 72' lang='lat'><strong>145.</strong></span> <span class='ocrx_word' id='word_1_247' title='bbox 373 2851 382 2867; x_wconf 83' lang='lat'>⁴</span> <span class='ocrx_word' id='word_1_248' title='bbox 394 2851 455 2882; x_wconf 81' lang='lat' dir='ltr'><strong>Est</strong></span> <span class='ocrx_word' id='word_1_249' title='bbox 468 2856 601 2893; x_wconf 84' lang='lat' dir='ltr'><strong>tempus</strong></span> <span class='ocrx_word' id='word_1_250' title='bbox 615 2852 760 2894; x_wconf 85' lang='lat' dir='ltr'><strong>quaudo,</strong></span> <span class='ocrx_word' id='word_1_251' title='bbox 771 2854 863 2886; x_wconf 86' lang='lat' dir='ltr'><strong>locus</strong></span> <span class='ocrx_word' id='word_1_252' title='bbox 877 2859 929 2886; x_wconf 86' lang='lat' dir='ltr'><strong>est</strong></span> 
     </span>
    </p>
   </div>
   <div class='ocr_carea' id='block_1_17' title="bbox 976 1907 1677 2838">
    <p class='ocr_par' dir='ltr' id='par_1_21' title="bbox 979 1907 1677 2296">
     <span class='ocr_line' id='line_1_47' title="bbox 980 1907 1676 1948; baseline -0.003 -8"><span class='ocrx_word' id='word_1_253' title='bbox 980 1908 1062 1941; x_wconf 54' lang='lat' dir='ltr'><strong>ubist</strong></span> <span class='ocrx_word' id='word_1_254' title='bbox 1098 1908 1213 1941; x_wconf 87' lang='lat' dir='ltr'><strong>Graeci</strong></span> <span class='ocrx_word' id='word_1_255' title='bbox 1231 1908 1317 1940; x_wconf 79' lang='grc' dir='ltr'>ἔστιν</span> <span class='ocrx_word' id='word_1_256' title='bbox 1333 1908 1397 1948; x_wconf 85' lang='grc' dir='ltr'>ὅτε,</span> <span class='ocrx_word' id='word_1_257' title='bbox 1412 1908 1497 1939; x_wconf 79' lang='grc' dir='ltr'>ἔστιν</span> <span class='ocrx_word' id='word_1_258' title='bbox 1507 1907 1559 1939; x_wconf 81' lang='grc' dir='ltr'><strong>ὥς.</strong></span> <span class='ocrx_word' id='word_1_259' title='bbox 1598 1907 1676 1939; x_wconf 90' lang='lat' dir='ltr'><strong>Cle-</strong></span> 
     </span>
     <span class='ocr_line' id='line_1_48' title="bbox 980 1956 1676 1999; baseline -0.004 -10"><span class='ocrx_word' id='word_1_260' title='bbox 980 1968 1074 1989; x_wconf 87' lang='lat' dir='ltr'><strong>mens</strong></span> <span class='ocrx_word' id='word_1_261' title='bbox 1090 1958 1232 1990; x_wconf 63' lang='lat' dir='ltr'><strong>Alexar.</strong></span> <span class='ocrx_word' id='word_1_262' title='bbox 1248 1959 1497 1999; x_wconf 82' lang='lat' dir='ltr'><strong>Strom.p.531.</strong></span> <span class='ocrx_word' id='word_1_263' title='bbox 1507 1956 1557 1988; x_wconf 80' lang='grc' dir='ltr'><strong>καὶ</strong></span> <span class='ocrx_word' id='word_1_264' title='bbox 1567 1956 1626 1995; x_wconf 78' lang='grc' dir='ltr'><strong>ὅτῳ</strong></span> <span class='ocrx_word' id='word_1_265' title='bbox 1637 1956 1676 1987; x_wconf 77' lang='grc' dir='ltr'><strong>ἄν</strong></span> 
     </span>
     <span class='ocr_line' id='line_1_49' title="bbox 979 2005 1677 2046; baseline -0.001 -9"><span class='ocrx_word' id='word_1_266' title='bbox 979 2019 1027 2039; x_wconf 76' lang='grc' dir='ltr'><strong>τις</strong></span> <span class='ocrx_word' id='word_1_267' title='bbox 1047 2005 1196 2046; x_wconf 70' lang='grc' dir='ltr'><strong>μάλιστα,</strong></span> <span class='ocrx_word' id='word_1_268' title='bbox 1216 2007 1268 2038; x_wconf 79' lang='grc' dir='ltr'><strong>καὶ</strong></span> <span class='ocrx_word' id='word_1_269' title='bbox 1283 2007 1408 2046; x_wconf 79' lang='grc' dir='ltr'><strong><em>ὁπόσον,</em></strong></span> <span class='ocrx_word' id='word_1_270' title='bbox 1425 2006 1476 2038; x_wconf 76' lang='grc' dir='ltr'><strong>καὶ</strong></span> <span class='ocrx_word' id='word_1_271' title='bbox 1500 2006 1606 2042; x_wconf 82' lang='grc' dir='ltr'><strong><em>ὁπότε,</em></strong></span> <span class='ocrx_word' id='word_1_272' title='bbox 1624 2005 1677 2036; x_wconf 81' lang='grc' dir='ltr'><strong>καὶ</strong></span> 
     </span>
     <span class='ocr_line' id='line_1_50' title="bbox 981 2055 1675 2089; baseline -0.001 -2"><span class='ocrx_word' id='word_1_273' title='bbox 981 2056 1072 2089; x_wconf 86' lang='grc' dir='ltr'><strong>ὅπως.</strong></span> <span class='ocrx_word' id='word_1_274' title='bbox 1093 2057 1239 2088; x_wconf 89' lang='lat' dir='ltr'><strong>Seneca.</strong></span> <span class='ocrx_word' id='word_1_275' title='bbox 1256 2057 1309 2088; x_wconf 91' lang='lat' dir='ltr'><strong>De</strong></span> <span class='ocrx_word' id='word_1_276' title='bbox 1324 2056 1445 2087; x_wconf 87' lang='lat' dir='ltr'><strong>Benef.</strong></span> <span class='ocrx_word' id='word_1_277' title='bbox 1462 2065 1501 2088; x_wconf 85' lang='lat' dir='ltr'><strong>n.</strong></span> <span class='ocrx_word' id='word_1_278' title='bbox 1518 2059 1569 2087; x_wconf 88' lang='grc'><strong>16.</strong></span> <span class='ocrx_word' id='word_1_279' title='bbox 1591 2055 1675 2086; x_wconf 88' lang='lat' dir='ltr'><strong>‘Re-</strong></span> 
     </span>
     <span class='ocr_line' id='line_1_51' title="bbox 981 2105 1677 2148; baseline -0.001 -10"><span class='ocrx_word' id='word_1_280' title='bbox 981 2107 1050 2138; x_wconf 85' lang='lat' dir='ltr'><strong>fert</strong></span> <span class='ocrx_word' id='word_1_281' title='bbox 1064 2106 1157 2148; x_wconf 83' lang='lat' dir='ltr'><strong>quid,</strong></span> <span class='ocrx_word' id='word_1_282' title='bbox 1175 2107 1244 2147; x_wconf 83' lang='lat' dir='ltr'><strong>cui,</strong></span> <span class='ocrx_word' id='word_1_283' title='bbox 1260 2107 1407 2148; x_wconf 87' lang='lat' dir='ltr'><strong>quando,</strong></span> <span class='ocrx_word' id='word_1_284' title='bbox 1424 2116 1540 2148; x_wconf 90' lang='lat' dir='ltr'><strong>quare,</strong></span> <span class='ocrx_word' id='word_1_285' title='bbox 1558 2105 1627 2144; x_wconf 89' lang='lat' dir='ltr'><strong>ubi,</strong></span> <span class='ocrx_word' id='word_1_286' title='bbox 1640 2110 1677 2137; x_wconf 85' lang='lat' dir='ltr'><strong>et</strong></span> 
     </span>
     <span class='ocr_line' id='line_1_52' title="bbox 980 2155 1674 2197; baseline -0.003 -9"><span class='ocrx_word' id='word_1_287' title='bbox 980 2161 1110 2196; x_wconf 90' lang='lat' dir='ltr'><strong>cetera,</strong></span> <span class='ocrx_word' id='word_1_288' title='bbox 1143 2156 1213 2187; x_wconf 89' lang='lat' dir='ltr'><strong>sine</strong></span> <span class='ocrx_word' id='word_1_289' title='bbox 1241 2156 1362 2197; x_wconf 85' lang='lat' dir='ltr'><strong>quibus</strong></span> <span class='ocrx_word' id='word_1_290' title='bbox 1387 2155 1470 2187; x_wconf 87' lang='lat' dir='ltr'><strong>facti</strong></span> <span class='ocrx_word' id='word_1_291' title='bbox 1495 2155 1582 2187; x_wconf 86' lang='lat' dir='ltr'><strong>ratio</strong></span> <span class='ocrx_word' id='word_1_292' title='bbox 1607 2165 1674 2186; x_wconf 90' lang='lat' dir='ltr'><strong>non</strong></span> 
     </span>
     <span class='ocr_line' id='line_1_53' title="bbox 981 2204 1674 2247; baseline -0.001 -10"><span class='ocrx_word' id='word_1_293' title='bbox 981 2204 1173 2237; x_wconf 60' lang='lat' dir='ltr'><strong>constabit?</strong></span> <span class='ocrx_word' id='word_1_294' title='bbox 1229 2204 1284 2236; x_wconf 91' lang='lat' dir='ltr'><strong>Ad</strong></span> <span class='ocrx_word' id='word_1_295' title='bbox 1301 2215 1376 2247; x_wconf 89' lang='lat' dir='ltr'><strong>quae</strong></span> <span class='ocrx_word' id='word_1_296' title='bbox 1392 2205 1463 2236; x_wconf 89' lang='lat' dir='ltr'><strong>sine</strong></span> <span class='ocrx_word' id='word_1_297' title='bbox 1487 2204 1590 2236; x_wconf 90' lang='lat' dir='ltr'><strong>dubio</strong></span> <span class='ocrx_word' id='word_1_298' title='bbox 1619 2213 1674 2235; x_wconf 90' lang='lat' dir='ltr'><strong>re-</strong></span> 
     </span>
     <span class='ocr_line' id='line_1_54' title="bbox 979 2255 1106 2296; baseline 0 -10"><span class='ocrx_word' id='word_1_299' title='bbox 979 2255 1106 2296; x_wconf 79' lang='lat' dir='ltr'><strong>spexit.</strong></span> 
     </span>
    </p>

    <p class='ocr_par' dir='ltr' id='par_1_22' title="bbox 976 2304 1677 2639">
     <span class='ocr_line' id='line_1_55' title="bbox 1013 2304 1676 2344; baseline 0 -8"><span class='ocrx_word' id='word_1_300' title='bbox 1013 2307 1053 2337; x_wconf 76' lang='lat'><strong>34</strong></span> <span class='ocrx_word' id='word_1_301' title='bbox 1067 2305 1237 2336; x_wconf 80' lang='lat' dir='ltr'><strong>Durabunt</strong></span> <span class='ocrx_word' id='word_1_302' title='bbox 1251 2308 1347 2344; x_wconf 79' lang='lat' dir='ltr'><strong>actus,</strong></span> <span class='ocrx_word' id='word_1_303' title='bbox 1362 2308 1390 2336; x_wconf 85' lang='lat' dir='ltr'><strong>et</strong></span> <span class='ocrx_word' id='word_1_304' title='bbox 1408 2305 1540 2336; x_wconf 79' lang='lat' dir='ltr'><strong>transiet</strong></span> <span class='ocrx_word' id='word_1_305' title='bbox 1552 2304 1676 2344; x_wconf 76' lang='lat' dir='ltr'><strong>auctor]</strong></span> 
     </span>
     <span class='ocr_line' id='line_1_56' title="bbox 976 2354 1677 2395; baseline -0.001 -9"><span class='ocrx_word' id='word_1_306' title='bbox 976 2355 1089 2386; x_wconf 88' lang='lat' dir='ltr'><strong>Tibul.</strong></span> <span class='ocrx_word' id='word_1_307' title='bbox 1102 2363 1128 2386; x_wconf 86' lang='lat'><strong>1.</strong></span> <span class='ocrx_word' id='word_1_308' title='bbox 1143 2358 1176 2387; x_wconf 86' lang='grc'><strong>4.</strong></span> <span class='ocrx_word' id='word_1_309' title='bbox 1197 2354 1275 2386; x_wconf 80' lang='lat' dir='ltr'><strong>‘Ah</strong></span> <span class='ocrx_word' id='word_1_310' title='bbox 1298 2355 1326 2385; x_wconf 90' lang='lat' dir='ltr'><strong>si</strong></span> <span class='ocrx_word' id='word_1_311' title='bbox 1341 2354 1458 2386; x_wconf 89' lang='lat' dir='ltr'><strong>tardus</strong></span> <span class='ocrx_word' id='word_1_312' title='bbox 1484 2355 1562 2395; x_wconf 86' lang='lat' dir='ltr'><strong>eris,</strong></span> <span class='ocrx_word' id='word_1_313' title='bbox 1584 2364 1677 2386; x_wconf 85' lang='lat' dir='ltr'><strong>erra-</strong></span> 
     </span>
     <span class='ocr_line' id='line_1_57' title="bbox 981 2405 1675 2447; baseline 0 -11"><span class='ocrx_word' id='word_1_314' title='bbox 981 2406 1046 2445; x_wconf 88' lang='lat' dir='ltr'><strong>bis,</strong></span> <span class='ocrx_word' id='word_1_315' title='bbox 1061 2406 1205 2437; x_wconf 82' lang='lat' dir='ltr'><strong>transiet</strong></span> <span class='ocrx_word' id='word_1_316' title='bbox 1221 2405 1328 2438; x_wconf 75' lang='lat' dir='ltr'><strong>aeta8.’</strong></span> <span class='ocrx_word' id='word_1_317' title='bbox 1370 2405 1425 2437; x_wconf 91' lang='lat' dir='ltr'><strong>Ad</strong></span> <span class='ocrx_word' id='word_1_318' title='bbox 1444 2415 1518 2447; x_wconf 88' lang='lat' dir='ltr'><strong>quae</strong></span> <span class='ocrx_word' id='word_1_319' title='bbox 1535 2415 1675 2446; x_wconf 83' lang='lat' dir='ltr'><strong>magnus</strong></span> 
     </span>
     <span class='ocr_line' id='line_1_58' title="bbox 981 2455 1676 2496; baseline 0.001 -11"><span class='ocrx_word' id='word_1_320' title='bbox 981 2455 1146 2496; x_wconf 85' lang='lat' dir='ltr'><strong>Scaliger,</strong></span> <span class='ocrx_word' id='word_1_321' title='bbox 1161 2459 1170 2473; x_wconf 75' lang='lat'><strong>⁴</strong></span> <span class='ocrx_word' id='word_1_322' title='bbox 1183 2455 1335 2495; x_wconf 81' lang='grc' dir='ltr'><strong><em>ἆρχαικῶς</em></strong></span> <span class='ocrx_word' id='word_1_323' title='bbox 1344 2464 1405 2495; x_wconf 88' lang='lat' dir='ltr'><strong>pro</strong></span> <span class='ocrx_word' id='word_1_324' title='bbox 1414 2455 1581 2487; x_wconf 86' lang='lat' dir='ltr'><strong>transibit.</strong></span> <span class='ocrx_word' id='word_1_325' title='bbox 1595 2456 1676 2486; x_wconf 88' lang='lat' dir='ltr'><strong>Ter-</strong></span> 
     </span>
     <span class='ocr_line' id='line_1_59' title="bbox 981 2505 1675 2545; baseline -0.003 -8"><span class='ocrx_word' id='word_1_326' title='bbox 981 2506 1141 2537; x_wconf 89' lang='lat' dir='ltr'><strong>tullianus</strong></span> <span class='ocrx_word' id='word_1_327' title='bbox 1152 2506 1313 2537; x_wconf 88' lang='lat' dir='ltr'><strong>adversus</strong></span> <span class='ocrx_word' id='word_1_328' title='bbox 1321 2505 1475 2545; x_wconf 84' lang='lat' dir='ltr'><strong>Judaeos,</strong></span> <span class='ocrx_word' id='word_1_329' title='bbox 1484 2506 1534 2536; x_wconf 84' lang='lat' dir='ltr'><strong>Ex</strong></span> <span class='ocrx_word' id='word_1_330' title='bbox 1543 2510 1576 2536; x_wconf 84' lang='lat' dir='ltr'><strong>te</strong></span> <span class='ocrx_word' id='word_1_331' title='bbox 1587 2505 1675 2536; x_wconf 88' lang='lat' dir='ltr'><strong>enim</strong></span> 
     </span>
     <span class='ocr_line' id='line_1_60' title="bbox 981 2557 1674 2600; baseline -0.001 -12"><span class='ocrx_word' id='word_1_332' title='bbox 981 2557 1075 2588; x_wconf 86' lang='lat' dir='ltr'><strong>exiet</strong></span> <span class='ocrx_word' id='word_1_333' title='bbox 1091 2557 1171 2599; x_wconf 88' lang='lat' dir='ltr'><strong>dux,</strong></span> <span class='ocrx_word' id='word_1_334' title='bbox 1186 2559 1242 2600; x_wconf 83' lang='lat' dir='ltr'><strong>qui</strong></span> <span class='ocrx_word' id='word_1_335' title='bbox 1258 2562 1374 2599; x_wconf 89' lang='lat' dir='ltr'><strong>pascet</strong></span> <span class='ocrx_word' id='word_1_336' title='bbox 1388 2557 1547 2598; x_wconf 85' lang='lat' dir='ltr'><strong>populum</strong></span> <span class='ocrx_word' id='word_1_337' title='bbox 1563 2566 1674 2588; x_wconf 90' lang='lat' dir='ltr'><strong>meum</strong></span> 
     </span>
     <span class='ocr_line' id='line_1_61' title="bbox 980 2606 1111 2639; baseline -0.015 0"><span class='ocrx_word' id='word_1_338' title='bbox 980 2606 1111 2639; x_wconf 67' lang='lat' dir='ltr'><strong>Israel!</strong></span> 
     </span>
    </p>

    <p class='ocr_par' dir='ltr' id='par_1_23' title="bbox 981 2655 1674 2738">
     <span class='ocr_line' id='line_1_62' title="bbox 1023 2655 1674 2697; baseline -0.002 -10"><span class='ocrx_word' id='word_1_339' title='bbox 1023 2659 1065 2687; x_wconf 90' lang='grc'><strong>40</strong></span> <span class='ocrx_word' id='word_1_340' title='bbox 1081 2657 1184 2697; x_wconf 74' lang='lat' dir='ltr'><strong>Rapta</strong></span> <span class='ocrx_word' id='word_1_341' title='bbox 1198 2657 1380 2689; x_wconf 82' lang='lat' dir='ltr'><strong>Palamedes</strong></span> <span class='ocrx_word' id='word_1_342' title='bbox 1392 2656 1498 2687; x_wconf 85' lang='lat' dir='ltr'><strong>Marte</strong></span> <span class='ocrx_word' id='word_1_343' title='bbox 1511 2655 1674 2696; x_wconf 76' lang='lat' dir='ltr'><strong>superbus]</strong></span> 
     </span>
     <span class='ocr_line' id='line_1_63' title="bbox 981 2706 1207 2738; baseline 0.013 -3"><span class='ocrx_word' id='word_1_344' title='bbox 981 2706 1070 2736; x_wconf 89' lang='lat' dir='ltr'><strong>Vide</strong></span> <span class='ocrx_word' id='word_1_345' title='bbox 1081 2715 1116 2737; x_wconf 87' lang='lat' dir='ltr'><strong>v.</strong></span> <span class='ocrx_word' id='word_1_346' title='bbox 1133 2709 1207 2738; x_wconf 82' lang='lat'><strong>358.</strong></span> 
     </span>
    </p>

    <p class='ocr_par' dir='ltr' id='par_1_24' title="bbox 982 2753 1672 2838">
     <span class='ocr_line' id='line_1_64' title="bbox 1022 2753 1672 2794; baseline 0 -8"><span class='ocrx_word' id='word_1_347' title='bbox 1022 2758 1063 2786; x_wconf 80' lang='lat'><strong>43</strong></span> <span class='ocrx_word' id='word_1_348' title='bbox 1090 2756 1134 2787; x_wconf 87' lang='lat' dir='ltr'><strong>Et</strong></span> <span class='ocrx_word' id='word_1_349' title='bbox 1153 2755 1271 2788; x_wconf 75' lang='lat' dir='ltr'><strong>medius</strong></span> <span class='ocrx_word' id='word_1_350' title='bbox 1291 2755 1439 2787; x_wconf 79' lang='lat' dir='ltr'><strong>decrescit</strong></span> <span class='ocrx_word' id='word_1_351' title='bbox 1466 2753 1557 2794; x_wconf 80' lang='lat' dir='ltr'><strong>ager]</strong></span> <span class='ocrx_word' id='word_1_352' title='bbox 1583 2753 1672 2786; x_wconf 80' lang='lat' dir='ltr'><strong>Vide</strong></span> 
     </span>
     <span class='ocr_line' id='line_1_65' title="bbox 982 2807 1112 2838; baseline -0.008 -1"><span class='ocrx_word' id='word_1_353' title='bbox 982 2814 1022 2838; x_wconf 86' lang='lat'><strong>11.</strong></span> <span class='ocrx_word' id='word_1_354' title='bbox 1039 2807 1112 2837; x_wconf 86' lang='lat'><strong>131.</strong></span> 
     </span>
    </p>
   </div>
  </div>
 </body>
</html>
