1889 3194
522 305 584 334 DE
619 304 773 334 BELLO
807 302 1031 333 TROJANO
1067 302 1158 332 [ΑΒ.
1192 302 1222 332 1.

1507 291 1591 332 397

146 397 290 440 Corda
311 400 496 450 gemant,
519 398 636 439 vultu
658 398 872 451 lacrymas
893 396 1082 449 castigat
1102 395 1304 437 adultas:

146 464 209 506 Ut
230 465 390 505 saltem
409 468 553 517 speret
574 464 700 505 ducis
720 464 775 505 ad
797 463 959 504 solatia
977 462 1132 515 vulgus
1149 475 1160 503 ε

145 530 263 572 Nam
286 543 453 571 summe
473 530 601 571 miser
620 535 704 580 est,
724 530 796 571 cui
816 543 899 571 nec
919 542 1094 584 sperare
1113 529 1316 570 relictum
1337 532 1416 570 est.

200 597 301 639 Nec
321 610 458 647 mora,
483 597 688 638 diffusam
710 597 868 651 spatiis
888 596 1128 650 majoribus
1147 596 1299 636 urbem

1500 595 1587 636 475

141 664 351 717 Integrat,
373 676 426 706 ac
447 665 596 718 potior
616 664 880 705 constructio
901 664 1099 704 Barbara
1118 661 1320 704 Graecam

141 731 353 773 Excludit
374 731 586 772 Nemesin
604 744 613 771 :
643 730 848 771 medicati
867 731 1048 772 vulnera
1067 730 1195 771 muri.

140 798 386 852 Respirant
406 799 588 839 meliore
609 811 757 848 manu,
780 800 1087 851 contemtaque
1107 796 1250 837 moles

137 864 192 905 In
214 877 380 906 saevum
401 865 598 918 patuisse
618 864 812 905 aditum:
842 869 887 904 et
909 876 998 918 qua
1020 876 1133 904 saxa
1151 862 1379 913 recedunt,

139 930 409 973 Continuant
430 932 571 973 valvae
594 931 822 985 duplices:
851 931 949 972 haec
971 930 1147 971 cardine
1166 930 1273 972 laxo

1499 928 1583 969 480

136 997 339 1039 Alternos
360 998 512 1052 pandit
530 998 693 1048 aditus,
710 998 808 1040 haec
829 999 959 1039 robur
981 1010 1184 1039 acernum

137 1064 322 1106 Pectine
341 1062 504 1106 fflrrato
526 1066 690 1106 tacitos
712 1064 945 1119 suspendit
964 1065 1007 1105 in
1025 1078 1147 1106 usus.

190 1130 384 1184 Jamque
400 1144 527 1173 arces
544 1131 762 1173 cecidisse
779 1131 921 1184 juvat,
936 1131 1032 1185 jam
1053 1131 1253 1173 machina
1274 1130 1425 1183 major,

136 1198 196 1239 Et
214 1197 336 1239 lucro
351 1197 529 1251 ¹jactura
549 1198 657 1239 fuit:
690 1198 878 1239 muralia
899 1198 1063 1251 primas

784 1295 928 1328 NOTAE

132 1369 261 1400 murice
279 1367 409 1400 multo.’
431 1369 527 1401 Hier.
545 1369 654 1410 Epist.
670 1373 725 1401 27.
743 1371 830 1401 ‘coe-

130 1419 209 1450 lesti
234 1428 310 1450 rore
333 1420 542 1459 complutum
564 1419 640 1451 est.'
684 1419 826 1451 Latinus

130 1468 323 1500 Pacatnsin
336 1468 464 1508 Paneg.
481 1469 614 1509 ‘Fingit
627 1469 776 1510 quidem,
789 1473 826 1500 ut

131 1518 270 1557 scimus,
286 1521 321 1548 et
338 1518 437 1548 timor
453 1518 625 1558 gaudium,
639 1518 696 1549 sed
714 1518 762 1549 ita
777 1519 826 1549 in-

130 1569 231 1598 timos
247 1567 370 1598 mentis
388 1565 531 1598 affectus
549 1567 704 1607 proditor
717 1568 827 1599 vultus

129 1618 300 1658 enunciat,
315 1622 352 1649 ut
376 1619 408 1648 in
430 1618 568 1658 speculo
589 1617 752 1649 frontium
769 1628 826 1649 ex-

128 1672 178 1699 tat
193 1668 302 1708 imago
320 1667 525 1698 animorum!

169 1720 233 1749 472
261 1717 356 1749 Vultu
371 1718 523 1758 lacrymas
536 1718 672 1757 castigat
687 1717 825 1758 adultas]

127 1766 216 1797 Vide
232 1776 334 1806 supra
349 1769 424 1798 238.

168 1818 231 1847 474
257 1816 344 1846 Nam
359 1825 476 1847 summe
501 1816 595 1847 miser
617 1821 676 1856 est,
698 1817 747 1847 cuz*
769 1826 824 1848 nec

124 1875 247 1906 sperare
257 1864 412 1905 relictum]
423 1865 523 1896 Unde
535 1865 727 1904 Theocrito,
737 1875 824 1896 mor-

127 1916 189 1954 tui,
214 1914 408 1954 ἇνέλπιστοι,
425 1919 458 1946 et
474 1914 697 1955 desperantes
711 1916 825 1947 κυκνεῖ·

125 1977 161 1996 ον
175 1964 263 2006 ᾄδειν
284 1964 463 2005 proverbio
485 1964 654 1996 dicuutur.
691 1965 821 2005 Dioge-

125 2024 186 2046 nes
214 2015 304 2054 apud
328 2014 422 2046 Stob.
439 2024 536 2045 serm.
553 2017 628 2045 261.
652 2013 822 2054 ἀκρότατον

126 2065 207 2096 κατὰ
217 2065 272 2095 τὸν
286 2064 355 2100 βίον
366 2064 466 2097 ἐλπίς.
511 2065 610 2096 Unde
629 2065 769 2096 Hesiod.
785 2071 821 2097 et

125 2115 309 2154 Homerus,
335 2120 370 2146 ut
392 2120 443 2146 est
469 2114 558 2155 apud
583 2114 760 2146 Plutarch.
777 2116 820 2147 de

127 2164 299 2195 Consolat.
335 2164 486 2195 ultimam
524 2164 726 2195 remansisse
758 2164 819 2195 fin·

125 2217 221 2252 gunt.
265 2212 463 2243 Salvianus:
488 2217 496 2229 ‘
516 2217 623 2243 toturn
647 2212 736 2243 inter
761 2214 820 2244 ho-

125 2262 232 2293 miues
245 2262 369 2302 spebus
380 2260 512 2300 agitur!
539 2260 710 2301 Antiphon
723 2262 821 2294 Orat.

125 2319 206 2341 xlv.
225 2314 298 2342 141.
321 2310 362 2341 τὰ
384 2309 482 2340 πλείω
503 2310 569 2341 τοῖς
585 2309 748 2350 ἀνθρώποις
761 2312 819 2342 τοῦ

125 2358 197 2395 βίου
226 2361 260 2391 ἐν
282 2361 350 2391 ταῖς
379 2358 502 2391 ἐλπίσιν
529 2359 608 2390 ἐστί.
645 2359 819 2392 ’Έλπεσθαι

124 2412 186 2451 χρὴ
198 2409 312 2450 πάντα,
334 2415 371 2442 ut
385 2420 427 2441 ex
444 2411 528 2442 Lino
544 2411 666 2442 recitat
681 2411 819 2441 Iambli-

122 2462 201 2491 elius
218 2460 305 2491 libro
321 2460 363 2491 de
381 2461 452 2491 vita
467 2460 614 2501 Pythag.
632 2463 705 2491 131.
733 2460 818 2491 Pro-

124 2510 218 2541 verb.
235 2515 350 2541 notum
368 2515 430 2544 est,
454 2510 463 2525 ‘
481 2509 621 2549 AEgroto
642 2509 720 2540 dum
748 2509 818 2540 ani-

123 2570 178 2591 ma
193 2564 258 2599 est,
272 2569 349 2600 spes
364 2558 439 2590 est.’
462 2559 543 2590 Sen-
556 2560 620 2599 Ep.
633 2562 706 2591 103.
721 2563 729 2576 ¹
742 2559 817 2590 Nec

122 2610 313 2651 speraveris
357 2609 428 2640 sine
466 2609 716 2649 desperatione,
753 2618 816 2640 nec

122 2659 358 2700 desperaveris
380 2659 450 2690 sine
467 2658 548 2699 spe!
591 2660 600 2676 ‘
617 2660 708 2690 Dum
734 2659 816 2690 vivis

122 2718 259 2749 sperare
278 2708 400 2740 decet!
428 2709 545 2750 Priap.
563 2713 692 2740 auctor.
727 2709 816 2740 Vide

121 2759 244 2795 Scalig.
274 2758 452 2789 Catalecta
474 2759 529 2790 tit.
548 2761 598 2789 18.
622 2759 673 2789 De
691 2768 763 2798 spe,
781 2762 816 2789 et

122 2809 292 2840 Tibullum
310 2809 342 2839 in
358 2808 423 2839 fine
437 2817 476 2841 Π.
500 2808 579 2840 Sen.
604 2808 636 2839 in
662 2807 787 2839 Medea
807 2818 814 2838 :

880 1368 890 1386 ‘
904 1368 972 1402 Qui
991 1369 1038 1400 nil
1060 1373 1175 1410 potest
1189 1377 1339 1410 sperare,
1355 1368 1515 1409 desperet
1530 1368 1580 1399 ni-

880 1417 952 1449 hil!
970 1419 1077 1450 Recte
1088 1424 1202 1450 tamen
1213 1418 1382 1449 Pindarus
1397 1419 1499 1449 Nem.
1512 1418 1581 1448 Od.

881 1475 960 1498 vul.
986 1467 1095 1498 κενεᾶν
1118 1467 1155 1498 Δ’
1177 1466 1310 1497 ἐλπίδων
1337 1466 1452 1505 χαῦνον
1474 1465 1580 1497 τέλος.

881 1519 1000 1559 Varro,
1012 1519 1183 1551 ‘umbram
1195 1520 1268 1559 spei
1279 1519 1443 1550 devorare
1456 1518 1476 1549 :'
1488 1519 1578 1559 quod

880 1569 1097 1609 proverbium
1115 1569 1258 1601 redolet.
1302 1569 1450 1609 Egregie
1474 1569 1577 1599 etiam

880 1618 922 1650 de
933 1628 993 1659 spe
1007 1619 1179 1659 Chrysost.
1192 1620 1295 1651 Hom.
1306 1622 1356 1650 17.
1368 1619 1401 1650 in
1414 1619 1577 1649 Genesin.

921 1672 984 1701 477
1002 1670 1155 1701 Medicatz'
1166 1671 1295 1701 vulnera
1311 1669 1408 1710 muri]
1433 1669 1487 1700 Sic
1498 1669 1574 1699 Val.

879 1719 1022 1749 Flaccus
1039 1718 1081 1749 de
1095 1719 1172 1750 navi
1188 1718 1428 1755 dishiascente‚
1439 1722 1477 1748 ut
1489 1717 1576 1748 Cato

878 1769 1038 1810 loquitur,
1064 1769 1146 1800 ‘Vel
1164 1769 1239 1810 pice
1258 1769 1310 1799 vel
1333 1768 1424 1799 molli
1439 1768 1575 1798 conclu-

877 1818 959 1849 dere
985 1818 1126 1849 vnlnera
1149 1816 1251 1848 cera.'
1275 1826 1298 1848 ι.
1328 1817 1487 1857 Propert.
1515 1825 1573 1847 nr.

880 1867 992 1898 Elect.
1007 1870 1037 1898 1.
1062 1867 1071 1883 ‘
1085 1867 1216 1907 Sponte
1240 1876 1300 1897 sna
1312 1867 1397 1897 muri
1421 1866 1574 1896 membra

878 1915 987 1947 coisse
1003 1915 1137 1947 ferant!

917 1968 980 1996 478
994 1966 1215 2006 Contemtuque
1229 1966 1321 1996 moles
1337 1965 1376 1995 In
1390 1975 1504 1996 saevum
1517 1975 1572 2006 pa-

875 2015 972 2046 tuisse
997 2015 1130 2055 aditum]
1146 2013 1366 2054 Ἕλληνισμός.
1397 2015 1534 2046 Partem
1552 2025 1572 2045 a

874 2064 980 2096 Peleo
1004 2064 1228 2104 destructam,
1255 2070 1363 2105 portae
1388 2064 1435 2095 ait
1460 2065 1571 2096 locum

875 2113 1072 2155 praebuisse.

916 2166 978 2195 481
1004 2162 1113 2194 Robur
1125 2174 1268 2195 acernum
1295 2164 1421 2195 Pectine
1428 2164 1570 2204 ferrato]

875 2213 1092 2244 Catarractas
1109 2214 1257 2254 pensiles
1269 2213 1462 2253 περιγράφει.

915 2265 978 2293 483
1013 2263 1089 2293 Jam
1119 2263 1259 2293 machina
1285 2263 1398 2303 major]
1433 2263 1570 2302 Virgilii

873 2312 1002 2343 ductu:
1037 2317 1046 2330 ‘
1061 2312 1210 2351 pendent
1241 2322 1348 2352 opera
1375 2312 1570 2352 interrupta

871 2361 1038 2402 minaeque
1052 2361 1228 2392 Murorum
1242 2361 1397 2400 ingentes
1423 2367 1570 2402 aequata-

871 2419 936 2450 que
949 2410 1104 2440 machina
1120 2409 1230 2440 coelo.'
1277 2410 1402 2450 Papin.
1421 2419 1462 2441 11.
1478 2411 1569 2451 Sylv.

871 2461 953 2492 ‘nec
969 2460 1084 2492 solidis
1101 2459 1240 2500 prodest
1258 2469 1318 2490 sua
1329 2460 1484 2491 machina
1499 2465 1568 2491 ter-

872 2510 940 2542 ris.’
962 2520 1018 2542 ur.
1044 2515 1052 2528 ‘
1067 2511 1154 2541 Dum
1176 2519 1230 2540 me
1245 2508 1435 2540 flammiferi
1453 2515 1567 2549 porta-

871 2561 924 2592 bit.
938 2560 1092 2592 machina
1103 2560 1198 2590 coeli.’
1214 2559 1275 2590 sub
1287 2559 1387 2590 finem
1401 2568 1464 2590 vn.
1476 2565 1485 2578 ‘
1498 2561 1566 2591 vol-

872 2610 982 2641 ventis
998 2609 1151 2641 machina
1173 2609 1272 2640 coeli.’
1318 2609 1436 2640 Manil.
1462 2614 1496 2640 et
1523 2618 1565 2642 n.

870 2659 879 2676 ‘
898 2658 1058 2690 Machina
1082 2658 1171 2689 enim
1197 2657 1328 2689 moles.’
1364 2658 1474 2689 Etiam
1503 2668 1564 2699 pro

870 2710 958 2740 mola
974 2708 1051 2739 vide
1066 2708 1227 2748 Scaliger.
1243 2707 1279 2738 in
1295 2708 1446 2748 Festum,
1458 2711 1510 2739 62.

911 2761 974 2789 484
1001 2759 1044 2788 Et
1074 2759 1158 2788 lucro
1179 2757 1307 2795 jactura
1326 2756 1410 2796 fuit]
1440 2757 1562 2797 Papin.

871 2807 960 2839 ‘Par
972 2808 1109 2848 jactura
1121 2807 1239 2839 lucro?
1277 2806 1416 2847 Optime
1429 2802 1492 2838 huc
1511 2816 1562 2838 re—
