1889 3194
501 363 563 393 DE
596 363 751 393 BELLO
784 362 1009 393 'rRoJANo
1043 362 1138 393 LIB.
1168 362 1222 393 Π.

140 455 208 497 Εη
229 467 342 505 aras,
364 468 420 497 en
440 455 565 498 thura
585 456 666 497 tibi
687 454 935 496 communia
957 458 1149 508 poscunt

1493 351 1579 392 405

140 522 351 564 Nutrices
373 523 589 564 scelerum
613 522 786 564 Furiae:
817 522 1049 575 noctisque
1070 525 1280 575 tyrannos

140 590 336 631 Exorare
351 590 512 644 jubent
531 590 693 632 coelum
712 589 825 630 inter
844 589 1009 630 moenia
1028 589 1245 637 clausum,

141 656 362 698 Concives
381 657 590 698 habuisse
614 657 753 697 Deos.

140 723 405 777 Tisiphone,
427 723 607 776 regique
627 735 710 763 suo
732 722 900 764 cultore
920 727 1096 775 negato,

141 790 288 842 Quam
309 790 430 832 dedit
446 790 659 831 invidiam
680 789 898 842 Phrygius
918 789 1024 831 luet.

142 856 356 899 Curarum
375 857 503 897 furiis
523 856 730 909 vigilique
750 856 944 909 impulsa
965 856 1115 898 dolore

143 923 275 964 Mens
296 924 519 965 Priamum
535 924 581 964 in
603 923 776 964 diversa
797 923 953 965 trahit:
976 937 1090 964 nunc
1112 924 1260 965 Marte
1275 921 1475 977 reposcit

144 990 408 1040 Hesionem,
426 1003 542 1032 nunc
563 990 679 1031 bella
699 991 837 1032 timet.

145 1057 313 1098 Fortior
331 1057 457 1098 inniti
478 1058 701 1111 precibus,
722 1062 892 1098 tentare
912 1058 1127 1112 Pelasgos

144 1124 382 1165 Blanditiis
399 1138 408 1165 :
439 1137 548 1165 voce
567 1123 649 1165 hac
669 1125 860 1176 legatum
880 1123 1104 1167 Antenora
1123 1125 1293 1166 demum

145 1191 342 1242 Instruit,
365 1196 410 1232 et
429 1203 567 1245 parvo
587 1191 753 1232 claudit
774 1191 983 1232 mandata
1001 1192 1162 1233 libello.

204 1258 450 1306 Hactenus,
470 1257 620 1299 invicti
642 1271 745 1310 gens
768 1257 1007 1311 imperiosa
1028 1258 1223 1311 Pelasgi,

146 1325 348 1366 Libertas
370 1323 494 1366 Asiae
515 1324 650 1365 nullis
670 1337 883 1365 concussa
902 1326 1079 1377 vigebat

147 1390 364 1432 Casibus:
395 1390 554 1431 invidit
572 1390 752 1431 solitum
772 1390 947 1432 fortuna
968 1391 1181 1442 favorem,

147 1458 207 1499 Et
226 1470 366 1498 rerum
388 1456 581 1497 decrevit
601 1469 745 1510 apex:
776 1470 926 1499 verum
949 1457 1147 1499 Hercule
1168 1459 1288 1500 vinci

1523 453 1580 493 25

810 656 929 697 Hem
947 656 1114 711 linquet
1134 655 1324 696 inultum

1087 789 1205 832 Ecce
1226 788 1457 844 profundis
1527 788 1584 830 30

896 991 1123 1033 Sententia
1144 991 1316 1033 tandem

1531 1121 1589 1163 35

1536 1457 1592 1496 40

145 1525 297 1577 Turpe
317 1524 476 1573 minus,
497 1527 709 1577 tantoque
729 1524 851 1565 leves
872 1527 1052 1565 auctore
1073 1525 1227 1566 ruinae.

148 1591 282 1632 Nunc
303 1591 411 1644 quia
430 1590 638 1631 conciliat
656 1589 840 1631 humiles
860 1589 1004 1639 favor,
1025 1603 1143 1631 exuo
1163 1604 1326 1643 regem,

149 1656 201 1698 ln
221 1659 401 1699 miseras
421 1656 643 1698 descendo
663 1669 843 1710 preces:
875 1657 941 1698 sic
964 1657 1093 1700 India
1115 1658 1356 1708 Bacchum,

748 1797 989 1810 ”MOMONO

795 1885 937 1917 NOTAE

191 1972 230 2000 25
257 1970 309 2001 En
333 1978 417 2008 αναε,
443 1980 479 2002 en
504 1971 598 2001 thura
622 1968 697 2009 tibi]
720 1969 761 2001 In
786 1977 844 2002 ora

149 2022 225 2048 erat
239 2018 249 2035 ‘
262 2017 347 2057 sibi,'
368 2015 458 2057 quod
472 2016 601 2046 melius.

190 2069 231 2098 27
251 2067 369 2098 Coelum
385 2066 468 2096 inter
480 2065 593 2096 moenia
606 2065 754 2104 clausum,
766 2065 846 2096 Con·

151 2116 234 2147 cives
248 2116 389 2147 habuisse
404 2116 505 2156 Deos]
526 2115 632 2148 Refer
647 2117 690 2148 ad
711 2115 749 2147 τὸ
767 2116 777 2132 ‘
788 2115 845 2156 ju-

152 2164 268 2196 bent:’
291 2166 345 2196 vel
380 2166 413 2196 in
437 2175 508 2206 seq.
537 2175 638 2197 versu
664 2167 753 2207 lege,
783 2167 846 2197 ‘an

151 2215 285 2256 linquet
311 2215 454 2247 inultum
479 2216 687 2256 Tisiphone‚’
711 2221 747 2247 et
769 2225 848 2247 con·

147 2264 257 2304 junge
281 2274 357 2295 cum
382 2264 564 2304 prioribus,
581 2265 737 2296 concives
756 2274 847 2296 nem-

153 2324 197 2355 pe
213 2315 306 2346 Deos
321 2316 441 2346 coelum
460 2314 555 2355 qnasi
577 2315 742 2345 moenibus
758 2315 849 2346 clau-

153 2373 226 2394 sum
242 2364 332 2395 solos
348 2363 550 2400 inhabitare,
570 2363 681 2394 Furiis
692 2363 850 2396 exclusis.

154 2414 206 2445 Eo
220 2414 303 2446 facit
327 2424 375 2445 νε.
391 2416 425 2445 7.

196 2466 239 2494 29
262 2463 403 2504 Regique
416 2472 470 2494 suo
484 2463 601 2494 cultore
614 2463 744 2504 negato]
767 2463 850 2494 Plu-

155 2514 240 2545 toni.

197 2566 240 2595 40
269 2563 383 2596 Verum
408 2563 547 2595 Hercule
569 2562 653 2595 vinci
671 2563 772 2604 Turpe
792 2562 852 2594 mi-

155 2624 225 2655 nus,
239 2615 385 2655 tantoque
407 2615 487 2645 leves
508 2617 634 2646 auctore
655 2613 771 2654 ruinoe]
794 2613 852 2645 Sic

155 2664 270 2696 Tellus
287 2664 377 2705 apud
406 2663 510 2696 Ovid.
533 2665 543 2681 ⁴
561 2663 758 2705 clademque
775 2673 852 2695 auc-

156 2721 231 2748 tore
246 2714 386 2756 levare‚’
401 2720 437 2747 et
451 2724 492 2747 11.
515 2715 525 2732 ‘
543 2724 742 2756 poenamque
760 2715 853 2745 leva-

156 2767 208 2797 vit
217 2766 367 2807 honore‚'
378 2775 430 2800 ιΧ.
452 2768 462 2784 ‘
474 2766 670 2807 Magnaque
685 2764 744 2796 dat
757 2765 853 2796 nobis

158 2819 273 2847 tantus
293 2816 416 2848 solatia
437 2814 571 2848 victor-‚⁹
587 2823 657 2847 xu.
680 2815 690 2833 ‘
708 2815 856 2846 solamen

898 1969 1025 2002 habeto
1046 1970 1184 2010 Mortis,
1200 1969 1242 2001 ab
1264 1968 1416 2001 AEmonio
1438 1966 1528 2009 qnod
1552 1967 1597 1998 sis

891 2019 1072 2060 jugulatus
1088 2019 1245 2050 Achille)
1273 2019 1436 2058 SicVirg.
1460 2016 1596 2048 ‘AEneae

899 2078 1022 2110 magna
1050 2068 1174 2099 dextra
1199 2067 1320 2108 cadis‚’
1336 2077 1373 2099 x.
1416 2067 1473 2098 Ita
1495 2070 1531 2097 et
1547 2074 1596 2097 vr.

900 2121 974 2150 198.
991 2120 999 2136 ‘
1011 2118 1192 2158 Tantoque
1207 2117 1269 2148 sub
1279 2118 1378 2148 hoste
1391 2116 1486 2148 Nulli
1497 2121 1597 2155 turpe

901 2168 1005 2199 mori!
1014 2168 1192 2208 Capaneus
1203 2167 1291 2207 apud
1301 2166 1424 2207 Papin.
1433 2165 1538 2196 Theb.
1547 2172 1598 2195 lx.

901 2218 982 2258 ‘ego
996 2217 1144 2247 vulneris
1160 2221 1290 2254 auctor,
1304 2217 1420 2247 Laetus
1436 2214 1503 2255 abi,
1515 2215 1599 2245 inul-

902 2270 1042 2307 tumque
1054 2266 1126 2297 aliis
1138 2265 1330 2305 jactantior
1342 2263 1491 2295 umbris!
1536 2263 1599 2294 Isi-

903 2315 986 2347 doro
1001 2316 1117 2346 Pelus.
1133 2324 1180 2346 ιν.
1201 2315 1267 2355 Ep.
1280 2317 1334 2346 27.
1357 2312 1442 2354 φέρει
1454 2312 1518 2353 ’γάρ
1531 2324 1601 2344 τινα

902 2363 1082 2405 φιλοτιμίαν
1095 2365 1162 2395 τοῖς
1175 2362 1410 2405 κεκρατημένοις
1431 2362 1452 2401 ἦ
1473 2364 1535 2395 τῶν
1549 2362 1600 2394 κε’-

902 2414 1102 2455 κρατηκότων
1112 2414 1260 2454 ὑπεροχή.

948 2468 990 2497 42
1004 2465 1040 2496 Ν
1040 2475 1098 2496 unc
1114 2465 1187 2505 quia
1197 2463 1342 2496 conciliat
1356 2463 1486 2495 humiles
1490 2462 1602 2504 favor]

903 2515 1002 2547 Idem
1018 2524 1094 2546 cum
1104 2515 1169 2546 isto
1181 2514 1321 2546 Senecae
1331 2513 1495 2545 Thebaid.
1516 2514 1526 2530 ‘
1538 2512 1602 2544 Mi-

904 2575 998 2597 seros
1033 2565 1138 2605 magis
1161 2563 1300 2596 fortuna
1328 2563 1489 2594 conciliat
1511 2561 1603 2595 suis!

905 2615 1028 2656 Papin.
1050 2623 1101 2645 ιν.
1130 2613 1239 2645 Theb.
1272 2614 1352 2644 ‘seu
1377 2621 1461 2654 quos
1487 2615 1602 2643 movet

904 2665 997 2704 exul,
1022 2668 1057 2696 et
1072 2663 1171 2694 haesit
1186 2662 1358 2694 Tristibus
1371 2666 1474 2693 aucta
1494 2660 1601 2692 fides.’

904 2712 1167 2752 Ψευδεγέσιππος,
1181 2721 1208 2744 ι.
1224 2714 1234 2731 ‘
1248 2711 1445 2743 Alexandro
1461 2720 1503 2741 ex
1518 2710 1602 2750 ipsis

906 2773 966 2795 sex
991 2763 1098 2794 millia
1128 2771 1203 2793 sese
1238 2761 1481 2802 adjunxerant,
1507 2768 1602 2791 more

907 2812 1051 2856 quodam
1067 2811 1202 2844 humani
1222 2810 1363 2852 ingenii,
1386 2809 1603 2851 astipulanti-
