1889 3194
556 364 619 394 DE
656 364 810 395 BELLO
843 363 1071 395 TROJANO
1107 363 1203 396 LlB.
1237 364 1300 394 Vl.

1572 351 1656 394 563

214 456 318 499 Huc
332 457 454 511 jussi
474 470 628 499 venere
649 458 796 500 duces.
847 458 924 498 Sol
943 462 1154 498 merserat
1174 469 1318 507 axem,

212 523 422 565 Venturis
443 524 526 565 hoc
548 529 723 579 tempus
745 529 860 566 erat:
895 525 971 565 fax
993 525 1089 577 igne
1112 536 1269 565 sereno

1574 522 1659 564 735

211 590 328 633 Visa
347 591 468 642 viris,
487 592 582 634 haec
605 593 733 645 signa
753 593 910 633 dabat:
943 592 1009 632 sic
1029 591 1166 632 milite
1180 591 1340 644 juncto

212 657 366 698 Securi
388 658 597 711 dubiique
618 664 789 701 meant:
824 659 976 712 Phryx
995 658 1141 700 indice
1161 658 1340 699 flamma

212 724 375 765 Pandit
395 725 489 774 iter,
510 725 726 780 laxatque
747 727 878 767 sores.

939 726 978 766 Ο
1000 724 1094 766 dira
1110 730 1348 766 nocentum

211 790 423 841 Consilia,
445 805 470 832 o
492 794 664 834 cunctis
685 794 904 845 incognita
924 792 1107 833 crimina
1124 791 1279 833 fastis!

211 857 450 899 Florebant
469 857 596 900 Asiae
617 860 737 909 fines,
759 859 940 900 florebat
958 859 1120 912 opimis

1574 858 1660 900 740

209 924 346 979 Troja
366 926 474 976 suis,
497 933 542 966 et
560 939 659 979 rege
681 930 850 979 potens,
871 929 913 967 et
933 926 1066 967 milite
1082 930 1202 978 tuta3

211 991 310 1033 Nec
333 991 524 1045 Superos
546 1006 625 1034 nec
646 994 740 1034 fata
762 994 945 1034 timens:
976 993 1164 1034 victoria
1183 992 1370 1035 Graium

211 1058 404 1100 Mentito
427 1059 668 1101 Calchante
689 1060 809 1101 brevi
830 1059 1054 1111 cessisset,
1077 1064 1123 1101 at
1142 1060 1281 1102 hostis

210 1125 439 1178 Indigena,
460 1130 517 1176 et,
538 1140 625 1180 quo
646 1127 707 1168 nil
727 1126 922 1179 gravius,
942 1126 1115 1179 privata
1136 1128 1325 1169 nocendi

211 1190 356 1245 Copia
374 1193 663 1234 Thestoriden
683 1200 831 1235 vatem
850 1193 961 1235 facit
978 1207 988 1235 z
1010 1195 1173 1235 invidet
1191 1195 1310 1248 ipse,

1575 1195 1661 1236 745

209 1258 319 1311 Ipse
341 1260 494 1300 urbem
515 1260 627 1302 civis
649 1261 814 1314 aperit:
834 1274 920 1302 non
943 1261 1076 1302 cardo
1098 1265 1307 1311 susurrat,

211 1325 320 1366 Non
341 1326 503 1380 clypei,
524 1340 614 1370 non
634 1328 726 1369 tela
745 1330 921 1376 sonant,
945 1328 1031 1368 scit
1051 1328 1178 1368 turba
1200 1327 1354 1369 silere:

213 1391 374 1435 Omnia
395 1393 524 1445 clam,
547 1394 800 1447 clarumque
819 1394 927 1435 nihil
947 1408 955 1433 :
978 1395 1100 1448 prior
1119 1395 1225 1436 urbe
1244 1395 1412 1448 potitus

860 1558 1001 1592 No'rAE

250 1680 312 1712 ⁷34
330 1678 387 1710 Sol
400 1681 547 1711 merserat
570 1677 676 1720 axem]
693 1677 798 1720 Atqui
813 1676 824 1695 ‘
839 1686 905 1708 non

209 1729 378 1770 mergitur
398 1729 497 1760 undis
516 1729 600 1760 Axis
623 1727 844 1766 inocciduus,’
870 1731 907 1759 ut

207 1779 255 1811 ait
272 1780 398 1811 Lucan.
409 1788 492 1812 vnt.
515 1779 574 1810 sed
590 1779 690 1810 aliter
702 1778 904 1810 vocabulum

210 1828 323 1860 ‘axis'
347 1829 400 1861 hic
417 1834 610 1870 usurpatur.
652 1829 749 1860 Idem
776 1828 904 1859 Lucan.

207 1888 265 1911 111.
285 1879 414 1910 ‘medio
438 1889 513 1910 cum
535 1878 683 1910 Phoebus
697 1879 731 1909 in
750 1887 812 1909 axe
828 1876 904 1908 est.’

207 1937 242 1960 v.
263 1928 371 1959 ‘Tum
393 1937 552 1969 superum
580 1936 733 1959 convexa
755 1930 906 1958 tremunt

208 1982 309 2020 atque
325 1978 449 2010 arduus
472 1977 546 2009 axis
562 1977 731 2017 Insonuit,
745 1980 906 2016 motaque

208 2028 275 2068 poli
288 2036 452 2068 compage
467 2026 648 2058 laborant!
680 2026 806 2058 Juven.
821 2033 906 2055 vui.

208 2079 217 2095 ‘
233 2077 386 2109 Gallicus
400 2076 498 2115 axis,’
511 2076 611 2108 clima
626 2076 715 2107 coeli.
739 2081 748 2094 ‘
760 2075 853 2107 Imus
870 2075 904 2105 iu

208 2128 367 2160 adversos
385 2127 487 2160 axes.'
531 2128 658 2160 Lucan.
694 2127 783 2158 Vide
800 2125 901 2157 Scali-

207 2188 279 2219 ger.
297 2178 338 2209 ad
356 2179 517 2219 Propert.
532 2180 607 2210 261.
631 2177 688 2209 ubi
703 2176 819 2208 ‘axis’
842 2175 904 2207 eti·

208 2237 261 2259 am
278 2237 340 2269 pro
361 2227 499 2268 fastigio
522 2227 659 2259 montis.
704 2226 805 2259 Quod
822 2235 904 2256 vero

208 2280 312 2308 noctu
326 2277 461 2317 Trojam
478 2277 527 2308 ait
543 2280 693 2316 captam,
713 2275 804 2306 idem
831 2274 904 2305 fere

209 2335 348 2358 omnes:
387 2327 475 2357 idem
497 2333 617 2356 auctor
641 2334 755 2365 parvae
786 2323 905 2354 Iliadis

209 2376 300 2416 apud
314 2376 421 2408 clem.
438 2376 535 2407 Alex.
551 2376 677 2407 Strom.
696 2385 721 2406 1.
733 2377 807 2406 236.
844 2373 907 2413 Νὺξ

207 2426 266 2466 μὲν
281 2425 334 2463 ἔην
347 2425 480 2467 μεσάτα,
496 2425 623 2466 λαμπρὰ
642 2426 668 2456 δ’
684 2424 838 2456 ἐπέτελλε
852 2435 906 2456 σε·

208 2476 310 2508 λάναε
336 2477 392 2518 qui
418 2486 534 2508 versus
549 2477 651 2507 etiarn
674 2475 762 2516 apud
779 2474 903 2506 Euseb.

209 2532 245 2558 et
272 2526 504 2567 Lycophronis
542 2524 764 2556 Scholiasten.
815 2524 904 2555 Vide

208 2576 310 2606 etiam
328 2575 370 2607 P.
386 2575 553 2606 Merulam
570 2575 611 2606 ad
628 2573 820 2615 fragmenta
837 2574 905 2605 En·

207 2626 254 2657 nii
271 2635 295 2657 1.
312 2627 384 2657 114.

250 2678 315 2708 '738
329 2674 602 2716 Laxatquefores]
621 2674 718 2714 Virg.
734 2674 769 2705 in
783 2672 902 2705 eadem

208 2735 267 2758 re:
290 2727 403 2757 ‘laxat
419 2726 568 2756 claustra
584 2723 713 2756 Sinon.'

250 2779 313 2809 740
331 2775 474 2809 Florebat
488 2776 598 2816 opimis
615 2773 722 2815 Troja]
753 2773 841 2805 Vide
865 2783 901 2805 v.

208 2829 283 2858 201.

251 2878 314 2908 742
338 2874 480 2908 Victoria
508 2875 642 2907 Graium
664 2874 803 2907 Mentito
828 2874 887 2906 Cal

957 1675 1069 1707 chance
1095 1675 1180 1707 brevi
1203 1673 1357 1716 cessisset]
1381 1674 1511 1707 Eadem
1536 1674 1660 1708 Petro-

959 1726 1034 1758 nius
1065 1726 1098 1756 in
1134 1735 1194 1757 sua
1224 1724 1338 1756 ἁλώσει
1371 1726 1505 1766 Trojae:
1542 1727 1662 1759 ‘Vatis

958 1775 1043 1807 fides
1074 1775 1268 1808 Calchantis
1292 1779 1368 1806 atro
1402 1775 1505 1806 dubia
1527 1775 1659 1816 pende-

958 1826 1020 1858 bat
1033 1825 1150 1857 metu!

1000 1878 1063 1907 744
1089 1876 1220 1907 Privata
1232 1875 1360 1906 nocendi
1380 1874 1477 1915 Copia
1502 1875 1661 1906 Thestori-

957 1927 1017 1956 den
1032 1929 1130 1956 vatem
1138 1925 1240 1966 facit]
1264 1923 1405 1956 Ἀσθενὲς
1420 1924 1481 1964 ’γὰρ
1495 1923 1533 1954 τὸ
1548 1934 1659 1955 στασι-

957 1974 1046 2016 άζον.
1070 1976 1215 2007 Aristot.
1239 1975 1347 2007 Polit.
1362 1984 1395 2006 v.
1411 1979 1443 2007 5.
1487 1975 1597 2006 Varro
1623 1975 1660 2006 in

958 2025 1159 2065 fragmentis
1185 2036 1194 2056 ε
1237 2025 1247 2042 ⁴
1273 2024 1498 2056 distractione
1533 2025 1658 2056 civium

959 2075 1172 2115 elanguescit
1196 2074 1322 2105 bonum
1338 2075 1515 2114 proprium
1537 2074 1658 2106 civita-

959 2125 1013 2161 tis,
1029 2134 1096 2166 quo
1115 2128 1283 2165 aegrotare
1299 2123 1422 2162 incipit
1450 2128 1553 2163 atque
1578 2132 1660 2155 con-

958 2174 1161 2205 senescere!
1204 2172 1304 2204 Unde
1337 2172 1531 2203 Dinarchus
1557 2172 1658 2204 Orat.

959 2230 1079 2256 contra
1094 2223 1277 2254 Demosth.
1301 2231 1337 2262 p.
1352 2224 1406 2253 99.
1431 2223 1582 2261 graviter
1608 2222 1659 2252 in-

960 2275 1072 2306 culcat
1089 2283 1097 2303 :
1119 2271 1190 2303 τοὺς
1212 2270 1368 2310 ἡγεμόνας
1385 2270 1500 2302 αἰτίους
1513 2269 1659 2302 ἁπάντων

957 2323 1112 2363 Ὑενέσθαι,
1128 2323 1179 2354 καὶ
1191 2325 1251 2354 τῶν
1265 2321 1411 2353 ἐναντίων
1424 2322 1490 2352 τοῖς
1501 2319 1658 2353 πολίταις.

958 2373 1065 2407 Quod.
1076 2374 1126 2404 bis
1142 2372 1283 2413 repetit.
1325 2371 1413 2402 Vide
1430 2371 1532 2401 etiam
1547 2371 1658 2402 Hero·

958 2423 1010 2454 dis
1033 2422 1201 2462 insignem
1225 2422 1259 2452 in
1275 2421 1339 2452 hoc
1356 2424 1555 2460 argumento
1571 2420 1658 2451 Ora-

960 2474 1084 2505 tionem
1094 2471 1346 2513 περὶπολιτείας,
1359 2481 1392 2512 p.
1406 2473 1479 2502 115.
1492 2472 1555 2502 δῖε.
1600 2470 1659 2502 Sic

959 2523 1089 2554 Noster
1112 2522 1219 2553 alibi:
1245 2522 1356 2552 ‘male
1383 2520 1520 2561 publica
1547 2525 1658 2556 curat,

957 2574 1026 2607 Qui
1042 2583 1101 2605 sua
1114 2573 1221 2615 pluris
1237 2571 1363 2604 habet!
1408 2572 1455 2604 Hi
1467 2577 1564 2603 sunt:
1582 2573 1658 2613 ‘qui

957 2625 1105 2666 pessimo
1133 2623 1295 2665 publico,’
1312 2629 1349 2654 ut
1373 2623 1462 2655 idem
1480 2624 1589 2654 Varro
1616 2623 1663 2654 lo-

957 2676 1087 2716 quitur,
1106 2675 1219 2705 ‘intus
1242 2673 1396 2705 canunt!
1440 2672 1509 2705 Sed
1533 2673 1657 2704 Petro-

957 2724 1032 2755 nius
1051 2728 1160 2763 recte,
1174 2725 1183 2740 ⁴
1199 2723 1360 2754 Peritura
1379 2722 1484 2763 Troja
1504 2722 1657 2762 perdidit

956 2774 1102 2814 primum
1117 2773 1237 2804 Deos.’
1279 2772 1439 2813 Quosque
1464 2772 1522 2802 Dii
1538 2773 1656 2812 punire

956 2824 1090 2863 volunt,
1103 2822 1239 2855 anferre
1256 2823 1320 2853 illis
1338 2822 1480 2864 primum
1504 2828 1654 2854 mentem

956 2874 1080 2906 solent.
