1889 3194
221 339 305 381 506

223 444 278 487 In
299 447 457 499 pectus
475 443 674 486 consedit
689 444 815 484 ebur:
847 455 950 483 mox
969 441 1138 481 intonat
1151 439 1280 489 orsis,

750 347 950 380 JOSEPHI
987 346 1152 377 ISCANI

1582 440 1666 483 190

222 511 438 566 Quisquis
452 525 513 562 es,
534 513 548 552 i
570 512 692 560 felix,
715 511 981 563 reliquisque
1003 508 1231 560 superbior
1253 506 1434 552 umbris,

223 579 450 620 Hectorea
468 583 656 620 mactate
677 591 823 618 manu.
865 576 977 616 Ruit
996 576 1152 615 unicus
1173 574 1261 624 ille,

223 646 481 695 Laodamia,
503 650 622 695 tuus,
644 645 834 697 fidaeque
856 644 1021 686 oblitus
1044 642 1229 683 amantis

223 714 326 756 Non
349 713 523 754 timidas
544 714 589 754 in
609 713 726 753 bella
744 724 915 764 preceS,
935 723 1023 751 non
1044 710 1193 750 mollia
1207 709 1339 762 jussa

222 780 489 821 Pertulerat:
519 780 684 833 primos
705 778 841 818 teneri
857 781 1083 830 respectus
1102 776 1264 817 amoris

1584 773 1669 814 195

223 846 370 888 Cessit
391 845 447 886 ad
468 858 683 886 armorum
699 844 898 885 fremitus
917 857 926 885 :
959 849 1006 884 at
1028 843 1186 883 nescia
1205 841 1288 883 fati

224 912 454 954 Haemonis
476 913 698 953 absentem
719 911 914 965 suspirat
933 915 1095 951 moesta
1115 910 1335 958 maritum,

223 979 280 1021 Et
297 992 383 1020 non
403 992 606 1021 sensuros
627 979 776 1020 vultus
797 978 974 1032 premit,
995 977 1149 1019 oscula
1165 977 1299 1029 figens

872 1098 1016 1130 NOTAE

221 1185 404 1225 Virgilius:
427 1187 437 1205 ‘
450 1186 493 1217 Et
509 1196 629 1218 conum
643 1185 784 1225 insignis
801 1185 918 1224 galeae,

222 1237 412 1277 cristasque
439 1237 631 1268 comantes!
681 1236 805 1267 Silius:
841 1237 850 1253 ‘
865 1245 918 1266 co-

221 1296 283 1318 nos
312 1287 514 1327 implumes‚’
539 1296 590 1318 Vl.
613 1287 668 1318 lib.
691 1296 731 1317 u.
748 1289 821 1317 399.
845 1287 854 1303 ‘
872 1286 919 1316 vi-

221 1338 321 1369 brant
333 1338 385 1369 cui
404 1339 532 1370 vertice
546 1339 620 1370 coni
635 1338 799 1369 Albentes
813 1337 918 1367 niveae

222 1389 369 1419 tremulo
392 1389 562 1419 nutamine
588 1387 733 1429 pennae.’
776 1387 919 1418 Snmunt

224 1442 337 1468 autem
355 1437 464 1478 poetae
479 1447 598 1469 conum
608 1438 661 1468 vel
672 1447 733 1478 pro
745 1445 918 1468 ornamen-

223 1488 265 1519 tis
282 1488 401 1527 galeae,
418 1488 471 1518 vel
488 1488 584 1528 apice
608 1487 662 1519 cui
687 1496 815 1527 pennas
832 1487 918 1516 inse-

222 1536 356 1568 rebant.
399 1537 523 1577 Papin.
548 1546 630 1567 vnr.
654 1538 766 1567 ‘stant
791 1535 919 1566 vertice

224 1585 449 1625 eoni‚’eodem
469 1587 542 1617 111).ζ
553 1596 715 1626 nusquam
728 1584 831 1616 ardua
843 1584 918 1615 coni

226 1635 368 1675 Gloria,'
400 1643 466 1667 xil.
490 1636 499 1652 ‘
512 1637 659 1666 nutantis
675 1636 803 1666 vertice
821 1633 918 1666 coni.'

224 1684 337 1716 Conus
369 1695 448 1716 vero
480 1685 650 1716 Heroibus
682 1685 806 1724 triplex
835 1688 919 1714 erat.

223 1734 401 1774 Interpres
417 1735 589 1775 Euripidis
606 1735 640 1766 in
659 1736 801 1767 Oreste:
825 1734 920 1774 ἥρωες

222 1782 381 1824 τριλόφοις
396 1786 546 1825 ἐχρῶντο.
590 1785 657 1815 Sed
670 1783 786 1815 Poe'tae
804 1783 918 1818 etiam,

222 1834 423 1874 Τετράφαλος
461 1834 573 1874 φοίνικι
608 1833 698 1873 λόφῳ
720 1832 918 1871 ἐπελάμπετο

222 1884 335 1923 πήληξ,
352 1894 427 1915 cum
446 1883 626 1925 Apollonio
647 1889 784 1914 canunt.
828 1882 918 1913 Vide

222 1935 404 1974 Polybium
415 1944 466 1965 w.
477 1938 552 1966 424.
566 1939 600 1965 et
614 1933 826 1965 Pasclialium
843 1942 917 1964 curn

225 1984 352 2014 ambitu
369 1982 411 2014 de
427 1993 511 2015 cono
525 1983 630 2023 galeae
649 1987 806 2022 agentem
823 1990 858 2012 x.
876 1981 919 2012 de

225 2033 358 2064 coronis
391 2035 442 2064 19.
497 2033 551 2063 De
580 2041 721 2073 pyropo,
764 2041 805 2062 au
834 2041 926 2071 gem—

224 2091 325 2118 mam,
340 2082 429 2123 quod
448 2081 576 2113 Noster
601 2082 744 2112 inuuere
772 2081 921 2119 videtur,

225 2142 266 2163 an
284 2141 329 2162 aes
346 2131 506 2172 Cyprium
524 2136 632 2168 notet,
649 2131 736 2172 quod
760 2131 834 2161 aliis
852 2131 922 2171 pla-

224 2186 292 2221 cet,
310 2181 384 2212 vide
413 2180 656 2220 Pancirollum,
681 2185 716 2211 et
740 2180 830 2211 illius
856 2190 923 2211 am-

225 2232 406 2273 pliatorem
429 2230 638 2261 Salinutlium
665 2229 778 2271 capite
801 2229 844 2260 de
866 2239 923 2271 py-

226 2291 322 2322 ropo.

268 2333 328 2362 190
354 2331 392 2361 Ῑιι
414 2333 521 2370 pectus
542 2329 676 2360 consedit
698 2328 787 2368 ebur]
810 2328 925 2359 Philo·

227 2386 354 2412 stratus
371 2380 404 2411 in
423 2380 579 2412 Heroicis
595 2380 705 2420 aliter,
725 2379 775 2411 καὶ
795 2379 854 2416 τὴν
875 2379 925 2410 οὐ·

227 2432 288 2468 λὴν
297 2426 521 2461 ἐντετυπῶσθαι
529 2430 572 2468 τῷ
582 2430 675 2469 μηρῷ,
685 2430 723 2460 τὸ
733 2429 796 2471 γὰρ
807 2430 926 2471 τραῦμα

228 2480 514 2521 συναποῤῥίψασθαί
526 2486 602 2520 φασι
615 2483 659 2519 τῷ
672 2481 802 2520 σώματι.
831 2481 926 2512 Ebur

229 2537 341 2563 autem
367 2532 421 2562 vel
446 2531 480 2561 in
505 2531 626 2571 capulo
646 2531 749 2570 gladii
767 2535 855 2570 erat,
872 2530 925 2561 vel

229 2581 357 2620 vaginae
383 2584 481 2611 erant
506 2580 678 2611 eburneae.
721 2581 812 2611 Hinc
839 2580 925 2611 Nos-

230 2635 284 2660 ter
302 2639 361 2670 pro
378 2629 489 2670 gladio
507 2629 585 2659 alibi
601 2635 754 2668 usurpat,
772 2639 820 2660 vr.
843 2632 852 2647 ‘
865 2639 927 2660 cur

232 2679 370 2719 stringis
394 2679 552 2717 eburnos,
569 2679 644 2709 Diis
660 2680 779 2715 invise,
796 2680 890 2710 Deos
905 2679 926 2712 ?'

230 2729 298 2759 Hic
321 2729 363 2758 de
388 2728 512 2768 capulo
536 2728 720 2768 intelligas.
765 2729 927 2770 Philippo

229 2778 410 2809 Macedoni
441 2778 612 2809 oraculum
640 2778 756 2809 datum
776 2779 926 2820 Tropho-

232 2827 337 2866 nium,
359 2827 571 2865 φυλάττεσθαι
586 2829 647 2858 δεῖν
659 2828 696 2858 τὸ
712 2827 792 2868 ἅρμα
805 2839 811 2856 :
837 2829 927 2870 quod

231 2876 288 2906 alii
304 2877 345 2906 ad
363 2885 495 2907 currum
511 2878 633 2917 capulo
650 2878 751 2917 gladii
765 2878 927 2910 Pausani-

972 1184 1003 1216 ci
1027 1184 1245 1224 insculptum,
1264 1182 1319 1213 alii
1344 1182 1386 1212 ad
1409 1179 1564 1222 paludem
1587 1179 1671 1212 The-

972 1234 1093 1264 banam
1125 1232 1278 1263 referunt
1296 1243 1302 1260 :
1341 1232 1489 1263 AElianus
1527 1239 1582 1262 nr.
1614 1233 1667 1260 45,

971 1284 1052 1314 Var.
1072 1283 1162 1314 Hist.
1189 1282 1324 1313 Alcaeus
1343 1280 1433 1321 apud
1453 1280 1670 1320 Hepliaestio-

973 1342 1050 1363 nem
1065 1344 1070 1361 :
1111 1330 1314 1372 ἐλεφαντίναν
1349 1330 1454 1366 λαβὰν
1476 1330 1533 1361 τοῦ
1568 1328 1671 1368 ξίφεος

973 1382 1166 1424 χρυσοδέταν
1189 1382 1282 1423 ἔχων.
1327 1381 1526 1421 Spartianus
1541 1379 1582 1410 de
1600 1379 1672 1409 Ha-

974 1433 1094 1464 driano
1124 1443 1155 1474 p.
1169 1436 1244 1464 290.
1268 1431 1413 1472 ‘capulo
1439 1430 1494 1461 vix
1521 1429 1671 1460 eburneo

974 1483 1126 1522 spatham
1143 1480 1344 1513 clauderet.'
1375 1480 1467 1511 Hinc
1484 1478 1602 1518 Virgil.
1620 1486 1673 1509 Χῖ.

977 1534 1105 1566 AEneid.
1128 1535 1136 1551 ‘
1151 1544 1265 1568 ensem
1282 1533 1368 1564 collo
1380 1529 1557 1573 suspendit
1569 1530 1669 1562 ebur-

973 1584 1075 1624 num‚'
1093 1589 1128 1615 et
1144 1593 1197 1615 lx.
1209 1584 1379 1624 ‘vaginam
1397 1583 1559 1613 eburnam
1571 1580 1591 1610 :’
1609 1589 1669 1610 un-

972 1634 1014 1665 de
1038 1633 1278 1674 proverbium:
1302 1631 1511 1662 ‘Plumbeus
1539 1629 1669 1669 gladius

972 1684 1005 1714 in
1023 1683 1145 1723 vagina
1168 1680 1342 1713 eburnea.'
1385 1682 1485 1721 Diog.
1513 1680 1670 1711 Laertius

971 1733 1006 1763 in
1025 1733 1126 1773 Diog.
1143 1741 1192 1763 vi.
1208 1742 1242 1772 p.
1260 1734 1334 1763 406.
1363 1731 1531 1762 Prudent.
1552 1733 1670 1770 ψυχομ.

971 1782 1193 1813 ‘eburinfelix
1203 1781 1400 1822 decorisque
1411 1780 1671 1821 pudendiSigna

973 1831 1102 1862 abicit!
1154 1831 1206 1861 De
1231 1831 1352 1870 capulo
1368 1835 1445 1860 sunt
1462 1830 1519 1861 illa
1538 1830 1672 1868 Nostri,

972 1890 1023 1912 vr.
1049 1881 1107 1912 ‘In
1118 1881 1238 1921 clypeo
1256 1880 1411 1912 consedit
1425 1878 1532 1920 ebul-J
1547 1888 1587 1910 n.
1603 1879 1612 1896 ‘
1628 1879 1670 1911 In

973 1931 1094 1971 capulo
1119 1931 1290 1962 crudescit
1307 1929 1413 1960 ebur-‚²
1440 1929 1449 1945 ‘
1467 1929 1545 1959 Non
1566 1928 1672 1960 madi-

976 1981 1055 2011 dum
1067 1981 1234 2012 mucronis
1248 1980 1353 2010 ebur-⁹
1367 1979 1550 2019 Συνεκδοχῇ
1561 1978 1671 2008 varias

981 2031 1134 2071 respicit,
1155 2040 1215 2072 pro
1231 2031 1363 2061 luxuria
1379 2035 1545 2069 veterum,
1565 2034 1671 2060 mate-

979 2081 1056 2111 rias.
1090 2081 1145 2112 Sic
1164 2080 1254 2121 apud
1271 2080 1446 2112 Claudian.
1458 2080 1500 2111 de
1516 2078 1672 2110 laudibus

978 2130 1054 2161 Stil.
1071 2131 1079 2147 ‘
1094 2130 1292 2171 dextraeque
1319 2130 1502 2170 tegendum
1523 2129 1615 2160 Diva
1630 2129 1674 2159 si-

979 2181 1046 2211 mul
1061 2181 1211 2221 porrexit
1223 2179 1332 2212 ebur!
1356 2180 1487 2211 Seneca
1500 2178 1610 2220 Epist.
1621 2181 1675 2210 76.

980 2232 989 2248 ‘
1013 2230 1120 2272 navis,
1151 2231 1248 2271 cujus
1282 2230 1389 2261 tutela
1423 2229 1525 2260 ebore
1555 2228 1675 2260 caelata

980 2285 1055 2313 est.'
1079 2283 1234 2313 Lucanus
1251 2281 1356 2313 lib.x.
1377 2282 1387 2298 ‘
1400 2280 1484 2311 ebur
1501 2280 1588 2311 atria
1600 2288 1675 2310 ves-

981 2331 1046 2362 tit.’
1091 2331 1195 2362 Ovid.
1221 2331 1317 2370 Eleg.
1352 2339 1388 2361 v.
1415 2332 1447 2360 4.
1469 2329 1512 2360 de
1536 2330 1671 2360 Ponto:

981 2385 991 2399 ⁴
1012 2382 1239 2423 Conspicuum
1282 2381 1388 2421 signis
1428 2390 1504 2411 cum
1543 2383 1675 2420 premet

980 2432 1070 2462 altus
1099 2431 1206 2462 ebur!
1249 2431 1258 2448 ‘
1274 2430 1452 2461 Pharetrae
1484 2438 1526 2460 ex
1548 2427 1673 2468 ebore,'

979 2489 1062 2512 vin.
1075 2481 1164 2512 Met.
1176 2481 1186 2498 ‘
1200 2489 1324 2512 mensae
1334 2478 1342 2491 ’
1358 2478 1447 2519 apud
1459 2477 1673 2510 Juvenalem.

1025 2534 1083 2563 191
1104 2531 1210 2571 Felix,
1229 2528 1415 2569 reliquisque
1435 2527 1594 2567 superbior
1607 2536 1674 2557 um-

981 2582 1060 2623 bris]
1091 2582 1147 2613 Ita
1176 2581 1351 2621 Capaneus
1380 2587 1416 2609 x.
1439 2577 1543 2608 Theb.
1569 2576 1674 2607 ‘mul-

980 2637 1119 2672 tumque
1138 2631 1211 2662 aliis
1228 2629 1418 2670 jactantior
1437 2627 1584 2659 umbris!
1629 2627 1674 2658 Et

981 2682 1062 2713 illud
1074 2682 1197 2722 Virgil.
1220 2681 1229 2697 ‘
1243 2681 1357 2712 AEneae
1366 2678 1475 2718 magni
1487 2678 1608 2708 dextra
1620 2687 1674 2708 ca-

981 2731 1054 2764 dis?
1085 2732 1139 2763 Ita
1149 2730 1250 2762 Silius
1263 2738 1343 2761 vm.
1358 2731 1366 2746 ‘
1379 2728 1464 2759 haud
1480 2728 1546 2759 alia
1560 2727 1675 2760 decuit

983 2787 1016 2813 tc
1031 2782 1230 2813 occumbere
1244 2779 1388 2810 dextra.’

1026 2834 1086 2863 198
1112 2833 1157 2862 Ee
1177 2840 1236 2861 mm
1252 2838 1392 2860 sensuros
1418 2827 1522 2858 vultus
1547 2828 1676 2868 premit,

981 2880 1196 2922 osculafigens
1212 2877 1325 2918 Cerea]
1345 2877 1402 2909 lta
1419 2876 1608 2918 Lucretius,
1625 2886 1673 2909 xv.
