1889 3194
357 703 417 776 J
426 702 891 780 OSEPHI
972 702 1407 780 ISCANI

509 891 610 940 DE
646 892 880 941 BELLO
918 891 1260 941 TROJANO

722 1068 916 1110 LIBER
963 1067 1052 1109 ΙΙΙ.

701 1404 1069 1434 ARGUMENTUM.

285 1485 440 1527 Tertius
462 1491 682 1525 extremum
706 1480 837 1536 Trqjce
858 1479 1018 1521 divinat
1032 1496 1046 1524 ;
1076 1486 1114 1520 et
1136 1479 1228 1520 inde

279 1551 351 1592 Ad
368 1558 509 1606 raptus
531 1548 700 1591 Helenae
724 1548 923 1588 Paridem
944 1546 1187 1587 transmittit
1207 1547 1251 1587 in
1274 1545 1426 1602 Argos,

281 1618 367 1663 Qui
378 1619 498 1672 prius
522 1616 730 1657 Hesionen
751 1614 955 1669 captivam
976 1612 1139 1654 reddere
1161 1613 1328 1654 nollent.

278 1686 462 1741 Agmina
486 1683 720 1724 Graecorum
740 1681 975 1735 conspirant
994 1679 1087 1721 ilico
1109 1679 1164 1720 ad
1185 1695 1317 1726 arma,

279 1751 338 1792 Ec
357 1751 436 1792 duo
456 1750 633 1791 nimboso
657 1755 897 1805 merguntur
917 1748 959 1788 in
981 1761 1137 1802 cequore
1143 1746 1311 1802 fratres

282 1818 321 1859 T
311 1817 539 1874 ymfflridae,
560 1816 712 1858 tumido
731 1814 950 1856 extendunt
971 1815 1014 1856 in
1031 1815 1197 1871 gurgite
1207 1813 1385 1869 palmas.

165 1919 490 1976 SOLVUN'rUR
512 1934 638 1976 vario
662 1933 866 1975 consulta
886 1931 1060 1973 silentia
1078 1931 1268 1985 plausu:

167 2002 358 2043 Idalium
379 2001 546 2042 Paeana
566 2004 744 2050 canunt,
764 2000 910 2053 plebs,
933 1999 1052 2049 aula,
1074 2001 1276 2038 senatus:

168 2069 260 2109 Hie
281 2069 384 2109 fatis
404 2072 550 2115 vovet,
566 2067 640 2108 ille
660 2066 783 2116 Deis,
804 2078 894 2107 una
915 2066 1137 2114 omnibus,
1160 2076 1247 2104 una

166 2134 290 2175 Voce
311 2135 546 2186 animoque
564 2133 765 2187 frequens
784 2132 955 2186 plaudit
973 2130 1158 2182 Venus;
1179 2131 1296 2171 altus
1316 2128 1484 2182 ubique

167 2200 359 2253 Sanguis
380 2201 486 2251 obit,
508 2200 648 2240 sacris
667 2200 782 2240 ultro
804 2199 1029 2240 cessantia
1051 2198 1213 2239 cedunt
1582 2192 1610 2232 5

169 2267 305 2317 Arva,
329 2270 538 2308 coronato
560 2266 679 2318 luget
700 2266 895 2318 spoliata
914 2265 1073 2305 marito

168 2334 360 2383 Inachis,
382 2337 426 2374 et
445 2335 595 2385 raptos
615 2332 888 2384 gemebunda
908 2331 1105 2384 reposcit
1126 2330 1342 2371 alumnos.

770 2449 1018 2463 '‘Umumb

209 2521 228 2550 3
255 2518 335 2549 Dies
350 2518 417 2549 Ms.

822 2610 963 2642 NOTAE

209 2683 228 2711 3
246 2676 401 2715 Hie-satis
415 2679 515 2712 vovet,
535 2676 588 2706 ille
611 2675 707 2716 Deis]
737 2675 746 2693 ‘
763 2675 847 2707 Dies
859 2675 867 2688 '
962 2677 983 2705 6
1002 2674 1155 2704 Coronato
1171 2671 1255 2709 luget
1267 2666 1401 2708 spoliata
1414 2666 1526 2697 marito
1544 2664 1618 2696 Ina-

167 2731 254 2762 male
271 2728 461 2768 legebatur.
489 2726 650 2765 Helenus,
665 2725 868 2764 Cassandra,
919 2724 1001 2764 chis]
1019 2721 1154 2753 Inachis
1176 2724 1228 2750 est
1253 2718 1316 2749 Io:
1342 2716 1396 2747 hic
1423 2724 1484 2755 pro
1511 2723 1618 2747 vacca

169 2780 238 2817 alii,
254 2778 326 2810 fato
356 2777 572 2815 nitebantur3
595 2777 693 2807 Paris
717 2781 753 2807 et
771 2775 868 2806 Pria·
920 2773 1047 2815 posuit,
1068 2776 1106 2802 ut
1129 2768 1352 2802 Philomelam
1375 2775 1436 2806 pro
1466 2764 1619 2805 luscinia,

169 2840 254 2869 mus,
270 2833 411 2870 propter
426 2826 525 2868 κρίσιν
540 2827 760 2869 superissrem,
775 2827 866 2858 Deos
921 2824 1091 2864 Daphnen
1132 2830 1194 2861 pro
1224 2820 1331 2858 lauro,
1371 2815 1525 2847 Tiresian
1556 2824 1617 2855 pro

168 2879 334 2913 secundos
352 2877 548 2919 sperabant.
922 2884 1015 2906 coeco
1038 2872 1201 2915 ponimus.
1223 2870 1232 2886 ‘
1245 2869 1434 2900 Coronatus
1456 2863 1618 2897 maritus’
