1889 3194
422 303 572 334 PAULI
608 301 862 333 VlNDlNGll

148 399 158 417 ‘
175 396 314 438 Jupiter
328 396 460 428 Xenins
472 396 481 410 '
506 396 596 436 apud
624 397 797 435 Plautum,
818 399 855 427 et

149 448 160 466 ‘
171 446 312 488 Jupiter
324 446 517 488 Hospitalis
528 446 538 459 '
553 445 644 487 apud
662 445 734 478 Cic.
745 445 856 486 Epist.

151 497 282 529 Flamina

197 548 215 587 ξ
232 549 272 577 16
290 546 421 577 Punicis
436 545 552 577 litteris
564 555 672 576 nomen
687 544 856 584 Agamem-

153 596 244 627 nonis
259 596 443 636 designant]
467 596 593 626 Mirum
618 595 735 635 igitur,
766 594 855 625 unde

152 645 319 686 Josepho,
337 654 363 676 1.
379 649 501 676 contra
517 644 698 684 Apionem,
714 644 746 675 in
763 653 857 674 men-

157 698 225 726 tem
256 694 403 734 venerit,
432 694 522 735 quod
557 694 683 725 dixerit
715 693 858 725 Homeri

154 743 307 776 carmina
322 752 365 774 ne
378 743 513 784 quidem
531 744 725 784 conscripta
742 743 859 783 fuisse,

156 803 219 826 nec
235 793 370 825 litteras
396 797 467 824 tum
492 799 601 825 notas.
646 793 713 824 Hic
731 793 857 834 quippe

155 843 362 875 Punicarum
390 843 565 875 literarum
591 844 719 875 mentio
744 843 794 883 fit,
822 849 858 874 et

156 894 229 925 scio
253 903 306 924 me
329 894 443 935 aliquo
466 894 499 925 in
524 895 599 925 loco
630 894 719 933 apud
747 894 858 933 ipsum

156 944 345 976 Homerum
363 943 484 983 legisse
508 943 568 984 [Il.
582 947 614 974 Ζ.
633 944 742 984 168.];
763 942 857 974 Ἐπο-

155 1005 207 1035 ρεν
221 994 245 1024 δ’
265 992 322 1033 ὅγε
341 993 468 1033 σήματα
487 992 602 1035 λυγρά,
626 992 746 1034 Γράψας
762 994 794 1025 ἐν
809 992 859 1024 πί-

158 1055 228 1076 νακι
243 1045 369 1083 πτυκτῷ
386 1043 563 1084 θυμοφθόρα
584 1044 702 1075 πολλά.

201 1093 335 1125 Punicis
346 1094 480 1134 litteris]
503 1094 644 1126 Graecas
657 1094 776 1125 literas
790 1093 860 1125 Pu-

158 1143 252 1175 nicas
269 1149 379 1185 vocat,
394 1149 513 1186 utpote
537 1156 557 1176 a
578 1145 706 1177 Cadmo
724 1146 860 1176 Danao-

159 1204 226 1236 que
249 1194 415 1234 invectas,
444 1200 483 1226 ut
507 1195 580 1235 ipse
609 1196 657 1226 ait
682 1204 716 1226 v.
744 1197 753 1212 ‘
771 1196 859 1226 Con·

158 1244 278 1285 scripsi
295 1245 401 1276 literis
419 1245 572 1286 Punicis,
590 1245 632 1276 ab
649 1245 779 1276 Cadmo
793 1245 860 1276 Da-

159 1303 291 1335 naoque
308 1294 444 1325 traditis
456 1294 477 1333 3'
501 1305 663 1335 suamque
680 1295 726 1326 ibi
744 1304 862 1325 verna·

161 1345 272 1376 culam
304 1354 324 1375 a
354 1345 479 1376 Graeca
502 1345 692 1386 distinguit.
744 1345 862 1376 Graeci

161 1395 305 1435 quippe,
316 1399 353 1427 ut
366 1396 471 1427 multa
486 1396 565 1436 alia,
579 1396 627 1427 ita
642 1400 677 1427 et
693 1395 828 1427 litteras
844 1405 864 1426 a

161 1444 382 1476 Phoenicibus
405 1445 567 1477 habuere.
625 1446 773 1476 Consule
797 1446 863 1476 Bo-

161 1493 271 1525 charti
287 1494 432 1534 Phaleg.
447 1498 483 1526 et
496 1495 619 1535 Scalig.
637 1500 706 1526 not.
730 1495 771 1525 ad
795 1495 863 1526 Eu-

163 1542 237 1574 seb.
276 1543 437 1575 Chronol.
474 1545 582 1576 Clem.
619 1544 806 1576 Alexandr.
838 1554 862 1576 1.

161 1593 323 1624 Stromat.
339 1596 415 1626 224.
460 1593 619 1634 Cadmus,
642 1595 764 1636 inquit,
788 1595 863 1626 lite-

166 1651 221 1672 ras
250 1642 392 1674 invenit.
438 1644 528 1675 Hinc
559 1645 677 1676 literas
701 1646 864 1677 ‘Phoeni-

163 1692 235 1724 cias
246 1692 255 1704 '
271 1697 408 1724 vocatas
424 1703 499 1725 esse
515 1694 562 1726 ait
579 1695 790 1727 Herodotus.

208 1743 346 1782 Propter
360 1753 505 1784 magnam
518 1755 610 1785 opum
631 1743 713 1784 vim]
737 1745 865 1785 Vulga-

165 1796 236 1824 tum
261 1793 364 1825 illud:
405 1798 414 1812 ‘
438 1794 574 1826 Croesus
607 1795 732 1836 Halym
762 1805 866 1836 pene-

167 1847 277 1882 trans,
291 1852 445 1884 magnam
462 1849 639 1884 pervertet
655 1855 757 1884 opum
775 1844 866 1876 vim.'

208 1893 261 1925 Ad
275 1894 379 1924 munia
394 1893 518 1925 militia>
531 1894 742 1934 festinarent]
759 1895 866 1926 Deleo

165 1943 320 1975 voculam
335 1945 345 1961 ‘
358 1943 423 1980 ad‚’
439 1948 475 1976 et
487 1944 534 1975 ita
547 1945 677 1977 Noster
693 1945 791 1976 initio
809 1954 867 1977 nr.

165 1994 176 2011 ‘
193 1993 460 2030 Graecicuncta,
482 2004 558 2035 quae
582 1995 617 2025 in
641 1995 701 2026 tali
727 1995 866 2035 negotio

166 2044 288 2075 militia
322 2044 545 2085 exposcebat,
581 2044 705 2075 intenti
742 2045 867 2084 animo,

168 2094 306 2125 summis
323 2094 443 2125 studiis
460 2093 696 2126 festinabant!
744 2095 868 2135 Iniqua

168 2149 222 2175 est
240 2154 385 2175 censura
401 2145 540 2176 Catonis
556 2145 646 2185 apud
662 2145 752 2176 Gell.
767 2145 868 2176 Noct-

170 2194 246 2227 Att.
266 2203 342 2226 XVI.
360 2197 412 2226 14.
436 2197 446 2212 ‘
464 2196 531 2228 Qui
548 2195 653 2226 multa
669 2196 767 2226 simul
784 2195 868 2226 inci·

170 2245 236 2286 pit,
251 2254 358 2286 neque
376 2244 523 2285 perficit,
541 2246 569 2276 is
585 2243 748 2276 festinat)

214 2296 232 2335 ς
260 2298 299 2326 17
334 2295 497 2336 Aulidum]
538 2295 661 2326 Melius
696 2295 705 2312 ‘
722 2294 870 2328 Aulida!

169 2344 239 2376 Sed
263 2345 427 2376 monitum
443 2354 547 2385 supra
568 2345 603 2376 id
626 2345 770 2377 Authori
793 2356 869 2377 nos-

172 2401 227 2427 tro
250 2394 409 2437 frequens
433 2405 521 2436 esse,
550 2400 589 2427 ut
625 2397 635 2414 ‘
654 2396 870 2428 Lacedaemo-

173 2445 275 2477 nam.’

217 2495 323 2526 Nat-es
349 2499 484 2534 centum,
517 2495 656 2536 aliasque
690 2495 871 2536 sexaginta]

173 2545 279 2587 Lege,
301 2547 310 2563 ‘
333 2545 473 2586 aliisque
497 2547 675 2585 sexaginta
692 2545 872 2585 Agapeno-

174 2604 246 2627 rem
262 2595 444 2636 praefecit‚’
461 2595 546 2626 adeo
561 2599 600 2626 ut
616 2599 754 2626 centum
771 2605 874 2626 naves

175 2646 311 2677 duxerit
328 2645 573 2687 Agamemnon,
589 2646 767 2686 sexaginta
785 2645 874 2686 Aga-

175 2705 295 2736 penor,
318 2705 402 2737 quas
428 2701 542 2727 tamen
564 2696 606 2726 ab
621 2695 874 2736 Agamemnone

175 2751 380 2786 acceperat;
405 2746 463 2776 sed
487 2746 561 2786 ipse
585 2755 628 2777 ex
651 2745 799 2777 Arcadia
815 2747 874 2777 mi-

177 2795 255 2826 lites
285 2800 322 2826 et
358 2796 502 2836 remiges
533 2796 754 2836 imposuerat,
786 2801 875 2828 teste

178 2843 283 2877 Hom.
313 2845 355 2877 Il.
378 2848 411 2876 Β.
464 2844 564 2877 Αὐτὸς
587 2844 649 2886 ’γάρ
678 2851 752 2886 σφιν
778 2847 875 2879 δῶκεν

898 301 1041 332 NoTAE
1075 301 1125 332 ιΝ
1162 301 1258 330 ΜΒ.
1292 302 1323 331 ι.
1514 291 1599 331 623

902 393 977 434 ἄναξ
999 393 1114 435 ἀνδρῶν
1140 393 1340 433 Ἀγαμέμνων
1361 394 1447 431 Νῆσις
1468 393 1601 426 ἐϋσσέλ-

900 457 988 485 μους,
996 445 1114 487 περάαν
1121 444 1169 477 ἐπ1
1180 446 1288 476 οἴνοπα
1299 444 1423 486 πόντον,
1433 445 1602 486 Ἀτρείδης,

903 496 971 527 ἐπεὶ
999 497 1036 528 οὕ
1064 503 1120 537 σφι
1157 495 1314 528 θαλάσσια
1348 495 1425 537 ἔργα
1458 496 1590 536 μεμήλει

901 546 989 579 Inde
1005 547 1109 579 etiam
1126 546 1217 587 apud
1238 547 1401 578 Daretem
1416 546 1600 587 Phrygium

903 604 976 638 est;
1000 600 1009 617 ‘
1029 599 1260 639 Agamemnon
1277 607 1319 628 ex
1336 598 1492 638 Mycenis
1510 599 1604 629 navi·

904 649 967 680 bus
997 658 1138 680 numero
1175 646 1338 680 centum!
1390 648 1436 678 Et
1470 651 1602 688 postea,

904 700 914 717 ‘
929 698 1117 738 Agapenor
1134 708 1177 729 ex
1194 697 1344 729 Arcadia
1359 697 1500 728 navibus
1516 697 1583 728 60.’

950 749 1138 790 Tlepolemus
1155 748 1264 779 Rhodo
1277 748 1359 788 octo]
1379 747 1530 779 Restitui
1546 756 1603 778 no-

905 808 982 830 vem
998 807 1040 829 ex
1057 799 1208 829 Homero
1224 802 1260 828 et
1276 797 1420 828 Darete.

948 873 1155 898 CATALOGUS
1174 873 1319 897 NAanM
1337 872 1563 897 GRAECARUM.

1216 915 1268 946 Ex
1283 914 1375 946 Dict.
1401 915 1486 945 Dar.
1502 915 1605 946 Hom.

907 965 1107 1007 Agamemn.
1122 975 1166 997 ex
1182 966 1259 1006 My·
1283 968 1346 997 100
1413 969 1476 997 100
1544 969 1605 998 100

950 1016 1057 1056 cenis,
1081 1025 1157 1047 cum
1176 1016 1266 1055 aliis,

950 1066 1071 1107 quibus
1085 1065 1266 1106 Agapeno-

951 1125 1022 1147 rem
1040 1114 1198 1156 praefecit
1308 1118 1350 1146 60
1436 1119 1478 1148 60
1564 1120 1606 1148 60

910 1166 1042 1197 Nestor
1307 1168 1350 1196 90
1436 1168 1478 1197 80
1564 1169 1607 1197 90

911 1215 1090 1247 Menelaus
1307 1217 1350 1246 60
1437 1218 1479 1246 60
1565 1218 1609 1247 00

909 1264 1111 1296 Mnestheus
1310 1267 1353 1295 50
1439 1268 1481 1296 50
1566 1268 1608 1295 50

909 1314 1085 1354 Elepenor
1310 1316 1352 1345 30
1438 1332 1482 1338 -—
1566 1318 1609 1347 -10

910 1365 999 1404 Ajax
1012 1364 1226 1396 Telamonius
1313 1367 1354 1396 12
1439 1383 1482 1388 —
1570 1369 1611 1396 12

912 1414 1095 1445 Diomedes
1309 1417 1351 1446 80
1438 1419 1479 1447 80
1569 1419 1611 1447 80

912 1464 1096 1504 Ascalaph.
1111 1469 1146 1496 et
1158 1464 1299 1496 Ialmen.
1313 1467 1355 1496 30
1440 1468 1482 1496 30
1569 1470 1611 1497 30

913 1515 1032 1546 Oileus
1052 1514 1140 1555 Ajax
1311 1518 1355 1547 40
1442 1518 1483 1547 37
1570 1519 1613 1547 40

913 1564 1122 1603 Arcesilaus,
1139 1566 1204 1596 διο.
1311 1568 1353 1596 50
1440 1569 1482 1597 50
1571 1570 1613 1597 50

913 1615 1083 1648 Sched.et
1096 1616 1293 1655 Epistroph.
1314 1619 1357 1647 40
1443 1618 1486 1647 40
1572 1619 1614 1647 40

912 1664 1073 1705 Thalpius
1088 1670 1124 1696 et
1140 1665 1263 1697 Diores
1313 1668 1356 1697 40
1441 1668 1484 1697 40
1570 1669 1613 1697 40

914 1715 1028 1746 Thoas
1313 1718 1356 1746 40
1442 1719 1485 1747 40
1571 1719 1614 1747 40

915 1766 1036 1806 Meges
1316 1769 1359 1797 40
1444 1768 1487 1797 40
1573 1769 1615 1797 40

916 1816 1120 1848 Idomeneus
1317 1819 1360 1848 80
1446 1819 1488 1847 80
1574 1819 1616 1847 80

917 1866 1060 1906 Ulysses
1317 1868 1359 1897 12
1447 1868 1488 1897 12
1575 1868 1616 1896 12

916 1916 1084 1947 Prothous
1101 1915 1246 1954 Magnes
1317 1918 1359 1947 40
1448 1917 1488 1946 12
1574 1917 1617 1946 40

1153 1965 1257 1996 Error
1273 1964 1401 1996 librarii
1416 1973 1466 1997 xl.
1481 1974 1544 2006 pro
1558 1973 1616 1996 xL.

916 2014 1134 2055 Tlepolemus
1339 2017 1360 2045 8
1467 2018 1488 2046 9
1595 2017 1617 2045 9

918 2065 1080 2095 Eumelus
1319 2066 1359 2096 11
1448 2067 1490 2095 10
1578 2067 1616 2095 11

919 2113 1072 2144 Achilles
1319 2116 1361 2144 50
1447 2115 1489 2144 50
1576 2117 1618 2144 50

923 2162 1048 2194 Nireus
1342 2165 1361 2193 3
1448 2178 1492 2186 ·-
1598 2166 1618 2194 3

920 2214 1095 2245 Podarces
1321 2217 1364 2246 40
1448 2217 1491 2246 40
1577 2218 1620 2246 40

919 2263 1070 2294 Podalir.
1081 2267 1116 2294 et
1129 2262 1298 2294 Machaon
1322 2265 1364 2294 30
1449 2266 1492 2295 32
1578 2267 1620 2295 30

920 2314 1117 2345 Philocteta
1342 2315 1363 2344 7
1470 2316 1490 2344 7
1600 2317 1619 2345 7

920 2363 1115 2405 Eurypylus
1125 2362 1307 2394 Ormenius
1321 2365 1364 2394 40
1450 2365 1493 2393 40
1578 2365 1622 2394 40

1007 2414 1090 2453 Leg.
1106 2422 1146 2444 ex
1165 2413 1328 2454 Ormenio,
1342 2421 1404 2452 pro
1422 2412 1622 2444 Orchomeno.

922 2463 1064 2495 Guneus
1319 2465 1362 2494 22
1449 2465 1488 2495 21
1577 2466 1620 2495 22

922 2514 1094 2545 Leonteus
1323 2515 1365 2543 40
1451 2515 1494 2543 40
1580 2516 1623 2544 40

922 2563 1115 2604 Phidippus
1323 2565 1365 2593 30
1452 2565 1494 2594 30
1581 2567 1623 2594 30

922 2613 1157 2645 Thessandrus
1323 2616 1365 2643 50
1452 2631 1495 2636 -
1581 2633 1624 2638 -

925 2664 1069 2694 Calchas
1326 2665 1368 2693 20
1454 2680 1496 2685 -
1582 2682 1625 2687 -

925 2713 1069 2753 Mopsus
1324 2714 1366 2743 20
1454 2729 1497 2735 -
1582 2730 1625 2737 —-

927 2763 1031 2805 Epios
1325 2779 1370 2785 —
1455 2779 1498 2785 —-
1583 2781 1626 2786 ——

1284 2850 1365 2879 1265
1412 2850 1496 2879 1090
1542 2851 1556 2879 l
1563 2851 1625 2880 186
