1889 3194
266 316 351 358 574

816 323 1018 356 JOSEPffl
1052 320 1217 353 lscANl

268 419 518 474 Penelopes
540 422 640 473 post
659 419 793 461 multa
813 419 926 460 redit
946 417 1165 458 connubia
1183 415 1339 456 taedas.

266 486 332 528 At
351 487 432 528 fati
451 499 650 541 praesaga
670 487 811 540 quies,
831 483 1132 536 horrendaque
1157 482 1267 531 visa,

267 554 477 606 Telegoni
498 553 669 606 gladios
690 555 963 605 cognataque
985 550 1079 590 tela
1100 549 1338 589 minantur:

1626 549 1712 590 950

267 620 344 661 Sic
367 620 518 661 Circes
539 619 769 672 despector
791 618 898 666 obit,
920 616 985 656 sic
1004 615 1185 657 victima
1205 615 1323 655 nati:

268 686 357 728 Sed
378 687 503 727 senio
523 686 714 735 validus,
737 684 861 725 Asiae
884 683 963 724 sed
984 683 1126 724 victor
1145 682 1321 735 opimae.

323 753 567 806 Postquam
586 751 864 806 Tyndariden
883 750 1047 804 patrias
1067 761 1289 790 remeasse
1310 746 1524 803 Mycenas

267 818 446 868 Claruit‚
469 819 658 860 occurrit
679 817 828 858 densis
849 815 1028 869 Europa
1049 815 1258 865 catervis,

267 885 555 928 Plistheniam
575 885 731 926 mirata
749 897 901 925 nurum
918 897 927 922 :
949 883 1214 937 fiagrantque
1235 882 1383 924 videre

1627 882 1712 924 955

266 952 526 996 Eversorem
547 950 672 994 Asiae
692 951 889 994 vultum:
921 952 1025 1005 quin
1045 952 1146 1006 ipsa
1164 951 1363 1005 superbit

916 1104 1055 1137 NOTAE

266 1203 362 1235 »nult«
375 1202 457 1234 redit
468 1203 618 1235 connubia
627 1201 743 1243 toedas]
753 1202 776 1236 J
780 1201 961 1234 amdudum

266 1259 319 1284 est
345 1263 421 1284 cum
447 1253 505 1284 illa
528 1253 719 1293 Penelopes
743 1252 787 1283 ab
810 1252 961 1283 Homero

265 1302 404 1334 laudata
427 1303 524 1344 fides,
546 1309 706 1344 suspecta
729 1302 868 1343 optimis
885 1311 962 1333 auc-

267 1353 395 1384 toribus
413 1353 494 1384 visa.
540 1353 667 1384 Seneca
693 1351 803 1383 innuit
826 1352 891 1392 Ep.
908 1353 962 1382 88.

265 1403 347 1434 Non
374 1403 544 1444 exscribo‚
573 1403 631 1434 sed
660 1407 753 1433 noto.
806 1402 963 1440 Egerunt

266 1461 308 1483 ea
323 1452 366 1484 de
382 1462 432 1493 re,
446 1458 482 1484 et
495 1453 694 1484 dubitarunt
711 1451 859 1492 plurimi.
897 1452 962 1491 Ly-

266 1502 415 1543 cophron
439 1503 472 1534 in
496 1502 701 1541 cassandra,
721 1502 776 1542 qni
800 1499 963 1541 βασσάραν

265 1552 433 1583 nominat:
451 1552 588 1593 Ulysses
604 1552 645 1583 de
662 1551 719 1582 illa
734 1551 824 1591 ipsus
837 1550 964 1582 dicitur

266 1606 485 1643 conquestus,
515 1601 605 1632 illam
642 1600 772 1632 aedibus
806 1600 962 1640 ejecisse,

265 1651 424 1693 illamque
456 1651 642 1682 Mantineae
669 1650 801 1681 exulem
830 1649 963 1680 obiisse.

264 1700 353 1732 Vide
370 1710 446 1732 cnm
467 1700 592 1731 ambitu
610 1703 766 1739 agentem
784 1699 840 1729 Fr.
856 1697 958 1728 Flori-

266 1750 345 1782 dum
388 1750 560 1785 Sabinum,
604 1749 736 1780 Subcis.
767 1757 824 1779 ιιι.
862 1750 893 1778 4.
926 1751 963 1778 et

264 1800 434 1841 Scoppam
448 1808 545 1831 xxu.
560 1809 592 1840 p.
609 1801 684 1831 919.
709 1798 816 1829 Immo
829 1798 902 1828 Pan
917 1806 960 1828 ex

265 1852 381 1892 procis
397 1851 463 1882 illis
480 1856 516 1882 et
534 1851 707 1891 Penelope
724 1854 824 1881 natus
840 1848 960 1888 fertur,

265 1900 354 1942 qnod
378 1900 525 1931 Pausan.
543 1900 577 1930 in
599 1899 723 1930 Arcad.
741 1898 911 1929 Lucianus
927 1898 960 1928 in

265 1950 417 1982 Deorum
433 1949 526 1980 Dial.
539 1948 772 1979 Nazianzenus
789 1947 962 1978 invectiva

265 1999 372 2040 priori
398 1999 431 2030 in
447 1998 620 2032 ,lulianum
638 2007 671 2037 p.
682 1999 734 2027 Sl.
750 1995 801 2027 καὶ
815 1996 871 2026 τὸν
886 2006 961 2034 σεμ-

265 2048 320 2079 νὸν
330 2049 430 2086 Πᾶνα,
446 2049 509 2079 τῶν
521 2048 556 2078 ἐκ
572 2045 695 2078 πάντων
709 2045 893 2087 μνηστήρων
907 2044 961 2076 ἕνα

264 2097 346 2135 θεὸν,
361 2098 494 2129 asserit.
538 2098 588 2128 Eo
605 2097 744 2137 respicit
758 2096 958 2127 Theocritus

264 2148 420 2190 Syringe,
436 2152 472 2179 et
487 2147 574 2178 illius
590 2146 793 2178 Scholiastes
808 2145 959 2177 Pediasi-

264 2207 349 2230 mus.
394 2197 465 2229 Alii
486 2201 598 2229 tamen
614 2196 711 2227 Pana
727 2205 769 2225 ex
785 2194 960 2226 Mercurio

263 2251 300 2278 et
315 2247 489 2287 Penelope
506 2250 623 2277 natum
640 2246 772 2284 volunt,
785 2244 874 2286 quod
892 2245 959 2275 Eu·

263 2297 376 2329 sebius
391 2297 511 2328 scribit
523 2297 564 2327 de
580 2297 766 2336 Praeparat.
779 2297 856 2326 v.9.
886 2295 958 2336 Hy-

264 2347 362 2387 ginus
375 2346 443 2379 fab.
460 2348 534 2378 224.
552 2345 680 2377 Herod.
696 2345 757 2375 sub
774 2345 903 2375 exitum
918 2352 959 2375 ιι.

264 2397 463 2428 Demetrius
473 2395 664 2435 Penelopes
677 2393 802 2434 probra
813 2393 959 2424 innuisse

264 2445 370 2477 voluit
401 2444 491 2485 apud
516 2443 644 2475 Athen.
673 2452 723 2475 ιν.
751 2442 958 2483 respondens

264 2495 483 2535 Lysimachoz
506 2493 526 2531 ἦ
550 2493 620 2534 παρ’
643 2491 707 2531 ἐμοὶ
726 2491 823 2532 πόρνη
839 2497 959 2532 σωφρο-

264 2544 410 2585 νέστερον
425 2545 481 2581 τῆς
501 2543 570 2584 παρ’
589 2542 693 2582 ἐκείνῳ
707 2541 892 2579 Πηνελόπης
907 2540 960 2582 ζῇ.

263 2596 425 2635 Virgilius
444 2595 477 2625 id
500 2596 604 2626 etiam
626 2593 821 2632 snbolfecit,
835 2592 904 2633 qui,
921 2596 958 2624 ut

264 2644 432 2675 Homerus
440 2643 597 2683 φιλέλλην
608 2642 683 2684 fuit,
695 2642 915 2683 φιλοῤῥωμαῖος
923 2646 958 2673 et

263 2693 550 2734 μισοκαρχηδόνιος,
562 2693 703 2723 invertit
722 2692 804 2723 illud
819 2692 955 2729 drama3

263 2748 367 2783 utque
387 2743 443 2774 ille
466 2752 507 2774 ex
531 2741 702 2782 impudica
724 2742 894 2782 pudicam,
909 2741 957 2772 ita

265 2802 307 2822 ex
341 2794 470 2825 univira
503 2799 539 2825 et
578 2794 779 2833 castissima,
815 2793 956 2832 φίλοιφιν

264 2848 469 2874 commentus
497 2848 567 2875 est:
592 2852 783 2884 quanquam
814 2843 847 2875 id
877 2848 955 2874 ante

1017 1203 1194 1245 Virgilium
1224 1203 1352 1236 Ennius
1382 1200 1586 1244 jamdudum
1620 1198 1710 1232 fece-

1017 1258 1081 1284 rat.

1059 1305 1122 1333 950
1140 1302 1291 1342 Telegoni
1303 1300 1441 1342 gladios]
1457 1299 1618 1341 Sequitur
1630 1298 1713 1329 Dic·

1017 1356 1091 1394 tyn,
1121 1353 1295 1393 Hyginum
1324 1352 1391 1383 fab.
1418 1353 1491 1382 127.
1542 1349 1712 1380 Lucianus

1017 1406 1132 1433 tamen
1157 1402 1309 1442 podagra
1333 1401 1458 1433 obiisse
1483 1398 1603 1431 scribit
1623 1397 1713 1429 libro

1013 1450 1265 1492 τραγοποδάγρα.

1057 1505 1120 1533 957
1154 1503 1337 1533 Eversorem
1366 1500 1455 1531 Asiae
1483 1496 1616 1537 vultum]
1653 1495 1711 1528 Sic

1016 1551 1184 1582 Achillem
1208 1552 1328 1591 Papin.
1352 1559 1377 1581 1.
1403 1549 1554 1580 nominat
1574 1547 1585 1564 ⁴
1603 1547 1710 1578 Ever-

1015 1609 1124 1632 sorem
1143 1600 1262 1639 Asiae,’
1284 1600 1430 1638 Turnus,
1451 1598 1589 1628 AEneam
1611 1597 1621 1613 ‘
1637 1597 1710 1627 De-

1015 1655 1177 1682 sertorem
1192 1649 1309 1681 Asiael
1340 1648 1538 1680 Proximum
1552 1651 1606 1678 est
1621 1645 1711 1677 Anc-

1016 1701 1097 1731 toris
1117 1700 1224 1730 nostri
1245 1698 1421 1730 sententiae
1438 1696 1520 1728 illud
1537 1696 1709 1737 Euripidis

1014 1750 1048 1782 in
1067 1750 1209 1781 Hecuba
1221 1760 1230 1781 ς
1246 1749 1306 1781 *Ως
1319 1748 1377 1786 τὴν
1387 1746 1541 1778 Λάκαιναν
1552 1746 1709 1785 σύγγονον

1014 1798 1196 1840 Διοσκόρων
1208 1797 1337 1836 Ἑλένην
1350 1797 1451 1835 ἴδοιμι·
1468 1796 1517 1827 διὰ
1533 1797 1638 1827 καλῶν
1646 1795 1708 1836 ’γὰρ

1016 1848 1160 1888 ὀμμάτων
1167 1848 1325 1888 Αἵσχιστα
1332 1847 1441 1888 Τροίαν
1455 1845 1520 1877 εἷλε
1534 1845 1593 1883 τὴν
1609 1844 1708 1876 εὔδαῖ-

1013 1911 1102 1938 μονα.
1146 1899 1312 1930 Helenam
1340 1898 1429 1929 inter
1449 1897 1541 1927 Deos
1564 1895 1708 1926 relatam

1014 1949 1133 1979 scribit
1151 1948 1319 1979 Isocrates
1335 1946 1369 1978 in
1386 1946 1552 1978 Oratione
1568 1944 1610 1976 de
1626 1944 1707 1983 illa3

1013 1998 1169 2039 idemque
1208 1996 1390 2037 Euripides
1438 1995 1472 2026 in
1514 1994 1706 2034 cognomini

1013 2047 1205 2088 Tragoedia.
1248 2046 1433 2078 Pausanias
1460 2045 1492 2076 in
1517 2043 1707 2084 Laconicis,

1012 2098 1047 2130 in
1072 2097 1192 2129 Rhodo
1218 2097 1327 2128 insula
1355 2097 1399 2128 ab
1428 2095 1549 2127 arbore
1570 2102 1708 2135 suspen·

1013 2158 1094 2179 sam.
1155 2146 1326 2178 Lucianus
1370 2146 1403 2177 in
1448 2144 1596 2185 Dialogo
1631 2144 1708 2174 Me-

1013 2197 1109 2238 nippi
1132 2200 1168 2227 et
1193 2194 1480 2234 Mercurii‚illum
1504 2203 1547 2224 ex
1573 2192 1634 2224 his
1645 2192 1706 2224 mi·

1014 2252 1147 2279 rantem
1181 2245 1282 2286 facit,
1315 2245 1403 2287 quod
1435 2243 1550 2276 Graeci
1581 2252 1707 2284 prore

1014 2302 1083 2329 tam
1113 2297 1183 2329 cito
1213 2295 1367 2334 evanida,
1404 2293 1708 2326 Helenae-scilicet

1013 2347 1132 2382 forma,
1162 2350 1291 2378 tantum
1321 2344 1446 2376 laboris
1475 2343 1707 2375 exhauserim.

1012 2395 1114 2436 Apud
1141 2394 1403 2436 Aristophanem
1429 2394 1502 2434 ipsa
1528 2392 1706 2433 gloriatum,

1012 2445 1100 2487 quod
1124 2445 1284 2486 plurimos
1302 2443 1344 2474 ad
1366 2442 1609 2475 Scamandrum
1630 2449 1707 2481 per-

1012 2494 1151 2534 diderit,
1170 2493 1413 2533 Thesmophor.
1431 2501 1464 2533 p.
1480 2493 1555 2522 814.
1599 2489 1706 2521 Athe-

1011 2553 1106 2575 naeus
1131 2552 1183 2575 vr.
1208 2542 1317 2581 initio,
1336 2538 1600 2580 Helenophoria,
1628 2547 1705 2569 cum

1011 2594 1163 2633 Polluce,
1177 2592 1347 2623 nominat:
1365 2600 1405 2622 an
1423 2589 1551 2620 festum
1562 2588 1595 2618 in
1612 2587 1704 2618 illins

1010 2643 1172 2674 honorem
1181 2637 1600 2678 fueritmeuterexplicat.
1628 2636 1706 2667 Ste-

1012 2693 1161 2725 sichorus
1188 2689 1353 2732 quomodo
1381 2687 1548 2719 Helenam
1572 2685 1706 2726 vitupe-

1012 2742 1118 2773 rando
1148 2749 1244 2772 usum
1276 2738 1448 2770 oculorum
1482 2735 1641 2772 amiserit,
1668 2739 1704 2766 et

1009 2791 1177 2822 laudando
1193 2787 1376 2828 receperit,
1390 2787 1491 2816 Plato
1508 2785 1539 2815 in
1554 2785 1702 2816 Phaedro

1010 2841 1164 2882 exponit,
1177 2849 1208 2881 p.
1222 2840 1316 2870 1219.
1331 2835 1419 2868 vide
1433 2833 1646 2867 Herodotum
1665 2843 1704 2867 ιι.
