1889 3194
314 357 400 400 562
859 369 1061 402 JOSEPHI
1099 370 1263 401 iscANi

315 474 631 527 Polydamante
652 474 816 525 Dolon,
836 474 1081 528 patriaeque
1102 474 1145 515 in
1165 474 1321 515 damna
1342 476 1506 516 ruentis

312 540 500 594 Impius,
525 546 569 582 et
590 542 720 583 tantis
742 541 907 582 AEneas
927 553 1143 582 consonus
1166 542 1304 583 ausis.

369 608 566 649 Nuntius
583 607 800 660 Argolicis
820 606 1068 660 prodendas
1088 608 1254 650 indicat
1273 620 1395 650 arces

312 675 598 729 Polydamas,
622 686 861 727 pacemque
884 673 928 713 in
947 678 1127 726 pactum
1147 673 1313 715 fraudis
1333 674 1580 717 habendam

308 741 338 782 J
343 743 478 782 uratis
499 741 659 794 poscit,
680 741 948 793 tacitumque
969 741 1012 781 in
1035 741 1199 782 moenia
1218 740 1335 782 furto

310 808 467 849 Poscit
487 808 567 848 iter
590 807 772 847 Danais.
833 807 1000 848 Nestor
1021 807 1159 857 timet,
1178 807 1312 849 haeret
1330 807 1537 861 Ulysses,

311 873 446 915 Furta
466 878 597 927 negat
616 873 808 927 Pyrrhus
826 887 837 913 ε
866 874 970 915 illos
991 874 1156 915 incerta
1173 878 1395 916 morantur

309 941 536 991 Pollicita,
559 945 604 982 et
624 940 715 981 falli
735 946 934 983 metuunt
951 954 960 982 :
991 941 1063 981 hic
1082 941 1259 983 vincere
1280 945 1436 992 certus,

309 1008 552 1049 Nocturnis
574 1008 732 1061 refugit
747 1008 877 1049 bellis
893 1007 1089 1049 foedasse
1110 1008 1389 1062 triumphum.

306 1074 403 1116 Res
425 1076 571 1117 turbat
591 1078 799 1129 suspecta
819 1075 967 1124 duces,
990 1075 1275 1128 Phrygioque
1296 1080 1464 1116 retento

305 1141 513 1183 Traditur
533 1141 712 1184 Inachio
731 1143 867 1195 legati
889 1155 991 1182 cura
1012 1142 1179 1183 Sinoni.

305 1209 548 1250 Promissis
570 1209 772 1251 addenda
792 1209 927 1249 fides:
957 1210 1068 1262 petit
1086 1209 1161 1250 ille
1185 1214 1372 1263 penates

305 1276 487 1327 Iliacos,
509 1275 756 1330 dubiosque
774 1275 973 1318 Anchisa
993 1279 1101 1318 teste
1119 1277 1298 1317 timores

306 1343 462 1394 Solvit,
484 1348 527 1385 et
548 1348 760 1397 acceptas
777 1343 947 1397 jurante
966 1341 1189 1384 Antenore
1208 1355 1356 1385 voces.

362 1410 476 1463 Ergo
497 1410 629 1451 fidem
647 1409 836 1451 ducibus
854 1410 1001 1452 testati
1022 1410 1197 1452 numina
1217 1414 1410 1464 pangunt

305 1476 548 1527 Inachidae,
568 1477 750 1530 laetique
765 1476 936 1530 jubent,
957 1490 1051 1526 sua,
1073 1490 1224 1531 seque,
1247 1490 1451 1531 suosque,

304 1543 358 1583 In
379 1544 521 1584 nullos
538 1549 688 1585 nutare
708 1547 847 1584 metus
866 1556 878 1582 τ
907 1543 1025 1585 dona
1044 1543 1223 1596 insuper
1243 1543 1425 1594 addunt,

304 1610 364 1650 Et
385 1609 557 1650 firmant
576 1610 792 1664 promissa
814 1610 928 1651 datis
945 1622 956 1649 ε
986 1623 1064 1650 nec
1084 1609 1301 1662 Pergama
1322 1613 1507 1660 tantum,

305 1675 560 1717 Innumeras
579 1675 706 1718 Asiae
729 1677 947 1730 spondent
969 1689 1068 1717 cum
1089 1676 1262 1717 civibus
1284 1677 1428 1717 urbes.

304 1743 395 1783 His
416 1742 565 1783 hilaris
585 1742 735 1795 Phryx
755 1747 901 1784 certus
923 1743 1030 1792 abit,
1054 1742 1259 1796 quodque
1280 1743 1421 1784 hostis
1440 1743 1486 1784 in
1506 1744 1654 1785 urbem

305 1809 464 1862 Captet
483 1810 579 1861 iter,
602 1809 782 1862 quando
803 1809 969 1859 veniat,
990 1822 1088 1863 quae
1110 1810 1235 1861 signa
1254 1809 1459 1851 movendi

304 1875 481 1926 Militis,
503 1880 549 1917 et
575 1881 707 1917 cauto
730 1876 957 1930 dispensat
979 1876 1151 1928 singula
1170 1879 1292 1916 nutu.

360 1941 498 1983 Porta
518 1942 674 1992 latens,
697 1942 946 1997 tacitosque
966 1942 1081 1983 dolis
1100 1942 1244 1983 furata
1265 1946 1438 1982 meatus

303 2008 571 2062 Inscriptum
593 2009 755 2063 Pegasi
775 2009 887 2051 tollit
908 2013 1071 2063 caput:
1101 2009 1183 2050 hac
1212 2008 1297 2049 iter
1317 2007 1462 2062 Argis,

903 2116 1121 2129 eeeeeeeeeee

343 2172 408 2202 729
432 2170 575 2211 Quidque
587 2169 674 2203 Edd.
690 2170 779 2202 Mor.
795 2175 829 2203 et
843 2171 1014 2212 Spondan.

956 2257 1096 2290 NOTAE

1673 474 1757 515 710

1669 808 1755 849 715

1667 1140 1752 1182 720

1660 1476 1746 1519 ’725

1661 1809 1746 1852 730

342 2332 404 2361 713
428 2331 601 2371 Pacemque
615 2331 648 2362 in
660 2335 786 2371 pactum
796 2332 927 2371 fraudis
941 2332 996 2364 ha·
1048 2337 1119 2364 tum
1137 2332 1227 2365 tollit
1241 2332 1366 2375 caput)
1409 2332 1503 2366 Hinc
1517 2341 1598 2366 vero
1613 2332 1743 2366 famosa

299 2378 427 2410 bendum
452 2381 577 2411 duratis
599 2381 715 2421 poscit]
745 2381 755 2398 ‘
770 2382 998 2414 Natinantes'
1047 2383 1106 2415 illa
1121 2383 1263 2415 historia
1285 2385 1327 2416 de
1343 2394 1430 2426 equo
1446 2384 1601 2424 durateo,
1625 2389 1660 2415 et
1684 2393 1743 2415 ve-

299 2429 359 2465 illi,
376 2434 413 2460 ut
429 2430 515 2461 Cato
529 2430 694 2471 loquitur,
711 2440 830 2471 pacem
856 2437 891 2463 et
907 2432 997 2463 inco·
1048 2433 1139 2465 nusti
1155 2434 1408 2474 epigrammatis
1422 2433 1593 2466 conclusio
1607 2443 1616 2464 τ
1640 2433 1742 2464 ‘Car-

298 2477 488 2509 lumitatem
511 2483 669 2520 tanquam
685 2480 831 2520 pretium
855 2480 997 2522 proditi·
1046 2481 1144 2513 minis
1161 2482 1260 2514 Iliaci
1277 2483 1383 2515 libros
1401 2483 1584 2514 consumsit
1608 2481 1742 2513 asellus.

297 2527 371 2558 onis
388 2532 546 2567 poscunt.
1047 2530 1125 2561 Hoc
1141 2529 1246 2562 fatum
1262 2532 1371 2572 Trojae
1386 2536 1453 2570 est,
1467 2535 1527 2562 aut
1545 2538 1662 2571 equuS,
1683 2535 1743 2561 aut

341 2580 404 2608 716
429 2578 531 2609 Furta
559 2582 653 2618 negat
675 2579 836 2621 Pyrrhus]
863 2578 995 2621 Aperto
1046 2580 1160 2611 asinus
1174 2579 1195 2609 :’
1219 2590 1288 2622 qua
1305 2581 1349 2612 de
1366 2590 1403 2612 re
1419 2580 1614 2620 Polyaenus.
1659 2579 1742 2612 Qui-

297 2626 426 2663 Marte,
445 2637 512 2659 non
529 2628 628 2669 dolis,
641 2629 789 2661 vincere.
1046 2630 1125 2661 dam
1141 2629 1236 2661 ἵππον
1258 2631 1351 2662 illum
1378 2628 1554 2670 δουράτεον,
1582 2630 1741 2676 arietem,

340 2679 402 2708 721
426 2677 600 2709 Promissis
618 2679 757 2710 addenda
771 2677 869 2720 fides]
891 2678 992 2711 Jura·
1044 2679 1206 2720 κριοδόκην
1219 2680 1363 2720 scilicet,
1380 2678 1485 2711 fuisse
1501 2679 1637 2711 volunt:
1663 2679 1741 2710 vide

298 2726 416 2759 menti.
452 2727 493 2758 In
515 2737 576 2759 ora
597 2728 674 2760 libri
701 2733 776 2760 erat
793 2728 991 2764 ‘audendax
1044 2729 1240 2761 Vitruvium
1254 2729 1298 2760 de
1313 2729 1446 2760 Archit.
1469 2737 1508 2761 x,
1533 2731 1585 2760 18.
1607 2729 1740 2770 prolixe

299 2775 388 2815 quod
401 2785 466 2807 non
483 2777 609 2817 placet.
1044 2779 1134 2810 illam
1157 2778 1417 2810 describentem.
1463 2777 1611 2809 Plinium
1628 2787 1692 2810 vn.
1707 2782 1739 2810 5.

341 2827 403 2854 733
427 2825 616 2866 Inscriptum
638 2827 756 2867 Pegasi
777 2828 860 2859 tollit
882 2829 990 2869 caput]
1046 2828 1191 2862 Quidam
1209 2831 1415 2868 strategema
1429 2828 1570 2868 Ulyssis.

301 2873 442 2905 Poterat
465 2875 582 2907 aliter:
613 2876 825 2917 ‘Pegaseum
849 2877 989 2918 inscrip—
