1889 3194
322 349 407 391 402

479 360 679 416 JOSEJHU
713 361 877 393 lscANt
913 363 976 392 DE
1010 362 1167 392 BELLO
1200 362 1424 395 TROJANO
1458 365 1553 395 Llss.
1583 366 1614 397 Ι.

380 455 463 496 Est
481 468 606 497 sacer
625 457 730 498 urbe
749 457 874 498 locus
897 457 1057 507 media,
1078 457 1387 510 modicumque
1407 459 1580 501 laborat

322 521 375 563 In
397 523 613 564 cumulum
635 537 867 577 pygmaeus
889 537 1020 577 apex,
1043 536 1177 576 quem
1196 537 1368 576 surgere
1395 526 1538 579 plene,

323 587 466 638 Quem
487 589 619 642 plane
637 589 823 630 residere
843 602 994 641 neges:
1026 589 1097 629 hic
1120 590 1240 630 celsa
1263 593 1439 644 superbi

322 654 538 708 Fulgurat
558 669 635 697 ara
654 656 683 697 J
687 657 799 705 ovis,
821 669 907 697 non
927 660 1100 709 sceptro
1123 660 1166 696 et
1186 656 1372 697 fulmine
1391 658 1514 707 nudi,

1675 659 1761 699 540

320 721 427 763 Non
447 723 619 776 qualem
641 722 818 776 Tyrius,
840 734 927 762 non
950 723 1124 775 qualem
1147 724 1365 776 praedicat
1388 724 1544 765 Indus.

973 852 1114 884 NOTAE

318 924 402 955 illud
418 930 452 955 et
469 925 608 956 inaesum
635 925 738 956 etiam
754 930 832 966 post
853 925 1012 957 Fimbriae

318 973 635 1013 ἅλωσινίιινειιῑιιιιι,
659 979 814 1007 asserunt
837 974 1014 1015 Appianus

317 1028 353 1055 et
370 1024 439 1055 Jul.
464 1023 676 1065 obsequens.
713 1025 801 1056 Vide
827 1026 948 1056 Vivem
970 1026 1012 1057 ad

319 1081 376 1104 ιιι.
392 1076 422 1102 7.
454 1072 635 1112 Augustini
654 1073 696 1104 de
713 1074 813 1106 Civit.
833 1074 907 1105 Dei.
943 1075 1015 1106 Fir-

317 1125 424 1155 micus
442 1123 579 1155 Abarim
595 1124 756 1164 Scytham
783 1124 816 1155 id
840 1123 960 1156 fecisse
978 1131 1014 1156 et

318 1183 536 1205 consecrasse
551 1175 637 1205 vult:
657 1173 744 1214 quod
758 1175 921 1205 maximus
935 1176 1013 1206 Sca-

315 1224 402 1264 liger
418 1224 557 1254 miratur
575 1223 607 1254 in
622 1229 803 1255 comment.
821 1224 863 1255 ad
888 1225 1013 1257 Euseb.

317 1276 372 1304 46.
416 1273 515 1303 Meus
541 1282 618 1304 vero
643 1273 730 1304 liber
758 1274 861 1305 habet
887 1285 1014 1306 avarum

319 1323 480 1364 Scytham.
516 1323 623 1355 Clem.
646 1322 745 1354 Alex.
765 1328 799 1354 et
825 1324 953 1355 Arnob.
970 1334 1013 1355 ex

317 1373 448 1404 ossibus
488 1373 626 1412 Pelopis
667 1373 750 1404 illud
787 1372 1012 1405 fabrefactum

316 1423 491 1454 scribunt:
523 1423 579 1453 ille
604 1432 684 1454 vero
713 1424 747 1454 in
773 1423 933 1465 Protrep.
957 1428 1011 1456 23.

318 1472 445 1512 duplex
469 1483 508 1503 ex
528 1472 686 1513 Appellae
711 1474 882 1504 sententia
907 1473 1012 1505 fnisse

316 1522 402 1552 vult.

360 1574 423 1602 537
450 1571 508 1602 Est
523 1580 610 1602 sacer
622 1571 697 1602 urbe
711 1572 794 1602 locus
809 1572 923 1612 media]
946 1574 1013 1603 Da-

318 1630 393 1652 res:
412 1622 421 1638 ‘
433 1621 573 1661 Regiam
591 1630 722 1662 quoqne
742 1620 935 1662 aedificavit,
951 1622 1013 1653 ibi-

318 1678 383 1710 que
399 1670 493 1702 Jovis
506 1679 596 1700 aram
609 1675 821 1711 statuamque
836 1679 1013 1701 consecra-

318 1718 394 1750 vit.'

354 1769 573 1809 Modicumque
587 1769 707 1800 laborat
718 1770 757 1800 In
769 1769 919 1800 cumulum
930 1779 1010 1810 pyg-

317 1829 411 1850 moeus
438 1819 531 1860 apex]
565 1819 761 1860 Pygmaeum
787 1819 952 1857 nominat,
979 1818 1013 1849 id

318 1873 385 1909 est,
401 1878 552 1909 parvum,
567 1870 645 1909 quia
662 1869 825 1900 tumulum
842 1868 1012 1898 modicum

317 1917 462 1949 dixerat.
518 1917 672 1958 Pygmaei
709 1917 882 1957 Hesycliio
919 1917 1014 1957 quasi

317 1969 475 2007 πηχυαῖοι,
503 1967 690 1998 cubitales:
716 1966 777 1996 nisi
801 1967 1014 2006 ‘pygmaeum

318 2017 468 2058 apicem'
492 2017 662 2056 intelligas
682 2016 824 2046 similem
846 2025 962 2046 manus
978 2016 1011 2046 in

317 2077 468 2108 pugnum
487 2070 687 2098 contractae.
730 2066 878 2106 Hesycli.
894 2065 1012 2105 πυγμὴ,

319 2117 446 2157 Ὑρόνθος
466 2115 594 2155 arry-rh)
607 2116 705 2155 ἤγουν
722 2115 760 2146 τὸ
775 2115 1014 2146 συνκεκλεῖσθαι

317 2165 498 2198 δακτύλους.
541 2166 666 2197 Juven.
700 2166 709 2182 ‘
732 2165 892 2205 virginem
927 2164 1013 2204 Pyg-

317 2216 461 2250 maeam.’
482 2216 556 2247 Sat.
586 2224 634 2246 vr.
666 2215 792 2245 Auson.
816 2214 859 2244 de
887 2214 1015 2244 tumulo

319 2267 391 2304 tali,
414 2265 472 2297 sed
490 2264 622 2296 altiori:
648 2268 655 2282 ¹
673 2273 739 2304 qua
761 2263 911 2294 sublimis
927 2272 1014 2303 apex

316 2316 418 2354 longo
436 2323 537 2354 super
553 2313 658 2344 ardua
678 2316 786 2344 tractu
809 2312 946 2343 Vitibus
964 2322 1015 2343 as-

318 2363 446 2404 surgit,'
477 2363 610 2404 1dy1.9.
642 2363 697 2393 Sic
713 2370 746 2393 v.
761 2364 837 2393 264.
866 2362 1014 2393 Noster:

320 2414 421 2454 ‘juga
433 2411 593 2444 crurum.’
637 2411 737 2443 Haud
753 2410 903 2442 absimile
919 2410 1012 2442 Gun-

1068 926 1154 958 theri
1178 927 1273 959 illud.
1301 937 1350 960 ιν.
1380 928 1592 971 ‘Thuscique
1620 937 1763 971 crepun-

1068 976 1123 1007 dia
1139 977 1284 1008 montis!

1110 1029 1174 1057 539
1193 1027 1280 1058 Celsa
1291 1027 1414 1067 superbi
1426 1028 1578 1067 Fulgurat
1592 1038 1648 1059 ara
1658 1027 1764 1067 Jom's]

1068 1075 1205 1106 Hercaei
1234 1082 1315 1116 puto
1340 1077 1382 1107 ad
1409 1087 1508 1118 quam
1536 1086 1584 1108 vi.
1609 1077 1764 1108 Priamus

1068 1125 1246 1157 occiditur.
1291 1126 1356 1157 Ilio
1383 1127 1512 1163 exciso,
1535 1127 1567 1157 in
1598 1126 1763 1157 divisione

1069 1176 1195 1214 praedae
1209 1176 1339 1216 signum
1356 1175 1595 1208 HereaeiJovis
1605 1175 1764 1207 Sthenelo

1069 1226 1217 1265 Capanei
1239 1225 1308 1257 filio
1335 1225 1469 1266 κληρωτὶ
1494 1225 1630 1266 obtigit.
1676 1225 1765 1256 Pau·

1069 1285 1140 1305 san.
1155 1275 1189 1306 in
1208 1275 1332 1306 Arcad.

1110 1327 1170 1355 541
1196 1325 1268 1356 Non
1293 1324 1412 1365 qualem
1440 1323 1568 1364 Tyrius]
1593 1323 1712 1355 Belum
1729 1328 1765 1354 et

1066 1373 1187 1405 Jovem
1207 1373 1443 1404 Hammonium
1456 1373 1565 1404 innuit
1583 1373 1676 1413 Hyg.
1688 1381 1764 1412 cap.

1069 1424 1142 1453 133.
1156 1428 1189 1452 et
1206 1432 1244 1453 ιι.
1257 1422 1395 1453 Astron.
1408 1422 1508 1453 Puer.
1523 1432 1556 1462 p.
1568 1425 1622 1453 69.
1638 1421 1764 1462 capite,

1069 1470 1194 1502 Aries:
1225 1471 1300 1502 vide
1329 1472 1456 1503 Meurs.
1491 1472 1527 1502 in
1556 1472 1690 1503 Criticis
1720 1472 1763 1502 ad

1069 1520 1255 1552 Arnobium
1289 1530 1339 1552 vr.
1372 1524 1404 1552 2.
1450 1521 1624 1553 Ciceronis
1661 1522 1765 1552 verbu

1068 1574 1146 1600 sunt
1177 1569 1219 1600 de
1251 1570 1330 1602 Nat.
1361 1571 1464 1602 Deor.
1494 1579 1549 1601 ιιι.
1588 1570 1763 1603 ‘Quintus

1067 1618 1205 1657 Jupiter
1227 1619 1261 1649 in
1288 1619 1398 1658 India,
1418 1619 1475 1660 qui
1490 1620 1596 1650 Belus
1612 1619 1763 1651 dicitur.¹

1068 1668 1149 1704 Ζῆνα
1163 1667 1259 1703 Λίβυν
1278 1669 1420 1700 Nonnus
1439 1675 1550 1700 vocat.
1603 1669 1691 1700 Vide
1711 1670 1765 1700 Li-

1066 1719 1147 1748 lium
1172 1718 1359 1758 Gyraldum
1384 1719 1418 1749 in
1438 1719 1536 1751 Jove.
1582 1719 1623 1750 In
1648 1719 1765 1759 primis

1065 1777 1146 1797 vero
1174 1768 1352 1798 maximum
1377 1768 1540 1807 Scaliger.
1561 1768 1594 1799 in
1620 1768 1766 1800 Canoni-

1068 1815 1129 1847 bus
1140 1816 1278 1856 Isagog.
1292 1817 1332 1847 ad
1347 1817 1468 1848 Euseb.
1482 1826 1539 1848 ιιι.
1556 1827 1589 1858 p.
1600 1820 1675 1848 313.
1699 1818 1764 1848 Lu-

1068 1876 1142 1898 can.
1166 1876 1219 1898 ix.
1244 1872 1253 1886 ‘
1268 1867 1417 1898 Ventum
1434 1872 1509 1898 erat
1525 1867 1567 1898 ad
1586 1868 1764 1908 templum,

1069 1915 1204 1956 Libycis
1228 1916 1317 1957 quod
1342 1916 1499 1956 gentibus
1517 1926 1619 1948 unum
1636 1916 1763 1950 Inculti

1069 1965 1293 1996 Garamantes
1322 1966 1472 1997 habent:
1503 1971 1573 1997 stat
1608 1967 1765 2008 corniger

1069 2013 1137 2045 illic
1163 2014 1313 2054 Jupiter,
1336 2019 1373 2045 ut
1396 2020 1595 2054 memorant,
1617 2015 1676 2046 sed
1696 2025 1764 2047 non

1070 2069 1129 2095 aut
1144 2062 1285 2094 fulmina
1301 2065 1450 2104 vibrans,
1467 2065 1538 2096 Ant
1558 2065 1675 2096 similis
1691 2075 1765 2097 nos-

1071 2119 1137 2152 tro,
1149 2114 1207 2144 sed
1219 2114 1315 2145 tortis
1328 2115 1498 2155 cornibus,
1511 2114 1666 2146 Ammon.
1684 2115 1763 2146 Non

1070 2163 1140 2194 illic
1166 2163 1301 2203 Libycae
1331 2169 1516 2202 posuerunt
1537 2164 1623 2194 ditia
1646 2169 1765 2203 genten

1069 2213 1232 2252 Templa3
1248 2221 1310 2242 nec
1327 2212 1407 2244 Eois
1429 2213 1611 2253 splendent
1626 2212 1766 2245 donaria

1069 2263 1220 2302 gemmis.
1266 2263 1427 2294 Quamvis
1444 2263 1634 2303 AEthiopum
1659 2272 1765 2303 popu-

1069 2312 1123 2350 lis,
1136 2309 1355 2351 Arabumque
1381 2311 1488 2342 beatis
1511 2311 1690 2347 Gentibus,
1713 2317 1764 2342 at-

1071 2369 1136 2401 que
1151 2360 1247 2392 Indis
1265 2370 1348 2392 uuus
1373 2361 1416 2392 sit
1438 2360 1575 2402 Jupiter
1598 2361 1763 2401 Ammou,’

1068 2412 1131 2442 &c.
