1889 3194
244 333 328 375 490

764 340 965 372 JOSEPHI
999 338 1162 370 lscANl

246 437 300 478 Et
323 436 555 478 Diomedei
575 436 713 477 furias
734 436 897 489 gregis:
928 439 1026 476 atra
1039 432 1217 474 nefandi

245 505 386 557 Septa
405 503 544 553 ducis,
564 502 706 555 longis
723 502 946 542 hominum
967 501 1129 541 satiata
1149 498 1299 547 ruinis,

245 570 470 611 Herculea
485 568 676 610 cecidere
698 581 826 608 manu
843 581 853 608 ε
885 570 1108 620 stratoque
1129 569 1311 618 tyranno

242 635 401 677 Tutior
421 636 465 676 in
485 636 675 689 patriam
695 634 897 674 reducem
917 633 1192 674 Teuthranta
1211 643 1428 683 regressus

1591 632 1676 672 410

244 702 355 743 Post
376 703 552 743 crebras
573 702 691 742 acies
712 704 756 740 et
773 712 978 752 equorum
998 698 1115 739 bella
1133 698 1312 751 recepit.

243 768 348 820 Ipse
367 767 650 820 triumphanti
672 770 793 807 satus
810 765 1025 815 Hercule,
1046 764 1198 806 Moesa
1218 764 1395 805 subisse

242 834 414 886 Regna,
432 834 647 886 ducisque
667 833 830 886 hospes
850 831 1038 873 blandos
1059 832 1251 872 coluisse
1269 830 1460 872 Penates

242 900 460 949 Gratulor,
483 912 535 941 ac
555 899 732 940 memini
751 901 899 951 gratus
916 911 926 939 :
957 897 1033 939 sed
1053 898 1197 939 dicere
1215 897 1403 949 longum,

241 966 357 1016 Quae
378 979 544 1007 mecum
565 965 717 1018 gessit,
737 965 879 1018 patris
899 977 1092 1005 memor:
1113 964 1214 1005 hinc
1234 963 1341 1004 mihi
1359 963 1536 1017 lapsum
1591 963 1677 1004 415

240 1033 428 1084 Erigere,
448 1036 492 1073 et
513 1032 683 1085 gladios
705 1031 830 1072 tutari
846 1044 951 1073 cura
970 1031 1209 1080 timentem,

241 1099 298 1141 Et
318 1099 486 1140 tardum
507 1099 680 1139 venisse
700 1097 859 1151 pudet:
889 1098 994 1152 quin
1017 1097 1180 1138 Martia
1199 1109 1399 1150 magnum

245 1166 295 1206 Si
310 1178 464 1206 manus
486 1165 716 1214 AEaciden,
732 1168 779 1205 ut
796 1177 885 1206 non
906 1176 1086 1206 sensura
1102 1164 1258 1216 fatiget

240 1231 456 1281 Membra,
479 1231 625 1280 trahit,
646 1230 853 1285 facilique
873 1232 1018 1272 animo
1034 1243 1150 1272 nova
1170 1230 1325 1272 suadet
1344 1230 1547 1284 Erinnys,

239 1297 372 1339 Ultra
389 1298 501 1339 velle
523 1297 646 1347 nihil,
666 1298 728 1338 nil
745 1299 858 1338 citra
876 1311 1031 1351 posse,
1052 1297 1274 1338 ferendum
1295 1301 1386 1338 est:

1592 1295 1676 1337 420

240 1364 461 1413 Cedimus‚
481 1364 648 1418 hosque
669 1367 788 1405 artus
807 1364 991 1417 gelidos,
1020 1364 1115 1405 haec
1135 1363 1356 1405 reddimus
1374 1366 1478 1405 exta.

241 1430 402 1471 Ultrici
423 1430 635 1471 calcanda
655 1434 776 1472 rotae.
827 1431 901 1472 Sic
922 1431 1058 1479 fatus,
1080 1431 1123 1470 in
1145 1430 1281 1471 altum

241 1497 426 1538 Sublato
444 1497 611 1550 clype0‚
630 1495 794 1549 pavide
813 1500 974 1549 tamen,
994 1497 1145 1538 ultima
1165 1499 1367 1550 questum

241 1562 353 1603 Fata
373 1562 528 1603 ducem
548 1566 775 1611 monstrat,
796 1562 924 1615 friget
944 1575 1084 1612 cruor,
1105 1575 1268 1615 oraque
1281 1562 1452 1615 pallent

240 1629 475 1669 Eluctante
493 1628 638 1668 anima
655 1641 664 1668 :
703 1628 879 1669 tandem
898 1628 1132 1669 miseratur
1153 1626 1368 1676 Achilles,

1592 1626 1679 1668 425

243 1694 543 1748 Agnoscitque
562 1707 748 1735 manum.
809 1694 883 1735 Sic
903 1695 1068 1735 mulcta
1089 1706 1187 1734 sero
1207 1694 1392 1734 furorem

237 1761 484 1813 Temperat,
500 1766 543 1801 et
565 1761 711 1813 poenis
733 1760 913 1801 tandem
936 1761 1096 1801 satiata
1120 1760 1336 1813 supremis

240 1827 461 1869 Illaudata
477 1827 595 1868 feros
611 1827 754 1868 differt
772 1827 1006 1868 clementia
1024 1831 1182 1867 motus.

825 1945 962 1959 ΟΝΝΝ

284 2012 344 2041 421
372 2009 536 2041 Credimus
551 2009 617 2042 Ms.
632 2019 737 2050 marg.

964 1945 1061 1957 001θο

884 2096 1023 2128 NOTAE

279 2161 342 2190 407
389 2159 435 2190 Et
473 2158 635 2190 Diomedei
662 2159 770 2197 surius
803 2159 928 2200 gregis]

235 2208 345 2239 Thrax
371 2209 428 2239 ille
454 2209 637 2240 Diomedes
653 2219 662 2247 ;
700 2210 756 2250 qui
781 2209 928 2250 hospites

236 2258 388 2297 equabus
399 2257 573 2288 laniandos
584 2258 781 2299 objiciebat.
801 2258 930 2299 Hygin-

236 2304 307 2337 fab.
323 2309 375 2338 30.
392 2307 525 2337 uomina
539 2307 672 2338 illarum
687 2313 852 2339 recenset.
872 2308 928 2339 Vi-

240 2356 358 2387 deatur
373 2356 599 2387 Philostratus
611 2357 644 2387 iu
658 2356 790 2388 Achille
803 2366 835 2397 p.
852 2359 927 2388 705.

235 2405 464 2445 Apollodorus
476 2414 557 2446 11.p.
569 2408 622 2437 96.
637 2405 781 2437 Ovidius
795 2406 827 2437 in
839 2406 927 2438 Ibin.

235 2454 394 2485 Parrhas.
411 2454 503 2495 Sylv.
521 2463 570 2487 ιν.
587 2465 619 2495 ρ.
635 2457 709 2486 846.
737 2455 859 2495 Papin.
875 2465 924 2488 vr.

238 2503 459 2543 Palaephatus
476 2503 518 2533 de
532 2502 691 2534 fabulosis
708 2508 834 2534 narrat.
850 2513 876 2535 1.
891 2514 923 2545 p.

235 2555 310 2583 112.
329 2553 386 2594 qni
411 2552 599 2591 μυθολογίαν
617 2553 766 2589 adducit,
782 2554 924 2586 Diome·

234 2601 298 2631 den
316 2611 391 2633 suas
410 2612 492 2642 opes
510 2604 518 2619 ‘
536 2603 745 2642 praesepibus
761 2603 926 2639 donasse:

233 2656 270 2680 ut
286 2651 460 2682 Juvenalis
485 2652 544 2691 ait,
562 2652 840 2693 quemadmodum
859 2653 925 2684 Ac-

235 2702 321 2729 taeon
338 2699 489 2730 canibus.

275 2750 338 2777 417
356 2748 442 2783 Quin
457 2749 578 2779 Martia
593 2759 749 2788 magnum,
765 2751 835 2791 spa]
854 2750 926 2782 Διά-

235 2805 325 2833 χυσις
350 2796 503 2827 obscurat
530 2806 672 2837 sensum,
699 2799 755 2838 qui
784 2804 835 2830 est
849 2810 857 2830 z
889 2801 924 2831 Si

235 2845 334 2875 ardor
348 2846 449 2877 trahit
462 2846 622 2879 AEacideu
636 2849 670 2879 in
683 2853 849 2881 mortuum
862 2859 923 2881 sae-

234 2902 314 2924 vire.

1026 2162 1089 2191 426
1112 2159 1323 2200 Agnoscitque
1348 2158 1486 2200 manum]
1521 2159 1598 2191 Vim
1625 2170 1677 2192 ro-

982 2208 1114 2250 burque
1131 2218 1239 2239 suurn.
1282 2209 1338 2240 Sic
1349 2209 1499 2249 Tydeus,
1509 2209 1677 2250 Melanip-

983 2267 1026 2298 po
1043 2258 1169 2297 occiso,
1181 2257 1271 2298 apud
1283 2258 1404 2298 Papin.
1419 2257 1481 2290 lib.
1493 2266 1577 2290 vm.
1601 2261 1610 2277 ‘
1624 2268 1675 2290 se-

983 2316 1085 2348 seque
1102 2308 1241 2346 agnovit
1257 2308 1291 2337 in
1307 2306 1388 2338 illo.'

1024 2360 1087 2389 428
1111 2358 1270 2388 Illuudata
1283 2358 1374 2395 seros
1392 2357 1503 2398 differt
1516 2358 1678 2390 clementia

981 2406 1095 2447 motus]
1117 2406 1297 2438 Crudelem
1321 2406 1491 2438 Homerus
1506 2412 1543 2438 et
1558 2407 1676 2447 impla-

981 2456 1125 2487 cabilem
1150 2456 1250 2497 fingit
1275 2455 1456 2495 Achillem,
1481 2465 1588 2497 eoque
1616 2465 1674 2487 no-

979 2508 1067 2538 mine
1093 2507 1135 2539 ab
1164 2507 1323 2547 Apolline
1347 2507 1390 2538 11.
1415 2511 1453 2538 n.
1484 2510 1675 2543 accusatur,

980 2560 1098 2587 contra
1127 2565 1210 2588 vero
1239 2556 1364 2594 ἆγαθῶν
1389 2554 1538 2594 στρεπταὶ
1567 2555 1676 2595 φρένες

982 2605 1107 2645 ἄνδρων,
1122 2609 1160 2636 ut
1173 2605 1219 2636 ait
1231 2605 1399 2636 Homerus
1411 2615 1420 2636 z
1436 2605 1530 2643 item,
1544 2604 1675 2637 ἀκεσταί

981 2667 1030 2686 τοι
1044 2654 1153 2696 φρένες
1166 2656 1295 2686 ἐσθλῶν.
1331 2654 1385 2685 De
1398 2653 1602 2685 crudelitate
1612 2655 1675 2687 illi-

980 2715 1018 2736 us
1033 2706 1140 2736 multa
1155 2704 1315 2736 Libanius
1328 2704 1361 2734 in
1372 2703 1535 2744 Progym.
1546 2714 1581 2744 p.
1600 2708 1673 2738 101.

980 2754 1070 2785 unde
1086 2753 1298 2794 Phrynichus
1313 2751 1399 2792 apud
1417 2751 1592 2783 Pollucem
1605 2763 1671 2785 vn.

979 2806 1011 2834 9.
1024 2812 1058 2842 p.
1074 2805 1147 2834 372.
1161 2801 1200 2833 σὺ
1212 2799 1244 2833 δὲ
1255 2799 1448 2842 τιμόπτολις,
1459 2800 1498 2833 ὡς
1507 2800 1673 2841 Ἀχιλλεὺς

978 2850 1047 2883 οὐδὲ
1063 2849 1114 2883 εἶς.
