1889 3194
262 329 348 371 426

783 341 985 372 JOSEPHI
1023 339 1189 370 lSCANI

263 434 428 483 Aurea,
451 446 572 475 rarus
593 446 715 475 amor
733 448 900 476 morum
922 435 931 475 ἔ
964 435 1130 487 quippe
1153 433 1289 475 ardua
1305 433 1481 487 frangit,

262 501 401 542 Virus
423 501 564 552 dulce,
582 503 670 556 piae
690 503 852 555 Syrtes,
875 502 1063 542 amentia
1079 501 1289 554 supplex,

264 567 403 609 Molle
419 568 598 618 malum,
618 569 799 609 morbus
820 568 996 608 hilaris:
1028 568 1093 608 sic
1112 567 1308 608 vindicat
1326 568 1474 608 orbem

263 634 460 676 Exitium
479 635 635 676 venale
656 635 825 682 Venus,
850 635 914 675 sic
937 634 1028 674 exit
1048 634 1094 674 in
1110 646 1262 674 omnes

1620 635 1707 676 420

260 700 506 753 Teligerum
527 702 762 754 complexa
781 713 904 741 suum
928 713 938 741 :
964 700 1301 753 exemplumque
1322 700 1490 750 datura,

261 766 468 808 Vulcano
491 767 716 820 Martique
738 767 867 820 parit.
917 766 1220 808 Moderantior
1237 766 1340 807 olim

262 832 441 873 Mortali
461 837 662 874 contenta
674 833 798 887 jugo,
813 846 899 873 non
915 836 1033 874 astra
1054 831 1201 885 coegit

260 899 315 940 In
332 912 486 940 numen
505 900 799 952 laqueumque
823 912 974 940 suum:

260 964 478 1005 Fulminis
499 968 726 1006 auctorem
744 965 897 1018 fregit:
919 978 1005 1006 non
1025 965 1244 1018 Cynthius
1265 966 1391 1018 ignes
1620 966 1707 1007 425

1006 912 1093 940 non
1112 899 1293 940 fulmine
1314 900 1478 941 blando

261 1030 456 1084 Majores
472 1032 651 1072 miratus
670 1035 788 1072 erat:
819 1044 902 1072 non
923 1043 1030 1072 cura
1048 1031 1250 1072 tridentis

259 1096 312 1137 In
332 1097 488 1138 mediis
507 1097 703 1138 fervebat
719 1098 847 1151 aquis
865 1110 875 1138 :
907 1097 986 1138 sed
1008 1097 1181 1138 nomine
1203 1110 1308 1139 vero

259 1163 467 1204 Bacchus
487 1164 597 1204 liber
617 1168 722 1205 erat.

795 1163 956 1213 Pudet,
978 1164 1210 1216 AEgaeonis
1230 1164 1421 1214 alumna,

259 1229 368 1271 Sera
387 1230 520 1271 ultrix
533 1230 730 1284 Superos
752 1233 900 1279 vexat,
920 1230 1177 1283 coelumque
1195 1230 1393 1283 reposcit

259 1295 370 1337 Cum
390 1297 531 1351 patrio
554 1296 752 1350 projecta
771 1297 886 1350 gelu,
908 1310 1095 1351 cumque
1113 1298 1244 1338 exule
1265 1301 1437 1339 mentu:

857 1394 981 1406 ‘um

1621 1297 1706 1338 430

984 1393 1105 1406 mue

301 1459 364 1488 424
391 1457 564 1489 Numerum
576 1458 644 1490 Ms.
659 1468 768 1499 marg.
784 1463 820 1490 et
836 1459 889 1490 ed.
901 1459 1100 1491 Motu—430
1122 1460 1231 1491 Mente
1246 1459 1337 1491 Mor.
1351 1459 1395 1490 V.
1407 1461 1480 1490 not.
1494 1457 1556 1490 inf.

912 1534 1053 1566 NOTAE

299 1607 362 1637 418
382 1605 475 1636 Virus
490 1607 589 1646 dulce,
605 1606 850 1648 ᾅτ.]’οξύμωρα.
866 1607 954 1639 Vide

256 1663 308 1685 ιν.
325 1657 402 1685 221.

299 1706 363 1735 426
384 1704 456 1735 Non
470 1715 545 1736 cura
567 1706 729 1746 tridentis]
757 1707 953 1747 Neptunus,

255 1753 407 1793 quiSilio
418 1762 478 1785 xv.
493 1756 502 1771 ⁶
520 1754 784 1796 tridentipotens
802 1756 822 1787 ε’
837 1758 894 1788 ille
910 1766 953 1788 ex

256 1802 393 1833 Venere
432 1803 549 1842 Erycis
586 1809 686 1844 pater
715 1810 781 1844 est,
818 1811 857 1837 ut
894 1806 952 1837 Sol

257 1851 488 1891 Electryonis,
504 1862 578 1893 quae
595 1853 649 1884 hic
665 1855 794 1885 arrodit
809 1855 936 1888 Panas.

297 1903 361 1931 427
385 1900 447 1931 Sed
468 1902 588 1932 nomine
613 1912 684 1934 vero
711 1904 851 1935 Bacchus
874 1905 952 1936 liber

257 1950 342 1990 erat]
365 1950 469 1981 Libet·
482 1951 570 1981 enim
587 1951 713 1984 dictus.

296 2002 359 2030 428
383 2000 487 2031 Pudet
508 2001 670 2040 AEgoeonis
683 2002 820 2043 alumna]
837 2004 954 2036 Venus

256 2048 434 2089 ἆπόσπορός
454 2050 522 2080 ἐστι
548 2050 720 2091 θαλάσσης,
744 2057 781 2083 nt
804 2053 953 2084 Musaeus

255 2099 424 2139 loquitur:
449 2099 527 2130 hinc
554 2109 578 2131 1.
607 2101 737 2140 Nostri,
759 2101 953 2133 ‘Tritonis'

256 2149 403 2187 alumna,
428 2153 463 2180 et
491 2149 727 2189 ‘AEgaeonis2'
753 2151 848 2190 ponit
864 2152 952 2182 enim

254 2203 436 2240 utrumque
447 2207 568 2230 nomen
585 2209 646 2240 pro
661 2200 756 2241 mari,
770 2205 807 2230 ut
822 2206 952 2241 postea,

253 2248 263 2264 ‘
279 2248 362 2279 Cum
385 2249 484 2288 Jove,
510 2259 586 2280 cum
611 2250 748 2281 Tritone
773 2249 853 2290 fuit,
875 2261 952 2282 cum

253 2297 325 2329 dite
338 2298 476 2330 Dione.’
507 2299 564 2330 Sic
585 2300 594 2316 ‘
611 2299 750 2340 AEgaeon
764 2299 774 2315 '
791 2310 854 2340 pro
869 2302 953 2332 mari

254 2348 344 2387 apud
376 2349 653 2389 Lycophronem:
677 2348 845 2389 Αἶγαιῶνος
866 2349 953 2390 ἁγνί-

252 2409 311 2434 την
325 2396 440 2436 πάγον.
472 2398 599 2429 Ovidio
616 2403 670 2430 est
686 2399 780 2430 Deus
791 2400 953 2440 marinus,

253 2452 290 2478 ut
309 2452 344 2478 et
360 2447 484 2487 Papin.
509 2457 547 2479 v.
561 2447 672 2479 Theb.
703 2449 712 2465 ‘
727 2449 802 2479 Diis
827 2450 951 2490 pelagi,

253 2497 442 2537 ventisque,
457 2502 492 2527 et
517 2497 684 2537 Cycladas
700 2498 854 2537 AEgaeoni
870 2498 951 2530 Am-

253 2546 386 2586 plexoz‘
403 2547 458 2577 ille
476 2555 516 2577 11.
538 2548 682 2578 Metam.
705 2549 714 2565 ‘
726 2547 950 2580 balaenarum-

253 2605 319 2636 qne
336 2600 547 2635 prementem
565 2596 727 2637 AEgaeona
741 2598 811 2628 suis
833 2598 950 2629 imma·

252 2645 306 2675 nia
323 2650 418 2683 terga
430 2645 594 2676 lacertis.’
624 2645 764 2686 AEgaeon
781 2647 884 2677 etiam
897 2652 950 2679 est

251 2693 422 2723 Briareus.
448 2694 549 2725 Hom.
563 2694 604 2725 ΙΙ.
618 2698 655 2726 Α.
679 2693 715 2725 ὃν
733 2695 884 2736 Βριάρεων
895 2708 948 2728 κα-

253 2742 359 2773 λέουσι
374 2742 448 2782 θεοὶ,
463 2743 569 2783 ἄνδρες
578 2743 612 2775 δέ
624 2757 661 2775 τε
669 2744 783 2777 πάντες
794 2746 949 2785 Αἰγαίων’.

255 2793 312 2822 Ita
327 2791 581 2831 PapimAch'ul.
599 2803 623 2824 1.
640 2794 761 2825 ‘duros
773 2797 948 2827 laxantem

258 2841 419 2880 AEg'aeona
435 2840 561 2871 nodos.’
605 2843 660 2872 De
677 2842 734 2873 illo
752 2843 828 2873 vide
852 2845 949 2883 plura

257 2888 346 2930 apud
374 2889 524 2920 'rm-neb.
549 2888 694 2922 advers.
724 2901 800 2925 xix,
820 2895 850 2923 2.
897 2895 947 2924 De

1008 1609 1083 1646 hoc,
1101 1608 1260 1648 Apollod.
1275 1617 1301 1639 1.
1324 1607 1377 1638 De
1394 1612 1547 1648 tempore
1563 1607 1703 1647 syllabae

1008 1657 1204 1697 penultimae
1221 1657 1297 1688 vide
1316 1657 1530 1698 Hartungum
1549 1666 1589 1689 11.
1605 1658 1705 1689 Thes.

1008 1706 1093 1737 Crit.
1111 1716 1140 1737 c.
1157 1708 1189 1736 8.
1210 1716 1241 1746 p.
1259 1709 1335 1737 736.

1047 1757 1111 1785 430
1136 1755 1214 1785 Cum
1234 1756 1338 1795 patrio
1356 1755 1496 1795 projecta
1514 1757 1600 1796 gelu,
1621 1766 1706 1787 cum-

1006 1814 1064 1844 que
1077 1805 1166 1835 exule
1180 1805 1299 1846 mentu]
1322 1805 1379 1836 Ita
1400 1806 1433 1835 in
1457 1806 1611 1837 omnibus
1634 1807 1703 1837 edi-

1007 1855 1154 1885 tionibus
1168 1865 1175 1882 :
1190 1854 1368 1895 legendum
1379 1859 1490 1886 autem
1500 1855 1603 1886 verbo
1616 1865 1702 1896 nup-

1008 1909 1056 1939 to,
1079 1904 1234 1934 mentula.-
1258 1903 1347 1944 quod
1363 1904 1444 1934 satis
1460 1909 1607 1943 arguunt
1623 1905 1703 1935 illa:

1008 1954 1017 1970 ‘
1030 1952 1166 1983 Ernbeo
1182 1953 1344 1983 ulteriora
1359 1952 1449 1993 loqui
1463 1952 1483 1984 :’
1499 1953 1586 1984 unde
1602 1954 1705 1985 etiam

1010 2002 1140 2042 syllaba
1156 2002 1283 2033 coaluit
1300 2012 1374 2033 cum
1403 2004 1572 2044 sequenti.
1615 2005 1705 2035 Ean-

1009 2051 1086 2083 dem
1110 2061 1181 2082 rem
1203 2052 1295 2084 Juno
1319 2052 1435 2092 tetigit
1452 2062 1574 2092 supra:
1597 2053 1607 2070 ‘
1621 2063 1703 2094 qno-

1007 2101 1097 2132 niam
1123 2106 1217 2132 ortus
1240 2106 1342 2132 nacta
1367 2110 1502 2132 serenos
1518 2102 1704 2134 Concrevit

1007 2156 1188 2191 spumante
1218 2151 1302 2189 salo,
1331 2151 1497 2192 caesisqne
1524 2152 1701 2192 pudendis.

1005 2201 1074 2232 Sed
1091 2200 1213 2233 taceo!
1257 2201 1428 2232 Venerem
1444 2202 1527 2232 mari
1543 2211 1617 2234 esse
1638 2203 1703 2234 ori-

1007 2250 1145 2291 undam,
1161 2260 1236 2282 cum
1256 2249 1355 2281 αἰδοῖα
1370 2251 1456 2282 Coeli
1470 2252 1629 2283 Saturnia
1644 2253 1704 2285 de-

1006 2300 1114 2331 secuit
1126 2299 1208 2335 falx,
1221 2304 1260 2331 ut
1275 2299 1447 2332 Ausonius
1462 2302 1524 2342 ait,
1534 2302 1632 2334 nimis
1645 2312 1702 2334 no-

1007 2354 1077 2381 tum
1095 2359 1139 2380 ex
1162 2349 1307 2380 Hesiodi
1331 2350 1538 2391 Theogonis„
1560 2351 1702 2392 Apollo-

1005 2400 1087 2431 doro
1101 2408 1125 2431 1.
1140 2403 1172 2432 2.
1196 2399 1350 2431 Arnobio
1365 2409 1417 2432 ιν.
1440 2401 1620 2433 Macrobio
1640 2403 1702 2434 Sa-

1005 2450 1128 2480 turnal.
1141 2458 1167 2481 1.
1184 2452 1215 2480 8.
1233 2454 1269 2480 et
1284 2452 1334 2481 12.
1351 2454 1386 2480 et
1400 2450 1519 2481 Po'etis
1536 2451 1703 2483 omnibus.

1005 2498 1159 2529 Eandem
1185 2507 1204 2528 e
1233 2498 1319 2528 mari
1344 2503 1573 2539 emergentem
1596 2500 1701 2532 habes

1002 2549 1092 2589 apud
1130 2548 1346 2589 Pausaniam,
1384 2549 1417 2580 in
1461 2550 1701 2590 Corinthiacis,

1003 2598 1156 2630 Heliacis
1193 2598 1374 2638 prioribus,
1408 2601 1445 2628 et
1480 2598 1570 2638 apud
1609 2600 1697 2632 Plin.

1004 2656 1122 2678 xxxv.
1153 2649 1205 2677 10.
1251 2646 1388 2677 Anthol.
1420 2646 1574 2678 Graecor.
1617 2648 1700 2689 Epi-

1004 2700 1182 2736 grammat.
1207 2704 1258 2726 iv.
1273 2694 1489 2725 Involucrum
1504 2693 1629 2728 fabulae
1645 2703 1700 2730 est

1003 2745 1094 2784 apud
1106 2745 1250 2775 Varron.
1267 2752 1318 2774 ιν.
1334 2742 1377 2773 de
1394 2744 1503 2774 causis
1520 2744 1602 2784 ling.
1619 2747 1698 2779 Lat.

1005 2794 1222 2834 Fulgentium
1241 2801 1280 2824 ιι.
1299 2794 1372 2822 135.
1386 2792 1493 2823 clem.
1510 2793 1606 2825 Alex.
1622 2795 1700 2827 1>ae-

1003 2843 1080 2883 dag.
1105 2851 1131 2873 1.
1153 2845 1185 2873 6.
1213 2851 1255 2872 ex
1278 2841 1442 2880 Diogenis
1472 2841 1697 2882 Apolloniatae

1003 2891 1193 2923 sententia:
1218 2891 1300 2922 item
1324 2890 1413 2931 apud
1438 2890 1544 2923 Arist.
1569 2892 1612 2924 dc
1632 2893 1698 2929 Ge.
