1889 3194
580 316 642 346 DE
676 315 831 345 BELLO
864 314 1089 346 TROJANO
1122 315 1216 346 [ΑΒ.
1250 316 1303 346 11.

1575 306 1657 347 411

217 408 320 449 Non
342 407 542 461 Lapithae
565 409 771 450 domuere
790 408 958 450 virum:
990 408 1174 462 vigilata
1194 408 1375 449 draconi

215 474 355 516 Poma
376 475 498 516 tulit:
530 481 701 530 pestem
724 475 937 529 Libycam
956 475 1132 516 libravit
1152 475 1195 515 in
1219 487 1374 525 auras3

214 540 492 595 Edocuitque
512 543 678 584 hostem
698 543 907 583 nocituris
929 543 1096 583 artibus
1118 546 1251 591 astra,

1573 540 1657 581 125

214 607 307 657 Qui
328 609 544 662 quondam
565 612 780 660 geometer
799 613 917 659 erat3
948 606 1174 649 Achelous
1192 607 1237 647 in
1258 606 1406 656 armis,

212 674 388 716 Nessus
409 676 451 715 in
471 674 647 727 effugio,
667 674 795 715 nimis
816 673 1019 727 effugisse
1040 676 1298 727 queruntur.

212 739 428 794 Odrysios
447 742 658 782 mactavit
679 753 833 794 equOS,
855 741 1079 782 revocavit
1099 741 1153 780 ab
1176 741 1309 782 armis

212 806 510 860 Hippolyten,
530 807 783 861 domuitque
803 807 894 848 fero
916 806 1242 861 Stymphalidas
1263 820 1382 848 arcu.

211 873 308 914 Nec
330 874 473 914 solum
494 874 573 915 tibi
593 887 639 914 se
660 874 809 924 tellus,
830 874 906 914 sed
925 874 1068 915 sidera
1089 873 1252 914 debent
1270 887 1280 915 ε

1568 870 1652 911 130

209 939 374 982 Vector
396 954 507 990 eras,
528 945 570 982 et
590 945 743 981 vector
762 940 848 981 eris
865 953 875 981 ε
907 940 978 990 da,
999 940 1209 990 maxime,
1229 939 1337 980 felix

208 1006 489 1060 Auspicium,
510 1008 659 1049 laetum
680 1008 849 1048 tribuas
869 1008 1131 1048 nubentibus
1154 1020 1296 1056 omen,

207 1073 264 1114 Et
283 1075 423 1126 prosit
443 1075 655 1115 cecinisse
675 1075 767 1115 tibi.

826 1074 875 1115 Si
889 1074 1094 1127 jusseris,
1115 1074 1240 1115 ibunt

207 1138 410 1181 Monstra
430 1140 601 1194 procul,
623 1140 786 1182 ridebit
808 1140 1004 1195 Hymen,
1024 1141 1215 1195 vinoque
1231 1139 1420 1181 favebit:

860 1271 999 1304 NOTAE

251 1346 312 1376 124
328 1344 453 1375 Pestem
463 1344 625 1386 Libycam]
643 1344 812 1377 Antaenm.
831 1345 898 1376 Lu-

205 1403 307 1426 canus
335 1395 465 1434 prolixe
492 1404 543 1426 1v.
570 1400 578 1413 ⁴
595 1395 742 1426 Edocuit
767 1396 897 1426 hostem

203 1444 318 1484 astra,'
350 1445 438 1485 quod
470 1444 578 1484 addit,
606 1445 804 1476 concinnum
832 1450 898 1485 est,

204 1493 295 1533 qnia,
308 1498 344 1525 ut
356 1494 481 1524 Aratus
493 1500 611 1524 auctor
619 1498 683 1532 est,
694 1493 861 1524 Hercules
878 1503 897 1524 a

203 1542 348 1574 Chirone
364 1543 614 1574 Astronomiam
633 1543 812 1574 didicerat.
850 1542 896 1574 A·

201 1593 326 1634 pollod.
357 1602 399 1624 11.
433 1592 580 1633 ἀράμενος
610 1593 719 1632 ἔγκασι
747 1591 898 1634 μετέωρον

202 1642 314 1683 θλίψας
329 1642 497 1674 ἀπέκτεινε.
522 1644 736 1684 Mytliologia
748 1644 897 1684 eleganti

201 1698 353 1723 monstra
368 1694 426 1723 illa
442 1693 482 1723 ad
500 1691 639 1723 affectus
656 1693 809 1733 applicat
825 1692 896 1724 He-

201 1743 354 1781 raclitus,
371 1743 481 1783 Epist.
496 1745 526 1774 1.
542 1742 583 1773 ad
601 1742 862 1774 Hermodorum.

246 1795 308 1823 126
325 1793 388 1827 Qui
402 1793 553 1833 quondam
566 1792 729 1823 Geometer
744 1793 827 1833 erat]
845 1793 896 1823 Ex

201 1841 385 1873 Geometra
411 1841 521 1873 factus
548 1841 785 1883 Astronomus‚
815 1842 895 1873 dum

201 1897 343 1923 matrem
360 1893 477 1933 nequit
499 1896 671 1923 ‘extrema
697 1892 896 1932 contingere

202 1940 342 1980 planta‚'
375 1946 411 1972 ut
434 1941 482 1972 ait
512 1941 691 1982 Papinius.
748 1941 896 1982 Syllabae

201 1991 382 2031 quantitati
402 1990 544 2022 forsitan
562 2001 627 2022 non
645 1992 821 2022 consuluit.
845 1992 896 2023 Si-

200 2040 321 2071 donius
349 2046 474 2080 tamen,
498 2042 696 2073 ‘Tractator
711 2042 897 2073 Geometra.

201 2092 444 2132 Musicusqneff
487 2093 645 2125 Juvenal.
668 2094 896 2126 ‘Grammati-

201 2151 273 2180 cus,
286 2142 649 2183 Rhenes-,Geometres‚
664 2146 786 2185 pictor,
802 2144 896 2186 Alip-

200 2190 278 2222 tes.’
322 2192 484 2223 Excusari
507 2198 648 2233 possunt
663 2194 744 2225 talia
759 2195 811 2225 vel
827 2205 896 2225 ‹ruv-

201 2241 378 2280 εκφωνήσει,
410 2242 452 2273 de
479 2252 546 2283 qua
567 2248 668 2274 antea
688 2244 745 2275 lib.
773 2244 836 2276 hoc
864 2254 895 2276 v.

200 2294 254 2323 95.
271 2292 322 2322 vel
339 2291 366 2322 si
383 2290 531 2322 deducas
548 2302 567 2323 a
581 2294 652 2331 -γέα,
675 2303 739 2333 qua
762 2293 803 2323 de
829 2293 896 2324 Μί-

200 2341 703 2382 cyllus11.p.211.veldenique
719 2343 896 2383 exemplis,

199 2389 394 2430 ὄρείχαλκος,
409 2388 566 2431 πλειάδες,
585 2388 723 2429 εἶάρινος,
738 2396 896 2422 σολοικισ-

198 2440 266 2479 μὸς,
278 2439 430 2480 αἴλουρος,
442 2439 582 2479 Φαίακες,
595 2440 751 2480 Κιθαιρὼν,
766 2440 808 2471 de
822 2441 893 2481 qui-

199 2491 263 2522 bus
279 2489 356 2521 vide
371 2489 512 2530 Joseph.
530 2489 690 2529 Scaliger.
707 2489 748 2520 ad
765 2489 894 2521 Auson.

197 2549 221 2573 1.
238 2542 292 2571 22.
309 2544 345 2571 et
359 2542 411 2571 28.
427 2548 468 2570 11.
481 2541 534 2570 21.
549 2539 695 2571 Casaub.
708 2539 750 2570 ad
766 2538 893 2570 Athen.

200 2599 268 2622 vu.
288 2592 338 2621 13.
376 2590 550 2630 Frequens
577 2594 748 2629 praeterea
765 2590 893 2620 Latinis

197 2640 299 2671 aliter
314 2638 448 2670 nomina
464 2638 658 2678 terminare,
674 2638 762 2680 quod
779 2639 832 2669 vel
849 2648 892 2670 ex

197 2698 276 2728 uno,
298 2689 369 2719 sive
385 2689 412 2719 is
429 2688 531 2720 Corn.
548 2688 676 2729 Nepos,
697 2689 768 2719 sive
791 2689 893 2720 AEmi-

195 2739 260 2770 lius
277 2739 422 2779 Ρτοὼυε,
438 2744 582 2779 apparet
597 2749 604 2770 :
622 2740 678 2770 ille
694 2739 780 2770 enim
798 2739 893 2770 Peri-

195 2789 278 2829 clus,
288 2789 449 2824 Neoclus,
462 2789 616 2828 Proclus‚
626 2790 805 2827 Datamus,
815 2799 889 2830 quae

197 2838 328 2870 Graecis
361 2838 525 2879 Περικλῆς,
554 2839 706 2880 Νεοκλῆς,
736 2839 891 2879 Προκλῆς,

952 1344 1110 1382 Δατάμης.
1135 1345 1187 1376 De
1202 1344 1325 1376 Antaeo
1338 1348 1373 1375 et
1386 1343 1534 1375 Hercule
1552 1343 1649 1383 plura

952 1395 1042 1435 apud
1065 1395 1211 1425 Philost.
1239 1397 1272 1425 2.
1297 1392 1430 1425 εἰκόνων.
1454 1393 1558 1424 Diod.
1582 1393 1651 1425 Sic.

952 1453 1001 1477 lv.
1016 1444 1177 1476 Biblioth.
1195 1449 1230 1475 et
1246 1444 1342 1483 Fulg.
1359 1443 1504 1483 Mythol.
1521 1452 1576 1474 111.

996 1497 1055 1525 12⁷
1088 1493 1195 1524 Nimis
1223 1492 1372 1533 effugisse
1399 1492 1582 1533 queruntur]
1614 1492 1647 1523 A

952 1544 1037 1575 vivis
1063 1544 1104 1575 ad
1132 1549 1294 1582 mortuos,
1326 1552 1400 1583 quae
1428 1542 1572 1573 maxima
1594 1547 1648 1573 est

951 1594 1044 1634 fuga.
1072 1594 1160 1624 Vide
1177 1594 1243 1625 Ov.
1260 1601 1311 1624 lx.
1329 1594 1473 1624 Metam.
1486 1593 1541 1623 ubi
1559 1592 1648 1623 Her-

951 1645 1044 1675 cules
1061 1645 1243 1675 inclamans
1263 1643 1421 1680 Nessum,
1434 1642 1443 1659 ‘
1457 1647 1647 1673 nontamen

950 1693 1090 1735 effugies
1104 1693 1125 1731 3’
1144 1697 1179 1724 et
1195 1693 1333 1724 Cointns
1352 1701 1398 1723 vr.
1414 1692 1447 1722 in
1461 1691 1580 1723 eadem
1597 1701 1648 1728 re,

951 1743 1052 1782 κείνης
1061 1742 1296 1784 ἐκπροφυγόντα
1305 1741 1419 1782 μάχης.
1441 1742 1497 1773 Sic
1509 1742 1648 1774 Luct'et,

952 1803 986 1826 v.
1003 1795 1011 1810 ‘
1026 1794 1096 1824 vita
1111 1791 1275 1832 fugienti!

994 1845 1056 1874 130
1081 1843 1149 1874 Nec
1163 1844 1258 1873 solum
1285 1841 1344 1872 tibi
1365 1850 1397 1872 se
1423 1841 1522 1874 tellus,
1538 1841 1591 1871 sed
1604 1840 1647 1871 si·

949 1895 1024 1926 dera
1048 1894 1173 1935 debent]
1205 1893 1308 1925 ovid.
1331 1892 1441 1933 Epist.
1464 1892 1648 1930 Deianira»,

951 1944 961 1962 ‘
975 1954 1010 1976 se
1024 1945 1083 1976 tibi
1097 1954 1172 1985 pars
1185 1948 1286 1975 terrae
1299 1942 1401 1983 '(vel,
1417 1940 1500 1982 pax)
1515 1943 1523 1958 ‘
1535 1940 1596 1971 tibi
1608 1949 1645 1972 se

950 2000 1025 2026 tota
1040 2003 1177 2034 aequora
1193 1991 1345 2025 debent.'
1392 1990 1509 2021 Innuit
1531 1997 1644 2021 autem

950 2043 1110 2075 Herculis
1130 2043 1293 2080 laborem,
1309 2050 1385 2072 curn
1402 2039 1550 2071 Atlantis
1566 2049 1645 2079 sup-

949 2093 1121 2133 posititius
1144 2092 1196 2122 vel
1221 2091 1315 2132 optio
1341 2091 1374 2121 in
1400 2090 1486 2120 coelo
1511 2088 1577 2120 fuit
1595 2088 1645 2119 fe-

948 2143 1077 2181 rendo;
1093 2142 1135 2173 de
1149 2151 1214 2183 qua
1229 2141 1314 2171 rein
1331 2140 1396 2171 fine
1410 2149 1434 2171 1.
1446 2142 1519 2171 530.
1537 2140 1645 2170 Clem.

950 2191 1050 2224 Alex.
1066 2190 1226 2232 Ἡρόδοτος
1240 2189 1271 2220 δὲ
1285 2189 1342 2220 τὸν
1354 2188 1521 2230 Ἡρακλέα,
1535 2187 1647 2227 μάντιν

950 2240 1000 2271 καὶ
1014 2240 1145 2280 φυσικὸν
1156 2239 1326 2279 γινόμενον,
1341 2239 1460 2279 ἱστορεῖ
1472 2238 1555 2278 παρὰ
1569 2238 1645 2269 Ἀτ-

949 2295 1064 2321 λαντος
1088 2290 1144 2320 τοῦ
1166 2287 1325 2329 βαρβάρου
1337 2289 1394 2319 τοῦ
1407 2287 1523 2327 Φρυγὸς
1546 2286 1643 2318 διαδέ·

949 2343 1062 2380 χεσθαι
1076 2338 1149 2371 τοὺς
1161 2339 1219 2370 τοῦ
1238 2338 1356 2377 κόσμου
1375 2336 1489 2368 κίονας.
1512 2336 1643 2368 αἰνιττο-

947 2390 1041 2428 μένου
1054 2390 1110 2420 τοῦ
1130 2388 1227 2427 μύθου
1250 2388 1308 2425 τὴν
1331 2389 1393 2418 τῶν
1414 2386 1556 2427 οὐρανίων
1579 2386 1643 2418 ἐπι-

949 2439 1070 2478 στήμην
1082 2437 1212 2477 μαθήσει
1226 2435 1433 2476 διαδέχεσθαι.

990 2492 1050 2520 131
1079 2489 1191 2520 Vector
1205 2497 1283 2522 eras,
1301 2490 1330 2518 et
1347 2490 1449 2518 vector
1463 2484 1541 2525 eris]
1575 2486 1641 2517 Re·

946 2542 1068 2579 spectu
1084 2537 1173 2573 coeli,
1196 2537 1293 2577 cujus
1314 2536 1441 2567 tibicen
1459 2540 1494 2566 et
1509 2535 1643 2567 destina

945 2589 1020 2630 πρὸς
1034 2587 1138 2630 καιρὸν
1152 2588 1228 2628 fuit,
1246 2587 1389 2619 fortasse
1406 2586 1615 2618 tolerandum
1631 2597 1640 2617 :

947 2644 1096 2670 monstra
1119 2642 1233 2669 tamen
1257 2637 1367 2668 omnia
1388 2646 1461 2677 quae
1478 2634 1642 2675 confecit,

951 2688 1060 2720 Victor
1080 2687 1273 2728 legendum,
1302 2687 1460 2717 clamant.
1517 2685 1640 2717 Plures

947 2737 1106 2770 Herculis
1143 2736 1274 2767 labores
1311 2738 1488 2767 enumerat
1522 2734 1639 2766 Sidon.

947 2787 1098 2829 Apollin.
1114 2794 1181 2818 car.
1198 2787 1229 2817 9.
