1889 3194
432 299 605 330 ULRICI
639 299 886 329 OBRECH'I'I
920 298 1062 329 No'rAE

166 392 321 428 Ili,hunc
335 393 473 433 Pelopis
496 398 638 433 patrem,
661 392 703 423 ob
725 396 859 432 raptum

165 445 397 485 Ganymedis3
423 453 521 484 quem
539 443 624 474 Tros
639 443 738 473 armis
755 443 861 473 vindi-

164 503 244 524 care
262 503 456 534 aggressus,
473 503 547 524 cum
565 493 764 529 decederet,
790 492 861 522 bel-

163 543 232 572 lum
250 543 302 573 Ilo
326 541 554 582 peragendum
579 542 735 581 reliquit:
760 551 777 571 a
795 550 861 581 quo

164 592 328 622 Tantalus
347 591 578 631 Paphlagonia
597 591 740 631 ejectus.
793 591 861 621 Sed

165 641 373 672 detrimenta
390 641 478 680 patri
500 640 607 678 illata,
624 641 754 679 magnis
781 640 863 670 invi-

163 700 237 721 cem
255 691 382 721 ‹lamnis
399 691 523 730 Pelops
545 691 636 721 ultus
660 695 724 721 est.
769 690 863 720 Pra’-

163 746 218 772 ter
237 740 428 770 Diodorum
444 740 594 771 Siculum
612 745 647 771 et
670 741 863 780 Lycophro-

162 790 214 820 nis
240 790 477 829 Sclioliastem,
503 790 659 821 videatur
679 790 819 821 Orosius
838 799 862 821 1.

163 842 216 871 12.

206 890 224 929 §
247 891 266 920 7
300 888 396 927 Cujus
417 890 549 920 adventu
573 890 604 919 in
627 892 692 919 tota
715 889 860 929 civitate]

163 937 252 969 Haec
265 943 317 969 est
332 938 413 979 Arg.
429 938 512 969 Cod.
530 939 650 970 lectio:
675 941 684 956 ‘
697 939 789 979 cujus
804 939 861 969 ad—

162 992 300 1018 ventum
319 993 388 1018 tota
410 988 530 1018 civitas
551 997 626 1018 cuin
653 989 778 1028 partim
803 997 861 1018 ex-

162 1037 276 1076 emplo
291 1036 451 1068 facinoris
468 1037 713 1068 execraretur.’

215 1087 308 1117 Nihil
334 1087 421 1127 pensi
450 1090 505 1117 aut
534 1087 666 1117 consulti
691 1085 862 1126 patientes]

161 1136 257 1167 Med.
274 1135 488 1172 ‘facientes,'
514 1136 693 1167 Sallustius
720 1136 862 1166 subinde

162 1186 172 1202 ‘
182 1185 370 1217 habentes.’
387 1185 446 1216 sed
456 1185 538 1226 Arg.
552 1186 635 1217 Cod.
647 1186 747 1217 lectio
761 1195 860 1226 quain

162 1235 497 1275 repraesentavimus,
510 1244 590 1265 vera
603 1240 666 1266 est.
691 1235 756 1265 Hic
773 1235 860 1264 enim

161 1283 350 1324 παρῳδιάζει,
382 1294 447 1314 non
471 1284 637 1315 exscribit
664 1284 861 1315 Sallustium

161 1334 359 1374 Septimius,
378 1334 426 1364 ita
442 1338 479 1365 nt
503 1334 567 1364 vim
587 1333 748 1374 phraseos
770 1333 860 1364 haud

163 1394 280 1423 parum
294 1383 462 1415 intendat.
486 1384 572 1414 Nam
587 1385 614 1414 si
632 1383 789 1421 Barbari,
805 1384 862 1424 qui

157 1434 256 1465 ‘nihil
269 1434 362 1474 pensi
373 1438 432 1464 aut
449 1432 861 1474 consultiliabent,'quan-

163 1490 198 1514 to
223 1486 328 1524 magis
355 1484 413 1524 qui
441 1493 503 1514 nec
528 1483 749 1523 ‘patiuntnrss
786 1484 860 1514 Liv.

163 1541 257 1564 xxn.
271 1536 321 1564 29.
338 1534 347 1550 ⁴
363 1542 437 1563 eum
450 1531 458 1544 '
474 1533 596 1573 inquit,
612 1534 621 1549 ‘
632 1532 773 1573 primum
788 1542 859 1563 esse

163 1584 283 1619 virum,
299 1583 355 1624 qui
373 1583 446 1623 ipse
463 1582 616 1613 consulat
633 1582 720 1623 quod
738 1583 772 1613 in
789 1591 859 1612 reni

162 1634 225 1666 sit:
239 1633 423 1665 secundum
434 1642 522 1671 eum,
535 1632 592 1673 qui
607 1632 692 1662 bene
708 1632 859 1663 mouenti

163 1683 322 1714 obediat:
349 1683 405 1723 qui
422 1691 484 1713 nec
501 1682 573 1722 ipse
590 1682 780 1721 consulere,
795 1691 859 1712 nec

162 1734 262 1765 alteri
280 1742 399 1774 parere
416 1732 494 1772 scit,
512 1741 588 1763 eum
613 1732 759 1763 extremi
784 1740 858 1762 esse

162 1783 312 1824 ingenii-⁹

207 1835 253 1875 §8
273 1835 323 1865 Ila
337 1832 463 1872 infectis
477 1831 579 1870 rebus,
590 1831 715 1871 populus
727 1835 858 1862 contem-

163 1884 212 1914 tui
232 1883 368 1923 habitus]
399 1883 538 1914 Sallust.
554 1882 634 1921 Jug.
662 1883 714 1912 34.
739 1882 748 1899 ‘
762 1882 859 1912 Tam-

164 1934 229 1964 etsi
263 1933 444 1964 multitudo
476 1931 630 1964 terrebat
656 1940 746 1970 eum,
775 1931 859 1962 vicit

163 1988 279 2014 tamen
326 1981 550 2022 impudentia.
610 1980 666 2010 Ita
714 1981 859 2021 populus

164 2032 310 2063 ludibrio
347 2032 483 2062 habitus
516 2041 557 2062 ex
587 2029 750 2062 concione
792 2030 857 2061 dis-

167 2082 284 2114 cedit.’

208 2133 225 2173 §
243 2135 263 2162 9
291 2132 433 2171 Namque
457 2141 497 2161 ex
513 2131 654 2162 Hesiona
676 2130 860 2171 Danaifilia

165 2187 196 2213 et
209 2183 338 2214 Atlante
355 2183 510 2212 Electram
526 2181 646 2221 natam]
670 2182 701 2211 V
703 2181 770 2221 ulg.
797 2182 859 2212 ‘ex

165 2231 344 2273 Plejona?
369 2233 515 2262 Mereer.
538 2231 647 2263 Codd.
674 2231 797 2262 ‘Jona.
824 2236 860 2261 et

166 2281 268 2313 Ona!
287 2282 369 2321 Arg.
383 2283 392 2298 ‘
405 2280 517 2313 Sona!
539 2280 635 2311 Med.
656 2280 666 2297 ⁴
680 2279 861 2311 Plesione.y

164 2331 252 2362 infra
277 2341 324 2362 iv.
340 2334 393 2362 22.
418 2333 426 2348 ‘
440 2330 625 2361 Hesionam
649 2330 775 2370 quippe
792 2330 860 2360 Da-

164 2381 219 2412 nai
236 2381 337 2412 filiani
352 2381 522 2411 Electram
536 2378 714 2420 genuisse!
757 2379 860 2409 Scho-

164 2433 278 2463 liastes
296 2431 467 2471 Apollonii
494 2431 516 2461 l.
541 2439 563 2461 1.
587 2429 731 2467 Ἥσιόνης
753 2428 785 2460 δὲ
805 2431 862 2467 τῆς

168 2482 291 2513 Δαναοῦ
306 2481 356 2512 καὶ
370 2480 440 2512 Διὸς
456 2479 576 2519 ’γίνεται
588 2478 791 2518 Ὀρχομενός.

209 2532 364 2570 Argalum
383 2533 503 2570 patrem
529 2529 647 2568 OElmli,
668 2539 755 2568 quem
780 2528 862 2569 Tyn-

164 2581 235 2612 dari
268 2585 390 2621 patrem
430 2578 600 2618 constaret]
633 2578 862 2618 Apollodorus

164 2631 330 2662 Bibliotli.
355 2630 413 2662 lib.
445 2639 503 2660 ΙΙΙ.
534 2628 593 2660 εἶσὶ
615 2628 647 2659 δὲ
663 2628 692 2659 οἱ
712 2628 863 2667 λέγοντες

168 2680 308 2716 Οἰβάλου
343 2680 393 2711 καὶ
432 2679 546 2717 Νηΐδος
582 2678 702 2719 νύμφης
734 2677 863 2710 Βατείας

167 2729 310 2769 ’γενέσθαι
332 2731 427 2761 παῖδα
446 2728 632 2770 Τυνδάρεων.
677 2729 862 2759 Pausanias

168 2782 203 2812 in
222 2781 421 2813 Laconicis:
456 2778 663 2811 ἀποθανόντος
679 2778 713 2810 δὲ
725 2777 864 2817 Ἀμύκλα

169 2830 199 2861 ἐς
221 2829 392 2872 “Ἀρ’γαλον,
416 2829 467 2861 καὶ
496 2829 627 2871 ὕστερον
649 2830 680 2862 ἐς
695 2828 862 2868 Κυνόρταν,

1096 298 1145 328 ln
1183 299 1278 329 Lis.
1311 299 1342 328 1.
1523 291 1607 330 605

910 390 1039 430 ἀφίκετο
1067 390 1088 428 ἦ
1117 391 1213 431 ἀρχὴ,
1246 390 1387 431 Κυνόρτα
1416 390 1450 422 δὲ
1480 391 1605 430 ἐγένετο

909 441 1060 477 Οἴβαλος.
1083 438 1171 472 οὗτος
1181 442 1274 471 παῖδα
1291 440 1369 480 ἔσχε
1382 440 1564 481 Τυνδάρεων.

959 490 1114 528 Agenoris
1140 491 1252 530 quippe
1293 491 1464 531 Phineum]
1506 492 1607 531 Vulg.

910 543 919 557 ‘
933 538 1101 579 Agenoris
1123 541 1249 580 quippe
1265 540 1369 571 filium
1386 541 1606 572 Phoenicem?

909 589 976 619 Sed
1006 589 1048 620 de
1080 590 1210 621 Phineo
1239 591 1414 621 Mercerus
1441 591 1511 630 jam
1548 591 1606 621 ad-

911 639 1050 669 monuit.
1075 639 1257 679 Septimius
1276 639 1360 670 infra
1377 649 1432 672 111.
1448 644 1478 671 5.
1501 641 1510 657 ‘
1523 640 1608 670 Per-

911 688 1091 719 liibebatur
1107 689 1232 729 quippe
1248 690 1302 720 liic
1319 690 1422 720 etiam
1436 700 1477 721 ex
1495 690 1533 720 iis
1550 690 1606 730 qui

912 747 930 767 a
943 738 1069 768 Phineo
1084 738 1250 777 Agenoris
1263 739 1422 779 originem
1434 739 1605 781 proprIam

911 787 1140 827 repetebant-³

958 837 999 867 Et
1016 837 1240 877 Dymaepatrz's
1251 837 1404 878 Hecuboe]
1432 836 1486 868 Ita
1510 836 1606 869 Med.

911 890 946 916 et
978 895 1020 916 ex
1058 887 1283 917 Mercerianis
1315 886 1423 917 Codd.
1456 887 1605 926 quidam.

913 935 994 974 Arg.
1010 935 1019 952 ‘
1034 934 1156 966 deiude
1179 937 1285 975 patris
1312 935 1486 967 Hecnbae.’
1525 936 1606 967 Phi-

911 995 992 1016 neus
1023 987 1139 1026 itaque
1170 985 1333 1025 Agenoris
1376 985 1476 1025 filius,
1503 986 1606 1026 juxta

910 1035 1123 1075 Septimium,
1162 1035 1315 1066 Olizonae
1347 1041 1455 1075 pater.
1488 1044 1544 1066 ιιι.
1574 1040 1606 1066 5.

912 1084 1053 1115 Olizona
1067 1094 1150 1115 uxor
1162 1085 1325 1116 Dardani.
1341 1085 1422 1116 ibid.
1437 1091 1472 1116 et
1488 1095 1537 1116 tv.
1553 1088 1606 1117 22.

912 1136 1096 1166 Dardanus
1129 1142 1240 1168 autem
1272 1147 1289 1167 e
1320 1138 1472 1178 Dionysii
1512 1138 1607 1168 Hali-

912 1196 1057 1218 carnass.
1085 1188 1283 1218 recensione
1314 1187 1433 1228 Antiq.
1461 1197 1484 1219 1.
1508 1193 1606 1228 pater

910 1237 1046 1276 Dymae.
1087 1237 1196 1268 Porro
1222 1237 1314 1268 Leda
1329 1238 1465 1268 Thestio
1492 1238 1606 1269 AEtolo

913 1292 992 1316 nata
1027 1286 1130 1326 juxta
1164 1288 1380 1325 Strabonem,
1422 1287 1607 1328 Apollodo-

912 1346 997 1372 rum,
1016 1337 1121 1368 alios:
1145 1338 1306 1369 Thestius
1330 1338 1499 1379 Agenore,
1515 1339 1606 1370 Pau·

912 1387 1012 1416 saniae
1032 1387 1139 1417 relatu
1158 1387 1190 1418 in
1208 1388 1398 1419 Laconicis.
1430 1388 1497 1419 Sed
1517 1387 1606 1428 Age-

911 1445 972 1466 nor
987 1436 1051 1466 iste
1068 1437 1259 1476 Pleuronis,
1276 1438 1318 1468 ab
1335 1438 1492 1478 Agenore
1512 1438 1606 1478 Nep-

912 1485 998 1525 tuni,
1021 1496 1119 1526 quem
1142 1487 1329 1526 Septimius
1347 1487 1468 1525 innuit,
1494 1487 1606 1526 patria

911 1539 946 1564 et
962 1540 1064 1565 aetate
1092 1535 1192 1574 longe
1208 1535 1371 1571 diversus,
1388 1536 1457 1566 solo
1476 1537 1606 1567 nomine

911 1584 1097 1624 scriptores
1121 1584 1267 1620 induxit,
1293 1589 1329 1616 ut
1356 1586 1497 1616 alterum
1529 1595 1605 1616 cuin

910 1634 1016 1665 altero
1033 1634 1174 1665 subinde
1191 1640 1436 1675 permutarent.

952 1684 1004 1714 An
1018 1694 1176 1724 poenurum
1189 1694 1264 1723 quas
1274 1684 1310 1714 ob
1321 1685 1472 1715 desertam
1486 1686 1606 1716 domum

910 1743 930 1764 a
954 1733 1082 1771 conjuge
1105 1733 1269 1774 metuebat,
1299 1734 1346 1765 ita
1368 1734 1428 1765 sibi
1453 1735 1608 1766 consulere

908 1784 1067 1825 maluerit]
1080 1784 1285 1816 Sallustiana
1299 1785 1445 1825 Ellipsis.
1460 1790 1469 1804 ‘
1484 1786 1607 1816 Poena-

911 1835 1005 1874 rum,'
1023 1835 1150 1865 subint.
1173 1835 1183 1851 ‘
1199 1834 1322 1866 causa!
1339 1835 1440 1866 Catil.
1461 1837 1491 1865 6.
1514 1837 1523 1852 ‘
1539 1836 1608 1866 Re-

910 1886 1000 1925 gium
1031 1886 1205 1925 imperium
1237 1885 1334 1916 initio
1365 1885 1605 1916 conservandae

908 1935 1078 1966 libertatis
1104 1940 1205 1976 atque
1231 1934 1394 1973 augendae
1416 1935 1516 1974 Reip.
1533 1934 1606 1965 fue-

910 1983 988 2015 rat.'
1011 1986 1065 2015 51.
1087 1985 1096 2001 ‘
1112 1993 1153 2014 ne
1177 1984 1250 2024 quis
1274 1983 1467 2014 divitiarum
1493 1985 1608 2024 magis,

909 2044 1007 2075 quam
1025 2034 1153 2075 injuriae
1171 2034 1295 2065 bellum
1313 2035 1496 2076 incoeptum
1513 2035 1606 2066 dice-

909 2084 985 2117 ret.’
1006 2085 1099 2116 Hist.
1112 2085 1154 2115 i.‘
1168 2085 1294 2116 Omnia
1303 2084 1488 2116 retinendae
1502 2085 1607 2115 domi-

909 2134 1056 2165 nationis
1069 2134 1211 2164 honesta
1228 2134 1424 2165 existimat?
1450 2135 1490 2164 Et
1508 2135 1606 2175 paulo

910 2188 1009 2224 post:
1050 2183 1269 2214 ‘Exercitum
1295 2183 1530 2224 opprimundae
1568 2184 1607 2214 li-

909 2233 1051 2264 bertatis
1069 2232 1197 2263 liabet.'
1242 2233 1294 2263 De
1310 2233 1427 2264 eadem
1444 2234 1607 2273 Virgilius

910 2291 950 2314 ιι.
969 2283 1040 2313 AEn.
1059 2285 1134 2314 571.
1157 2286 1165 2299 ⁴
1178 2281 1242 2312 Illa
1258 2282 1320 2313 sibi
1333 2281 1471 2313 infestos
1487 2292 1608 2314 eversa

910 2331 953 2362 ob
970 2331 1135 2370 Pergama
1147 2332 1307 2370 Teucros,
1334 2332 1377 2362 Et
1396 2341 1510 2372 poenas
1535 2333 1607 2363 Da-

910 2390 1022 2416 naum,
1041 2385 1075 2411 et
1099 2381 1227 2411 deserti
1250 2381 1402 2421 conjugis
1426 2381 1491 2411 iras
1522 2381 1607 2412 Per-

910 2430 1082 2461 metuens.'
1108 2431 1247 2468 Noster,
1264 2439 1296 2461 v.
1312 2430 1418 2461 ‘iram
1432 2429 1606 2462 ‹teretictae

910 2481 1027 2512 domus
1044 2479 1224 2511 metuens!

954 2532 971 2571 ξ
990 2533 1028 2561 10
1053 2530 1133 2565 Quoe
1148 2529 1185 2560 ob
1200 2530 1233 2560 id
1247 2530 1281 2560 in
1306 2532 1466 2570 conspectu
1481 2529 1609 2569 popula-

910 2580 992 2610 rium
1006 2578 1148 2619 venerat]
1165 2579 1221 2610 Sic
1239 2578 1324 2619 Arg.
1338 2587 1398 2618 pro
1413 2587 1479 2619 quo
1496 2578 1606 2618 vulga-

911 2636 956 2662 tae
974 2630 1153 2670 editiones,
1178 2635 1187 2649 ‘
1201 2630 1232 2661 iu
1248 2629 1495 2669 conspectum!
1519 2630 1607 2662 Caes.

912 2681 953 2711 de
981 2680 1069 2711 Bell.
1087 2680 1160 2710 Civ.
1178 2689 1219 2711 ιι.
1237 2682 1290 2710 32.
1313 2681 1322 2697 ‘
1339 2679 1424 2710 Haec
1441 2685 1518 2710 acta
1535 2680 1606 2711 die-

912 2729 974 2761 bus
990 2729 1229 2770 quadraginta,
1246 2728 1366 2769 quibus
1389 2729 1422 2759 in
1446 2739 1607 2770 conspee-

911 2783 949 2811 tu
964 2779 1230 2811 adversariorum
1243 2779 1394 2809 venerit.’

955 2831 973 2871 ξ
994 2831 1033 2861 13
1050 2830 1113 2861 Eos
1128 2829 1277 2861 Peneleus
1291 2829 1443 2860 insecutus
1457 2838 1524 2860 cum
1537 2828 1609 2859 Clo-
