1889 3194
309 319 394 360 602
484 329 624 360 NorAE
658 329 920 360 vARtoRUM
957 328 1008 359 IN

354 420 397 452 ΙΝ
414 420 452 452 L.
467 421 637 452 snm-mu
650 422 769 453 EP1ST.
793 420 1006 461 L.Septimius

313 471 354 507 Q.
377 470 510 511 Aradio]
534 471 651 502 Prima
674 471 779 501 editio
803 480 876 511 quae
902 469 941 501 A.
965 471 1004 501 C.

312 523 405 552 1477.
428 520 612 551 Mediolani
629 520 767 560 prodiit,
781 525 816 551 et
832 519 885 551 cui
902 519 1004 549 debe-

310 576 366 602 tur
382 572 455 602 liaec
477 571 632 611 epistola,
650 570 710 600 sub
734 570 842 600 isthac
866 569 1005 608 iuscrip-

311 621 403 651 tione
427 620 516 650 illam
544 620 700 650 exhibet:
726 623 734 637 ‘
750 619 934 660 Septimius
961 619 1005 651 Q.

310 671 438 702 Aradio
461 672 494 702 S.
512 671 564 701 D:
579 680 617 701 ea
634 680 714 701 vcro
739 679 837 710 quam
853 672 906 700 22.
927 675 1006 709 post

311 721 404 751 anuis
419 720 618 751 Franciscns
634 719 836 758 Faragonins
849 718 1005 749 Venetiis

310 770 528 810 procuravit:
566 770 575 787 ⁴
595 770 776 808 Septimius
807 769 850 800 Q.
877 767 1006 800 Aradio

310 819 346 850 S.
373 819 431 850 D.’
454 820 527 859 ipse
557 828 636 849 vero
667 818 875 857 Faragonius
906 818 939 848 in
966 818 1004 849 iis

310 877 386 908 qnae
412 868 454 898 de
480 878 539 899 suo
562 867 701 908 adjecit,
728 869 856 898 ‘virum
881 867 1006 899 Roma-

309 927 388 948 num
415 916 743 957 eloquentissimum'
769 923 891 948 vocat:
916 918 1006 950 unde

308 966 341 996 in
366 972 498 996 ceteras
523 966 689 997 editiones
714 966 807 997 labes
831 966 942 1006 fluxit,
967 973 1006 998 ut

306 1016 315 1031 ‘
327 1015 510 1055 Septimius
520 1015 899 1047 Romauus’diceretur.
918 1016 929 1033 ‘
940 1018 1005 1048 Lu-

308 1064 372 1096 cii’
395 1074 588 1105 praenomen
614 1076 656 1096 ex
684 1066 768 1106 Arg.
796 1066 881 1098 Cod.
907 1067 1003 1099 resti-

308 1113 446 1153 tuimus,
471 1114 503 1145 in
535 1124 601 1155 quo
630 1115 640 1132 ‘
658 1115 836 1155 Epistola'
867 1117 1004 1158 quidem

307 1163 419 1204 deest,
445 1164 504 1195 sed
527 1167 537 1181 ⁸
556 1165 643 1195 libro
670 1165 808 1206 quinto’
825 1168 1005 1207 praescrip·

307 1220 378 1245 tum
403 1215 548 1253 legitur:
573 1216 583 1232 ‘
599 1217 637 1247 L.
660 1217 815 1257 Septimii
839 1218 1005 1258 Eplieme-

306 1264 398 1295 ridos
420 1265 506 1296 liber
531 1272 672 1307 quartus
699 1267 859 1307 explicit:
885 1268 1006 1309 incipit

306 1315 393 1346 liber
408 1316 568 1356 quintus)
597 1317 754 1357 itemque
767 1327 819 1349 νι.
842 1318 852 1334 ⁴
869 1318 1004 1359 L.Sep-

305 1364 392 1395 timii
409 1365 654 1404 Ephemeridos
673 1366 794 1406 Dictys
811 1366 898 1397 liber
911 1367 1005 1407 quin-

306 1418 359 1444 tus
377 1415 536 1454 explicit:
562 1415 680 1456 incipit
695 1415 839 1447 sextus!
864 1415 1004 1448 Q.Ara-

305 1463 363 1494 dio
381 1463 503 1495 Rufino
519 1474 669 1496 coaevum
694 1466 846 1506 Epistola
861 1466 1003 1506 indicat,

304 1523 404 1553 quam
433 1515 642 1546 adolescenti
675 1521 710 1547 et
740 1515 774 1546 in
810 1516 1004 1548 liberalibus

304 1563 423 1594 studiis
441 1563 550 1595 adhuc
567 1565 715 1596 versanti
742 1566 901 1605 scriptam
925 1575 1003 1597 con-

297 1612 394 1652 jicio.
438 1613 506 1644 Sed
524 1614 550 1644 is
574 1614 709 1654 quidem
734 1614 811 1645 iude
829 1625 846 1645 a
867 1615 1003 1646 Diocle-

306 1663 399 1692 tiano
416 1672 520 1704 usque
544 1663 585 1693 ad
602 1663 774 1695 Julianum
799 1674 859 1704 per
875 1665 1002 1705 aliquot

306 1711 556 1751 Imperatorum
573 1718 724 1752 tempora
739 1713 841 1744 vitam
854 1715 1000 1754 produx-

304 1760 343 1795 it,
374 1760 462 1790 sicut
489 1762 542 1792 vel
563 1771 606 1792 ex
633 1763 883 1803 Epigrammate
906 1763 1000 1804 Sym-

305 1810 413 1840 machi
441 1816 597 1842 constat:
637 1815 645 1829 ¹
664 1812 829 1852 Princeps
856 1813 1002 1853 ingenio,

303 1859 450 1891 fortunae
465 1871 600 1892 munere
614 1861 774 1902 princeps
788 1862 923 1901 AEtatis,
934 1863 1000 1893 Ru-

303 1909 383 1949 fine,
396 1915 475 1949 tnae,
488 1911 542 1941 cui
559 1920 734 1950 prospera,
745 1911 866 1951 cuique
878 1912 1003 1943 Tristia

302 1960 463 1990 mirandis
481 1961 627 2001 aequavit
643 1961 748 2000 gloria
763 1961 886 1991 rebus:
905 1961 1001 1993 Unus

305 2020 399 2041 amor
414 2011 555 2050 cunctis,
573 2015 608 2041 et
633 2010 824 2050 praesidium
850 2011 1001 2051 trepido-

306 2068 403 2090 rum:
434 2059 668 2099 Principibus,
695 2069 834 2100 quorum
863 2060 1000 2100 viguisti

304 2114 470 2149 tempore,
498 2109 618 2140 doctus
639 2109 710 2140 Aut
738 2110 887 2140 calcaria
909 2109 998 2142 ferre

301 2158 409 2196 bonis,
431 2164 488 2188 aut
516 2158 623 2189 fraena
644 2159 817 2200 tyrannis.'
864 2161 917 2191 De
945 2170 999 2192 eo-

303 2206 379 2238 dem
408 2208 555 2239 Libellus
585 2208 626 2239 de
655 2208 827 2248 praefectis
857 2211 949 2241 urbis
980 2221 998 2242 a

300 2255 466 2288 Panvinio
479 2257 613 2288 editus:
637 2259 647 2276 ‘
661 2258 880 2290 Diocletiano
897 2268 947 2291 tx.
964 2265 999 2291 et

303 2306 510 2337 Maximiano
529 2316 608 2338 vm.
622 2308 716 2339 Coss.
730 2309 820 2348 prid.
832 2319 908 2341 non.
920 2311 996 2343 Jan.

299 2355 447 2387 Aradius
461 2356 599 2387 Rufinus
615 2357 675 2388 Pr.
688 2358 771 2390 Urb.
786 2358 873 2391 fuit.’
895 2359 997 2391 Item-

298 2416 362 2447 que
388 2417 474 2438 anno
499 2413 574 2448 post
601 2408 820 2440 Consulatum
837 2419 888 2442 ιν.
910 2412 996 2443 Con-

296 2456 436 2487 stamini
466 2457 515 2489 M.
538 2457 687 2489 ‘Sabino
709 2463 744 2489 et
762 2458 887 2491 Rufino
902 2461 994 2494 Coss.

299 2505 385 2544 prid.
413 2515 491 2537 non.
520 2506 605 2546 Aug.
631 2508 773 2539 Ovinius
798 2509 995 2542 Gallicanus

300 2555 357 2586 Pr.
376 2555 462 2587 Urb.
485 2554 572 2587 fuit.’
618 2557 726 2598 quue
753 2560 992 2591 consentienti-

297 2603 359 2635 bus
387 2605 508 2638 Fastis.
553 2605 722 2648 Inscripto
751 2610 841 2650 apud
869 2610 992 2642 Grute-

298 2663 384 2685 rum.

340 2712 376 2734 ι).
414 2712 451 2736 D.
477 2713 617 2736 cntspo.
647 2714 701 2737 ΕΤ.
731 2716 993 2742 ςοΝετΑΝΤιΝο.

380 2762 536 2786 symone

339 2810 595 2839 Nosslmsstmls.
608 2814 721 2839 CAEss.
734 2816 825 2840 coss.
838 2817 890 2841 lv.
906 2817 989 2842 ΚΑ».

383 2860 480 2885 SEPT-

1048 328 1238 358 ch'rYM
1273 328 1585 360 CRETENSEM·

1101 427 1310 451 MVNlcu’ES.
1329 428 1561 452 MVNlclP1.'r.
1577 429 1673 453 Anu.
1688 430 1755 454 ΗΑ-

1140 478 1285 500 numm.
1302 478 1388 500 AVG.
1403 478 1479 501 civt

1099 527 1235 549 Ll‘rANl.
1253 526 1287 552 Q·
1299 527 1486 551 ARAmVM.
1503 528 1674 552 ermvm
1690 530 1755 553 VA-

1142 576 1293 599 tantvm.
1308 578 1507 601 Pnocvnvm

1098 625 1129 648 c.
1146 626 1179 647 v.
1196 626 1355 649 naeuos.
1370 627 1637 654 poswnnosovn.
1652 629 1748 653 mvs-

1143 674 1227 697 sint.
1244 675 1397 698 memus.
1412 676 1518 699 Pos‘rr.

1100 723 1242 750 nistE.
1259 724 1344 747 svis.
1370 725 1572 749 PA'mouos.
1596 726 1753 750 coOP‘rA-

1141 775 1298 798 vERvnT.
1313 776 1496 799 TESSERAM

1098 824 1180 850 QVE.
1197 826 1442 850 HosmTALEM.
1457 827 1550 850 cvm.
1574 828 1629 851 130.
1647 828 1752 852 rect:-

1139 871 1323 906 RVNT‚&C.

1055 913 1254 947 Ammianus
1270 917 1491 948 Marcellinus
1508 926 1616 950 xxm.
1633 918 1676 950 de
1691 919 1755 951 Ju-

1055 964 1145 996 liano
1170 964 1258 1005 Imp.
1291 967 1300 983 ‘
1317 966 1474 998 Rufinum
1503 967 1666 999 Aradium
1691 969 1754 1001 Co-

1055 1014 1169 1045 mitem
1200 1015 1350 1046 Orientis
1391 1016 1424 1046 in
1455 1016 1566 1048 locum
1595 1019 1755 1049 avunculi

1055 1064 1105 1094 sui
1121 1065 1249 1097 Juliani
1266 1075 1386 1096 recens
1402 1065 1556 1098 defuncti
1573 1068 1755 1107 provexit!

1097 1114 1302 1155 Ephemerida
1341 1115 1412 1147 belli
1442 1116 1586 1157 Trojani]
1611 1117 1754 1149 Mediol.

1054 1163 1137 1195 edit.
1166 1164 1269 1195 lectio
1312 1165 1386 1196 haec
1415 1171 1479 1206 est,
1509 1176 1610 1207 quam
1639 1165 1754 1199 firmat

1053 1212 1197 1244 Snidas:
1231 1213 1345 1246 Δίκτυς
1379 1214 1547 1256 ἱπορικὸς,
1572 1216 1697 1256 inquit,
1723 1216 1753 1247 ἔ-

1053 1264 1172 1302 γραψεν
1185 1263 1362 1304 ἐφημερίδα.
1379 1262 1447 1296 ἔστι
1468 1264 1501 1296 δὲ
1514 1264 1556 1296 τὰ
1568 1266 1632 1304 μεθ’
1651 1265 1753 1305 Ὄμη-

1053 1323 1106 1351 ρον
1121 1313 1342 1352 καταλογάδην
1352 1313 1385 1344 ἐν
1398 1313 1531 1350 βιβλίοις
1549 1313 1588 1346 θ’.
1601 1316 1753 1348 Ἰταλικά.

1052 1364 1186 1403 Τρωϊκοῦ
1201 1363 1375 1403 διακόσμου.
1391 1363 1482 1397 οὗτος
1501 1364 1618 1406 ἔγραψε
1628 1366 1671 1399 τὰ
1684 1367 1754 1408 περὶ

1053 1414 1110 1450 τῆς
1133 1412 1274 1454 ἁρπαγῆς
1296 1415 1432 1456 καὶπερὶ
1453 1415 1615 1448 Μενελάου
1631 1417 1682 1449 καὶ
1694 1418 1750 1450 πά-

1053 1474 1111 1501 σης
1139 1464 1276 1501 Ἰλιακῆς
1302 1463 1484 1497 ὑποθέσεως.
1529 1467 1639 1498 Locus
1665 1469 1752 1500 male

1054 1521 1073 1542 a
1089 1512 1372 1553 descriptoribus,
1385 1514 1445 1545 sed
1469 1514 1565 1555 pejus
1586 1515 1630 1547 ab
1645 1517 1751 1548 inter-

1054 1567 1148 1602 prete
1165 1562 1317 1594 habitus:
1349 1564 1452 1595 vertit
1468 1565 1576 1597 enim:
1600 1565 1611 1583 ‘
1629 1567 1751 1608 Dictys

1054 1611 1246 1642 Historicus
1299 1613 1433 1653 scripsit
1478 1615 1751 1655 Ephemeridem.

1053 1661 1184 1691 Novem
1209 1665 1321 1693 autem
1338 1662 1433 1694 libris
1457 1672 1511 1694 res
1535 1664 1578 1695 ab
1596 1664 1747 1698 Homero

1053 1710 1296 1750 praetermissas
1335 1718 1386 1743 est
1431 1715 1638 1754 complexus.
1681 1716 1750 1748 Res

1051 1758 1202 1791 Italicas.
1229 1761 1283 1791 De
1298 1761 1444 1802 Trojana
1460 1763 1660 1804 Republica.
1682 1767 1750 1799 Hic

1053 1809 1153 1840 etiam
1183 1810 1318 1850 scripsit
1345 1811 1387 1842 de
1416 1818 1515 1852 raptu
1540 1814 1683 1847 Helenae
1714 1823 1750 1848 et

1053 1859 1211 1890 Menelao
1227 1865 1262 1891 et
1278 1861 1433 1893 universa
1448 1863 1555 1894 Iliaca
1578 1865 1650 1896 sive
1665 1866 1750 1898 Tro-

1048 1907 1131 1947 jana
1155 1909 1327 1941 Historia-¹
1367 1912 1506 1944 Ἰταλικὰ
1530 1920 1662 1946 mutare
1689 1916 1749 1947 de-

1054 1956 1127 1989 buit
1142 1957 1174 1989 in
1189 1959 1320 1996 Ἰλιακὰ,
1338 1968 1373 1991 ut
1391 1962 1465 2002 jam
1481 1962 1525 1993 ad
1541 1973 1634 1995 oram
1651 1965 1750 1996 Codi-

1052 2008 1100 2039 cis
1121 2009 1172 2040 sui
1196 2010 1423 2053 Hieronymus
1439 2012 1593 2045 Wolffius
1609 2021 1750 2047 annota-

1053 2058 1112 2093 vit,
1139 2069 1178 2090 ac
1206 2069 1306 2100 porro
1336 2062 1445 2094 locum
1470 2063 1748 2104 interpunctione

1050 2114 1204 2140 sanatum
1233 2116 1390 2142 vertere:
1424 2112 1573 2154 ‘Dictys
1604 2114 1749 2146 Histori-

1051 2167 1111 2189 cus
1123 2159 1260 2200 scripsit
1272 2161 1531 2193 commentarios
1544 2164 1746 2195 rerumTro-

1042 2208 1212 2248 jauarum,
1228 2209 1346 2249 quibus
1362 2210 1443 2242 Ilias
1464 2216 1542 2252 post
1561 2213 1745 2245 Homerum

1050 2267 1153 2298 prosa
1168 2259 1320 2290 oratione
1336 2259 1370 2291 in
1383 2269 1502 2291 novem
1519 2261 1623 2292 libros
1640 2262 1746 2295 relata

1048 2309 1253 2340 continetur.
1298 2310 1422 2351 Dictys
1450 2310 1516 2343 iste
1541 2312 1677 2353 scripsit
1702 2313 1746 2345 de

1049 2363 1150 2398 raptu
1173 2358 1316 2390 Helenae
1337 2365 1373 2391 et
1397 2360 1439 2391 de
1465 2360 1623 2392 Menelao
1646 2366 1682 2393 et
1701 2361 1745 2394 de

1048 2407 1203 2438 omnibus
1218 2417 1291 2449 quae
1315 2409 1357 2440 ad
1372 2409 1510 2450 Trojam
1533 2414 1628 2448 gesta
1643 2411 1748 2443 sunt!

1048 2457 1126 2488 Non
1144 2458 1240 2488 unius
1256 2457 1418 2489 Authoris
1440 2460 1511 2490 liaec
1526 2469 1611 2499 esse,
1625 2460 1683 2491 sed
1701 2470 1743 2492 ex

1047 2507 1200 2547 pluribus
1216 2508 1462 2547 consarcinata,
1486 2509 1535 2539 uti
1556 2509 1646 2549 apud
1668 2510 1744 2541 Sui-

1045 2557 1122 2588 dam
1153 2558 1308 2597 plurima,
1335 2558 1492 2598 conjicio,
1517 2563 1553 2590 et
1578 2559 1645 2590 ista
1669 2561 1742 2601 qui-

1046 2606 1136 2645 dem,
1153 2606 1220 2637 ἔστι
1235 2605 1268 2637 δὲ
1283 2606 1324 2638 τὰ
1334 2608 1399 2645 μεθ’
1409 2605 1549 2647 ’Ὀμηρον
1563 2609 1742 2649 καταλογά-

1045 2658 1102 2696 δην
1117 2658 1151 2689 ἐν
1170 2659 1308 2695 βιβλίοις
1323 2659 1361 2690 θ’.
1393 2658 1524 2690 Ἰλιακά·
1546 2660 1580 2690 ἐν
1598 2660 1742 2701 παρενθέ·

1045 2718 1124 2739 σεως
1153 2708 1242 2750 μοίρᾳ
1273 2709 1457 2749 interjecta
1483 2718 1568 2740 esse.
1609 2710 1741 2750 Τρωῒκὺς

1043 2758 1209 2798 διάκοσμος
1235 2764 1287 2791 est
1312 2768 1420 2790 rerum
1444 2759 1661 2800 Trojanarum
1690 2761 1740 2792 di-

1042 2814 1172 2849 gestus,
1196 2808 1223 2839 si
1254 2817 1329 2839 cum
1355 2807 1500 2848 Papinio
1526 2808 1617 2850 loqui
1644 2809 1739 2849 licet,

1042 2858 1096 2890 vel
1114 2859 1297 2899 Digestum
1314 2861 1371 2889 aut
1383 2857 1526 2898 Digesta
1538 2858 1694 2900 Trojana,
1711 2861 1739 2891 si
