1889 3194
280 338 365 379 596

281 440 416 472 cundo!
476 440 620 472 Sucvius
656 445 755 471 vetus
793 438 903 470 Poe'ta
943 447 976 469 v.

282 491 290 505 ¹
307 490 477 526 Redeunt,
493 490 647 521 referunt
659 499 792 520 rumore
805 489 914 530 petita
927 497 978 519 se-

281 539 415 571 cundo!
459 540 505 570 Et
520 540 583 570 hoc
601 539 689 570 haud
707 539 809 570 dubie
826 548 845 569 a
861 538 977 569 favore

282 589 508 619 multitudinis
525 589 714 627 descendit,
735 589 878 619 obscuro
895 596 976 627 quo-

282 641 370 681 piam
388 650 518 671 rumore
532 640 687 671 secundis
702 639 801 670 rebus
815 637 978 679 plauden-

283 692 326 720 tis
345 695 379 720 et
398 699 455 720 eas
472 689 637 720 voventis.

314 740 563 779 Vigiliarumque
574 739 654 769 vices
664 736 868 778 dispartiunt]
881 737 890 754 ‘
905 736 979 767 Dis·

282 791 411 830 partire
423 789 431 803 ’
448 794 545 820 sonat
559 789 723 819 dividere.

324 841 342 880 ς
361 843 398 870 17
423 839 636 877 Agamemnon
658 848 698 868 ex
720 837 865 878 ,Mycenis
887 845 980 867 naves

280 888 416 928 centum]
442 888 530 918 Illud
558 887 740 917 observare
767 886 860 916 velut
886 884 977 915 aliud

281 942 437 978 agentem
457 938 551 972 licet,
569 946 685 977 parum
703 937 735 966 in
752 937 906 975 catalogo
923 945 981 965 na-

282 989 370 1019 viuin
394 988 591 1019 Graecarnm
618 987 659 1017 ad
687 986 978 1027 oppugnationem

282 1039 337 1069 Ilii
351 1038 571 1069 collectarum
586 1037 764 1067 dissentire
777 1035 979 1076 Septimium

282 1089 370 1118 hunc
387 1098 405 1118 a
420 1088 536 1118 libello
553 1087 661 1118 veteri
684 1086 740 1127 qui
764 1085 902 1116 Daretis
922 1095 979 1116 no-

282 1138 372 1168 mine
389 1137 599 1172 inscribitur,
616 1140 652 1167 et
674 1136 780 1166 multa
804 1145 823 1166 a
848 1135 979 1166 Graecis

282 1187 535 1218 recensionibns
551 1187 717 1217 nniversae
735 1185 897 1225 'rrojanae
913 1184 979 1215 his-

284 1238 381 1268 toriae
421 1236 604 1276 discrepat.
665 1234 852 1275 Septimius
890 1234 978 1264 enim

283 1291 400 1317 noster
423 1295 596 1316 numerum
620 1288 716 1316 1117.
744 1284 878 1315 navium
904 1294 979 1324 pro-

284 1334 392 1374 ducit,
410 1335 517 1365 Dares
540 1339 653 1364 antem
677 1336 771 1364 1148.
792 1338 982 1371 enumerat,

284 1389 321 1415 ut
338 1384 556 1415 diversissimi
583 1388 737 1414 auctores
758 1383 815 1414 vix
841 1382 982 1424 triginta

284 1434 366 1475 ipsis
383 1433 524 1464 navibus
539 1433 748 1472 discrepent.

328 1485 407 1524 §19
441 1484 580 1514 Prorsus
608 1483 710 1513 nullus
737 1482 849 1520 funeri
876 1483 983 1513 modus

284 1543 380 1574 neque
394 1531 531 1573 requies]
554 1533 564 1549 ‘
583 1531 721 1571 anns‚’
740 1532 983 1572 pestilentiam,

286 1583 522 1621 contagionem
552 1581 622 1611 sive
656 1581 849 1620 contagium
885 1585 982 1610 notat

286 1631 431 1662 Auctori
448 1634 577 1661 nostro.
623 1631 726 1661 Velut
745 1635 753 1648 ‘
768 1629 902 1660 Funus'
924 1630 982 1660 ali-

286 1680 376 1721 quod
409 1689 530 1710 numen
559 1678 732 1710 funestum
774 1685 810 1711 et
839 1680 982 1710 saeviens

287 1730 512 1761 cadaveribus
528 1728 692 1760 faciendis
709 1729 891 1760 diceretur.
920 1729 984 1759 Pa-

289 1781 375 1810 riter
415 1784 527 1809 antetn
558 1779 568 1795 ‘
595 1777 794 1809 Libitinam'
827 1788 888 1818 pro
924 1778 984 1808 tali

290 1830 403 1869 aliquo
427 1828 580 1859 daemone
605 1828 731 1868 accipit
756 1828 883 1869 aliquot
899 1828 983 1859 locis

288 1878 467 1910 Horatius.

334 1928 451 1958 Mulier
480 1927 617 1967 quaedam
648 1927 716 1957 Deo
748 1928 839 1966 plena
868 1926 985 1956 Dianoe

288 1978 371 2008 iram
395 1976 504 2016 satur]
542 1977 736 2007 Notandum
775 1977 823 2006 liis
861 1975 986 2015 verbis,

287 2028 297 2043 ‘
318 2026 416 2057 Fari'
435 2026 666 2066 propheticum
691 2036 763 2056 esse
781 2026 934 2063 verbum,
950 2030 986 2056 et

291 2077 425 2107 edicere
453 2086 472 2106 a
497 2076 632 2106 numine
662 2076 861 2107 instinctum
883 2076 985 2107 deno-

290 2131 378 2156 tare.
430 2126 440 2141 ‘
468 2125 573 2155 Fatn’
604 2125 693 2155 enim
732 2131 810 2156 snnt
840 2126 987 2156 oracula.

291 2176 421 2206 Lucan.
453 2183 503 2206 ix.
558 2175 766 2207 Pltarsaliae:
805 2176 814 2193 ‘
841 2176 988 2206 Stabant

291 2230 370 2255 ante
386 2223 477 2255 fores
501 2224 618 2264 populi
641 2234 724 2264 quos
748 2224 887 2255 miserat
906 2225 987 2263 Eos,

292 2275 538 2314 Cornigerique
554 2273 650 2305 Jovis
670 2275 799 2305 monitu
816 2284 900 2305 nova
916 2274 988 2305 fata

293 2323 481 2365 petebant!
525 2324 533 2340 ‘
552 2324 660 2354 Plena
676 2323 770 2354 Deo'
793 2325 988 2355 instinctam

293 2380 403 2411 notat,
415 2380 451 2406 ut
467 2376 534 2406 l.v.
556 2374 740 2413 Septimius
754 2373 841 2404 idem
855 2379 987 2405 noster:

293 2428 302 2443 ‘
322 2427 412 2456 inter
442 2435 516 2465 quae
545 2428 610 2454 tam
639 2424 773 2454 solicita
799 2424 990 2455 Cassandra

295 2476 368 2506 Deo
396 2475 497 2514 plena
516 2473 668 2503 victimas
693 2472 735 2502 ad
760 2472 920 2503 Hectoris
936 2477 989 2503 tn-

294 2525 421 2555 mulnm
449 2522 628 2554 transferri
656 2521 839 2562 inferrique
867 2522 990 2562 jubet.'

296 2574 500 2614 Calpurnius
516 2573 590 2603 Ecl.
608 2580 634 2602 1.
656 2572 665 2589 ‘
678 2571 884 2603 Jamdudum
896 2572 991 2602 velnt

296 2624 371 2663 ipso
401 2622 537 2653 numine
568 2622 704 2661 plenum
729 2621 788 2651 Me
819 2621 930 2661 quatit
956 2626 991 2652 et

296 2673 413 2703 mistus
451 2671 540 2702 subit
575 2672 666 2701 inter
705 2669 828 2710 gandia
859 2670 993 2701 terror!

299 2721 399 2753 Quod
417 2730 522 2761 genus
539 2718 701 2761 loquendi
719 2719 822 2750 irrisit
839 2720 918 2750 olim
933 2720 990 2750 Se-

299 2780 385 2801 neca
413 2775 512 2810 pater
540 2771 572 2800 in
602 2769 715 2800 nescio
738 2779 804 2810 qno
828 2769 993 2800 declama-

301 2826 388 2853 tore,
403 2828 468 2849 non
493 2818 646 2849 facturus
670 2818 697 2848 si
724 2827 762 2848 ea
786 2827 993 2858 cognoscere

301 2867 476 2907 potuisset,
486 2877 558 2908 quae
569 2876 627 2898 nos
642 2867 766 2898 docent
779 2876 886 2899 sacrae
901 2867 993 2899 litte-

459 347 600 378 NO'rAE
635 345 895 377 VARIORUM
932 344 981 375 IN
1018 344 1209 374 DICTYM
1241 343 1552 376 CRETENSEM.

1028 447 1087 476 rae,
1103 442 1138 469 et
1153 447 1195 468 ex
1213 438 1253 469 iis
1270 438 1435 480 Didymus
1451 439 1474 470 l.
1486 448 1512 470 1.
1534 438 1576 470 de
1591 437 1721 479 Spiritu

1026 487 1164 518 Sancto.
1219 488 1355 519 Pariter
1387 488 1555 520 Arnobius
1585 498 1620 519 v.
1652 489 1662 506 ‘
1684 491 1724 518 ut

1028 547 1085 568 vos
1103 538 1219 577 plenos
1243 539 1310 569 Dei
1337 538 1472 569 numine
1493 548 1533 569 ac
1552 541 1724 578 potestate

1027 586 1218 618 censeatis!
1273 588 1318 618 Et
1345 588 1458 620 Julius
1487 588 1650 619 Firmicus
1681 586 1723 618 de

1027 637 1198 667 erroribus
1236 636 1451 677 profanarum
1495 638 1723 677 Religionum.

1026 688 1137 718 Vetus
1153 687 1349 727 inscriptio:
1368 689 1376 704 ‘
1394 688 1571 728 Templum
1588 687 1621 718 in
1639 695 1724 728 rupe

1027 737 1115 777 Tagi
1150 737 1281 777 superis
1319 741 1355 768 et
1391 738 1529 768 Caesare
1562 734 1724 777 plenum!

1028 786 1038 803 ‘
1053 787 1211 818 Saturum
1229 791 1264 818 et
1282 790 1436 826 potatum
1447 786 1456 800 '
1473 790 1627 818 torrente
1640 785 1722 817 deli-

1028 836 1156 867 ciarum
1188 836 1251 867 Dei
1283 836 1370 867 dixit
1398 837 1520 867 Victor
1549 835 1722 867 Uticensis

1027 886 1094 917 fine
1111 887 1132 917 l.
1144 896 1168 917 1.
1185 887 1227 918 de
1244 887 1491 918 Persecutione
1504 887 1704 918 Vandalica;

1074 937 1124 967 Ne
1151 939 1239 967 tanta
1265 936 1313 967 vis
1337 936 1493 967 exercitus
1517 937 1583 966 sine
1607 939 1726 967 rectore

1027 986 1158 1026 effusius
1173 996 1209 1017 ac
1224 986 1290 1017 sine
1305 995 1387 1017 more
1401 987 1525 1017 militiae
1540 985 1725 1025 vagaretur]

1029 1038 1038 1053 ‘
1056 1035 1154 1066 Mos’
1184 1036 1273 1067 iden]
1301 1041 1354 1067 est
1380 1036 1471 1077 qnod
1502 1037 1571 1074 lex,
1600 1034 1725 1066 effectu

1028 1086 1176 1126 quidem,
1199 1086 1280 1117 licet
1295 1096 1361 1117 non
1378 1086 1528 1125 origine;
1551 1094 1621 1115 mos
1637 1084 1725 1115 enim

1029 1135 1137 1166 oritur
1160 1144 1202 1166 ex
1225 1135 1484 1174 consuetudine,
1506 1135 1562 1166 lex
1583 1143 1663 1165 vero
1682 1144 1726 1165 ex

1031 1185 1225 1216 sanctione:
1250 1185 1440 1226 promiscue
1458 1189 1567 1216 tamen
1586 1193 1726 1225 usurpa-

1030 1240 1097 1273 tur,
1115 1239 1151 1266 ut
1168 1245 1187 1265 a
1202 1235 1367 1275 Septimio
1382 1239 1508 1265 nostro.

1074 1285 1128 1315 Ita
1141 1294 1195 1324 per
1210 1285 1411 1324 oequationem
1423 1283 1542 1314 numeri
1557 1286 1647 1323 atque
1657 1293 1728 1324 par-

1030 1333 1111 1364 tium
1137 1333 1387 1374 quadripartitur
1411 1332 1581 1372 exercitus]
1604 1333 1613 1350 ‘
1634 1333 1727 1365 Qua-

1032 1383 1226 1423 dripartiri'
1254 1387 1306 1414 est
1328 1383 1360 1413 in
1384 1387 1529 1423 quatuor
1545 1387 1659 1422 partes
1675 1381 1726 1413 di-

1030 1433 1159 1464 videre.
1191 1433 1336 1472 AEquum
1349 1437 1461 1462 antem
1475 1431 1728 1472 quaternarium

1031 1493 1206 1521 numerum
1224 1482 1309 1513 dicit
1323 1482 1366 1513 ob
1381 1480 1624 1522 perfectionem
1639 1481 1729 1520 cubi,

1032 1533 1075 1563 de
1092 1543 1159 1573 quo
1180 1533 1316 1563 consule
1334 1531 1546 1562 Macrobium
1569 1536 1604 1561 et
1620 1531 1727 1562 Favo-

1032 1583 1121 1612 nium
1147 1582 1180 1612 in
1208 1581 1371 1612 somnium
1398 1579 1580 1620 Scipionis,
1606 1580 1727 1620 Capel-

1032 1632 1096 1662 lam
1111 1636 1146 1662 et
1158 1631 1322 1662 Isidorum
1337 1631 1369 1661 in
1382 1629 1613 1661 Aritlnneticis
1624 1630 1728 1661 Trac-

1035 1680 1230 1712 tationibnS.

1077 1731 1094 1770 ξ
1110 1733 1151 1760 20
1176 1730 1284 1769 Neque
1299 1728 1426 1759 interim
1441 1729 1520 1759 ullus
1530 1728 1613 1770 finis
1629 1729 1729 1760 vasti-

1033 1778 1124 1818 tatis]
1139 1780 1148 1796 ‘
1163 1779 1318 1809 Vastitas
1330 1777 1338 1790 ’
1354 1783 1405 1808 est
1422 1778 1629 1818 pestilentia.
1664 1779 1728 1809 Ar-

1035 1828 1153 1859 nobius
1170 1827 1235 1858 fine
1255 1828 1278 1858 1.
1296 1837 1348 1858 iv.
1372 1828 1381 1844 ‘
1395 1828 1486 1858 Deos
1503 1838 1594 1868 saepe
1617 1828 1729 1860 dicitis

1035 1882 1177 1918 propter
1186 1877 1394 1908 ceremonias
1406 1886 1470 1908 non
1483 1878 1546 1908 rite
1559 1877 1729 1917 perfectas

1035 1926 1238 1958 tremoribus
1265 1925 1477 1957 infremuisse
1502 1931 1680 1965 terrarum,
1696 1931 1730 1958 et

1035 1977 1234 2016 contagione
1249 1976 1455 2016 pestilentiae
1471 1977 1662 2017 corrupisse
1675 1986 1731 2007 an-

1036 2036 1089 2057 ras
1117 2031 1306 2066 temporum
1335 2026 1490 2056 luctuosa
1514 2035 1589 2057 cnm
1615 2026 1731 2067 populi

1037 2074 1221 2106 vastitate!
1283 2074 1359 2105 Hoc
1390 2079 1442 2105 est
1471 2075 1665 2115 pestilentia
1694 2080 1730 2106 et

1036 2125 1241 2165 contagione
1292 2124 1482 2156 morborum
1523 2125 1564 2157 ab
1601 2124 1730 2157 infecto

1037 2174 1128 2206 aere.

1081 2225 1098 2264 ξ
1111 2226 1150 2255 21
1174 2224 1275 2259 Quum
1289 2233 1356 2254 ecce
1369 2224 1570 2264 diesfoedari,
1581 2228 1611 2256 et
1625 2226 1733 2256 coelum

1036 2273 1141 2305 nubilo
1168 2274 1233 2311 tegi
1260 2273 1366 2314 coepit]
1390 2278 1398 2291 ‘
1417 2275 1447 2305 N
1453 2274 1597 2306 ubilum’
1614 2279 1666 2307 est
1682 2280 1732 2307 te-

1036 2324 1183 2354 nebrosa
1200 2328 1385 2362 tempestas
1404 2324 1488 2354 coelo
1506 2324 1654 2355 obducto
1671 2334 1733 2356 nn-

1040 2373 1151 2403 bibus.
1208 2374 1217 2389 ‘
1238 2372 1493 2412 Praecipita1i0’
1522 2373 1637 2404 imbris
1665 2374 1733 2405 elc-

1039 2427 1159 2462 ganter
1189 2431 1344 2461 magnam
1373 2422 1463 2453 illam
1490 2422 1621 2453 ruinam
1645 2423 1733 2459 coeli,

1039 2478 1075 2502 ut
1092 2473 1190 2502 Maro
1208 2472 1369 2512 loquitur,
1381 2471 1547 2512 designat.
1577 2472 1734 2504 Valerius

1039 2522 1195 2553 JEditnus
1218 2521 1261 2551 de
1285 2521 1418 2552 flamma
1434 2522 1554 2553 amoris
1570 2522 1604 2552 in
1625 2531 1661 2553 se
1682 2532 1735 2553 ar-

1040 2571 1258 2602 dentissima:
1290 2571 1300 2588 ‘
1325 2571 1433 2602 Istam
1463 2580 1529 2602 non
1564 2571 1652 2612 potis
1681 2576 1735 2603 est

1040 2622 1090 2652 vis
1117 2630 1208 2652 saeva
1230 2619 1431 2660 extinguere
1450 2618 1605 2659 flammae,
1623 2620 1735 2663 Atque

1041 2671 1149 2702 imber
1164 2671 1251 2701 coelo
1269 2670 1414 2701 candida
1430 2670 1672 2710 praecipitans-⁹

1085 2721 1170 2752 Dein
1184 2729 1301 2760 coepere
1315 2720 1399 2751 venti
1414 2722 1504 2759 atque
1512 2719 1650 2757 fulmina
1665 2730 1736 2751 con-

1041 2769 1209 2809 senescere]
1234 2769 1492 2808 Elegantissime
1521 2768 1605 2799 dicit
1629 2770 1638 2786 ‘
1656 2779 1734 2800 con-

1043 2829 1220 2851 senescere
1232 2819 1239 2832 ’
1266 2819 1331 2849 vim
1347 2822 1522 2848 ventorum
1539 2823 1573 2849 et
1590 2823 1736 2858 tempes-

1044 2874 1166 2911 tatum,
1191 2878 1252 2910 pro
1279 2868 1453 2900 remittere
1474 2867 1639 2910 labefieri,
1653 2867 1735 2900 defi-
