<?xml version="1.0" encoding="UTF-8"?>
<!DOCTYPE html PUBLIC "-//W3C//DTD XHTML 1.0 Transitional//EN"
    "http://www.w3.org/TR/xhtml1/DTD/xhtml1-transitional.dtd">
<html xmlns="http://www.w3.org/1999/xhtml" xml:lang="en" lang="en">
 <head>
  <title>
</title>
<meta http-equiv="Content-Type" content="text/html;charset=utf-8" />
  <meta name='ocr-system' content='tesseract 3.04.00' />
  <meta name='ocr-capabilities' content='ocr_page ocr_carea ocr_par ocr_line ocrx_word'/>
</head>
<body>
  <div class='ocr_page' id='page_1' title='image "./dictyscretensise02dictuoft_0175.png"; bbox 0 0 1889 3194; ppageno 0'>
   <div class='ocr_carea' id='block_1_1' title="bbox 569 362 1284 396">
    <p class='ocr_par' dir='ltr' id='par_1_1' title="bbox 569 362 1284 396">
     <span class='ocr_line' id='line_1_1' title="bbox 569 362 1284 396; baseline -0.001 -1"><span class='ocrx_word' id='word_1_1' title='bbox 569 366 629 396; x_wconf 91' lang='lat' dir='ltr'><strong>DE</strong></span> <span class='ocrx_word' id='word_1_2' title='bbox 663 364 819 395; x_wconf 81' lang='lat' dir='ltr'><strong>BELLO</strong></span> <span class='ocrx_word' id='word_1_3' title='bbox 852 362 1076 394; x_wconf 74' lang='lat' dir='ltr'>TROJANO</span> <span class='ocrx_word' id='word_1_4' title='bbox 1111 363 1205 393; x_wconf 82' lang='lat' dir='ltr'><strong>LIB.</strong></span> <span class='ocrx_word' id='word_1_5' title='bbox 1240 363 1284 394; x_wconf 77' lang='lat' dir='ltr'><strong>V·</strong></span> 
     </span>
    </p>
   </div>
   <div class='ocr_carea' id='block_1_2' title="bbox 199 457 1432 2107">
    <p class='ocr_par' dir='ltr' id='par_1_2' title="bbox 199 457 1432 2107">
     <span class='ocr_line' id='line_1_2' title="bbox 200 457 1353 503; baseline -0.003 0"><span class='ocrx_word' id='word_1_6' title='bbox 200 461 382 503; x_wconf 85' lang='lat' dir='ltr'><strong>Dextris</strong></span> <span class='ocrx_word' id='word_1_7' title='bbox 402 460 519 501; x_wconf 90' lang='lat' dir='ltr'><strong>bella</strong></span> <span class='ocrx_word' id='word_1_8' title='bbox 540 459 656 502; x_wconf 88' lang='lat' dir='ltr'><strong>datis</strong></span> <span class='ocrx_word' id='word_1_9' title='bbox 677 474 686 499; x_wconf 76' lang='grc' dir='ltr'>ε</span> <span class='ocrx_word' id='word_1_10' title='bbox 719 463 765 501; x_wconf 89' lang='lat' dir='ltr'><strong>at</strong></span> <span class='ocrx_word' id='word_1_11' title='bbox 784 458 952 501; x_wconf 84' lang='lat' dir='ltr'>foedera</span> <span class='ocrx_word' id='word_1_12' title='bbox 974 457 1164 500; x_wconf 87' lang='lat' dir='ltr'><strong>Martius</strong></span> <span class='ocrx_word' id='word_1_13' title='bbox 1184 457 1353 500; x_wconf 81' lang='lat' dir='ltr'>Hector</span> 
     </span>
     <span class='ocr_line' id='line_1_3' title="bbox 201 524 1331 581; baseline -0.004 -12"><span class='ocrx_word' id='word_1_14' title='bbox 201 528 398 577; x_wconf 88' lang='lat' dir='ltr'><strong>Incusat‚</strong></span> <span class='ocrx_word' id='word_1_15' title='bbox 421 528 638 581; x_wconf 84' lang='lat' dir='ltr'>pacisque</span> <span class='ocrx_word' id='word_1_16' title='bbox 657 539 818 576; x_wconf 89' lang='lat' dir='ltr'><strong>moras,</strong></span> <span class='ocrx_word' id='word_1_17' title='bbox 841 526 1082 579; x_wconf 83' lang='lat' dir='ltr'><strong>fractisque</strong></span> <span class='ocrx_word' id='word_1_18' title='bbox 1101 524 1331 566; x_wconf 89' lang='lat' dir='ltr'><strong>novandas</strong></span> 
     </span>
     <span class='ocr_line' id='line_1_4' title="bbox 200 593 1187 647; baseline -0.002 -13"><span class='ocrx_word' id='word_1_19' title='bbox 200 593 426 635; x_wconf 88' lang='lat' dir='ltr'><strong>Inachidis</strong></span> <span class='ocrx_word' id='word_1_20' title='bbox 444 597 569 634; x_wconf 86' lang='lat' dir='ltr'><strong>tanto</strong></span> <span class='ocrx_word' id='word_1_21' title='bbox 590 593 814 647; x_wconf 89' lang='lat' dir='ltr'><strong>conjectat</strong></span> <span class='ocrx_word' id='word_1_22' title='bbox 834 597 1034 645; x_wconf 85' lang='lat' dir='ltr'><strong>tempore</strong></span> <span class='ocrx_word' id='word_1_23' title='bbox 1055 593 1187 633; x_wconf 88' lang='lat' dir='ltr'><strong>vires.</strong></span> 
     </span>
     <span class='ocr_line' id='line_1_5' title="bbox 256 660 1207 702; baseline -0.001 -1"><span class='ocrx_word' id='word_1_24' title='bbox 256 660 480 701; x_wconf 86' lang='lat' dir='ltr'><strong>Incutiunt</strong></span> <span class='ocrx_word' id='word_1_25' title='bbox 500 661 610 701; x_wconf 89' lang='lat' dir='ltr'><strong>alias</strong></span> <span class='ocrx_word' id='word_1_26' title='bbox 631 661 802 702; x_wconf 90' lang='lat' dir='ltr'><strong>cunctis</strong></span> <span class='ocrx_word' id='word_1_27' title='bbox 821 660 926 700; x_wconf 91' lang='lat' dir='ltr'><strong>belli</strong></span> <span class='ocrx_word' id='word_1_28' title='bbox 946 660 1038 701; x_wconf 88' lang='lat' dir='ltr'><strong>otia</strong></span> <span class='ocrx_word' id='word_1_29' title='bbox 1052 671 1181 700; x_wconf 89' lang='lat' dir='ltr'><strong>curas</strong></span> <span class='ocrx_word' id='word_1_30' title='bbox 1198 673 1207 700; x_wconf 90' lang='lat'>:</span> 
     </span>
     <span class='ocr_line' id='line_1_6' title="bbox 201 726 1140 781; baseline 0.001 -14"><span class='ocrx_word' id='word_1_31' title='bbox 201 726 267 767; x_wconf 92' lang='lat' dir='ltr'><strong>Hi</strong></span> <span class='ocrx_word' id='word_1_32' title='bbox 285 727 434 777; x_wconf 87' lang='lat' dir='ltr'><strong>muris,</strong></span> <span class='ocrx_word' id='word_1_33' title='bbox 449 726 517 767; x_wconf 90' lang='lat' dir='ltr'><strong>illi</strong></span> <span class='ocrx_word' id='word_1_34' title='bbox 537 728 712 776; x_wconf 88' lang='lat' dir='ltr'><strong>castris,</strong></span> <span class='ocrx_word' id='word_1_35' title='bbox 729 728 905 781; x_wconf 91' lang='lat' dir='ltr'><strong>utrique</strong></span> <span class='ocrx_word' id='word_1_36' title='bbox 923 727 1140 781; x_wconf 86' lang='lat' dir='ltr'><strong>sepulcris</strong></span> 
     </span>
     <span class='ocr_line' id='line_1_7' title="bbox 200 793 1268 846; baseline -0.001 -12"><span class='ocrx_word' id='word_1_37' title='bbox 200 793 464 846; x_wconf 86' lang='lat' dir='ltr'><strong>Invigilant:</strong></span> <span class='ocrx_word' id='word_1_38' title='bbox 495 795 573 835; x_wconf 79' lang='lat' dir='ltr'><strong>vix</strong></span> <span class='ocrx_word' id='word_1_39' title='bbox 593 793 702 835; x_wconf 91' lang='lat' dir='ltr'><strong>flore</strong></span> <span class='ocrx_word' id='word_1_40' title='bbox 726 795 866 835; x_wconf 90' lang='lat' dir='ltr'><strong>solum</strong></span> <span class='ocrx_word' id='word_1_41' title='bbox 887 794 1117 836; x_wconf 83' lang='lat' dir='ltr'><strong>laxaverat</strong></span> <span class='ocrx_word' id='word_1_42' title='bbox 1135 797 1268 835; x_wconf 81' lang='lat' dir='ltr'><strong>aestas</strong></span> 
     </span>
     <span class='ocr_line' id='line_1_8' title="bbox 199 859 1256 913; baseline -0.001 -13"><span class='ocrx_word' id='word_1_43' title='bbox 199 859 377 902; x_wconf 87' lang='lat' dir='ltr'><strong>Tertia:</strong></span> <span class='ocrx_word' id='word_1_44' title='bbox 407 861 582 902; x_wconf 84' lang='lat' dir='ltr'><strong>desueti</strong></span> <span class='ocrx_word' id='word_1_45' title='bbox 597 860 753 902; x_wconf 86' lang='lat' dir='ltr'><strong>rabida</strong></span> <span class='ocrx_word' id='word_1_46' title='bbox 771 860 815 900; x_wconf 90' lang='lat' dir='ltr'><strong>in</strong></span> <span class='ocrx_word' id='word_1_47' title='bbox 832 859 1087 902; x_wconf 90' lang='lat' dir='ltr'><strong>discrimina</strong></span> <span class='ocrx_word' id='word_1_48' title='bbox 1108 859 1256 913; x_wconf 90' lang='lat' dir='ltr'><strong>campi</strong></span> 
     </span>
     <span class='ocr_line' id='line_1_9' title="bbox 201 926 1354 969; baseline -0.001 -2"><span class='ocrx_word' id='word_1_49' title='bbox 201 926 443 969; x_wconf 87' lang='lat' dir='ltr'><strong>Prosiliunt</strong></span> <span class='ocrx_word' id='word_1_50' title='bbox 462 928 562 969; x_wconf 90' lang='lat' dir='ltr'><strong>hinc</strong></span> <span class='ocrx_word' id='word_1_51' title='bbox 582 927 685 968; x_wconf 91' lang='lat' dir='ltr'><strong>inde</strong></span> <span class='ocrx_word' id='word_1_52' title='bbox 706 926 871 968; x_wconf 90' lang='lat' dir='ltr'><strong>duces:</strong></span> <span class='ocrx_word' id='word_1_53' title='bbox 902 931 1015 969; x_wconf 88' lang='lat' dir='ltr'><strong>rotat</strong></span> <span class='ocrx_word' id='word_1_54' title='bbox 1029 927 1187 969; x_wconf 88' lang='lat' dir='ltr'><strong>efferus</strong></span> <span class='ocrx_word' id='word_1_55' title='bbox 1203 938 1354 967; x_wconf 83' lang='lat' dir='ltr'><strong>ensem</strong></span> 
     </span>
     <span class='ocr_line' id='line_1_10' title="bbox 202 994 1314 1048; baseline -0.001 -13"><span class='ocrx_word' id='word_1_56' title='bbox 202 994 387 1045; x_wconf 85' lang='lat' dir='ltr'><strong>Hector,</strong></span> <span class='ocrx_word' id='word_1_57' title='bbox 408 1000 453 1036; x_wconf 88' lang='lat' dir='ltr'><strong>et</strong></span> <span class='ocrx_word' id='word_1_58' title='bbox 474 996 678 1048; x_wconf 83' lang='lat' dir='ltr'><strong>ingentes</strong></span> <span class='ocrx_word' id='word_1_59' title='bbox 697 995 872 1036; x_wconf 90' lang='lat' dir='ltr'><strong>animos</strong></span> <span class='ocrx_word' id='word_1_60' title='bbox 891 995 1064 1036; x_wconf 85' lang='lat' dir='ltr'><strong>fortuna</strong></span> <span class='ocrx_word' id='word_1_61' title='bbox 1082 994 1314 1044; x_wconf 84' lang='lat' dir='ltr'><strong>ministrat,</strong></span> 
     </span>
     <span class='ocr_line' id='line_1_11' title="bbox 201 1060 1300 1115; baseline 0 -14"><span class='ocrx_word' id='word_1_62' title='bbox 201 1061 446 1114; x_wconf 89' lang='lat' dir='ltr'><strong>Supremos</strong></span> <span class='ocrx_word' id='word_1_63' title='bbox 470 1061 704 1115; x_wconf 89' lang='lat' dir='ltr'><strong>speculata</strong></span> <span class='ocrx_word' id='word_1_64' title='bbox 723 1060 834 1112; x_wconf 86' lang='lat' dir='ltr'><strong>dies,</strong></span> <span class='ocrx_word' id='word_1_65' title='bbox 853 1062 1091 1115; x_wconf 89' lang='lat' dir='ltr'><strong>obitusque</strong></span> <span class='ocrx_word' id='word_1_66' title='bbox 1112 1061 1300 1102; x_wconf 89' lang='lat' dir='ltr'><strong>decoros</strong></span> 
     </span>
     <span class='ocr_line' id='line_1_12' title="bbox 202 1126 1269 1181; baseline 0 -14"><span class='ocrx_word' id='word_1_67' title='bbox 202 1126 355 1168; x_wconf 84' lang='lat' dir='ltr'><strong>Factis</strong></span> <span class='ocrx_word' id='word_1_68' title='bbox 378 1128 570 1169; x_wconf 88' lang='lat' dir='ltr'><strong>illustrat</strong></span> <span class='ocrx_word' id='word_1_69' title='bbox 589 1127 848 1181; x_wconf 82' lang='lat' dir='ltr'><strong>insignibus.</strong></span> <span class='ocrx_word' id='word_1_70' title='bbox 907 1126 1135 1181; x_wconf 87' lang='lat' dir='ltr'><strong>Antiphus</strong></span> <span class='ocrx_word' id='word_1_71' title='bbox 1155 1131 1269 1177; x_wconf 86' lang='lat' dir='ltr'><strong>ante,</strong></span> 
     </span>
     <span class='ocr_line' id='line_1_13' title="bbox 200 1193 1352 1247; baseline 0.001 -14"><span class='ocrx_word' id='word_1_72' title='bbox 200 1193 314 1234; x_wconf 89' lang='lat' dir='ltr'><strong>Post</strong></span> <span class='ocrx_word' id='word_1_73' title='bbox 337 1194 536 1235; x_wconf 88' lang='lat' dir='ltr'><strong>Philibus</strong></span> <span class='ocrx_word' id='word_1_74' title='bbox 558 1194 756 1236; x_wconf 88' lang='lat' dir='ltr'><strong>clausere</strong></span> <span class='ocrx_word' id='word_1_75' title='bbox 778 1194 947 1236; x_wconf 82' lang='lat' dir='ltr'><strong>virum:</strong></span> <span class='ocrx_word' id='word_1_76' title='bbox 977 1194 1162 1235; x_wconf 87' lang='lat' dir='ltr'><strong>libratur</strong></span> <span class='ocrx_word' id='word_1_77' title='bbox 1182 1195 1352 1247; x_wconf 90' lang='lat' dir='ltr'><strong>utrique</strong></span> 
     </span>
     <span class='ocr_line' id='line_1_14' title="bbox 202 1260 1432 1315; baseline 0 -14"><span class='ocrx_word' id='word_1_78' title='bbox 202 1260 437 1311; x_wconf 83' lang='lat' dir='ltr'><strong>Fraxinus,</strong></span> <span class='ocrx_word' id='word_1_79' title='bbox 458 1265 500 1302; x_wconf 91' lang='lat' dir='ltr'><strong>et</strong></span> <span class='ocrx_word' id='word_1_80' title='bbox 521 1261 715 1302; x_wconf 91' lang='lat' dir='ltr'><strong>medium</strong></span> <span class='ocrx_word' id='word_1_81' title='bbox 737 1261 1011 1315; x_wconf 89' lang='lat' dir='ltr'><strong>suspendunt</strong></span> <span class='ocrx_word' id='word_1_82' title='bbox 1032 1262 1233 1303; x_wconf 85' lang='lat' dir='ltr'><strong>Hectora</strong></span> <span class='ocrx_word' id='word_1_83' title='bbox 1251 1273 1262 1300; x_wconf 70' lang='grc' dir='ltr'><strong>ε</strong></span> <span class='ocrx_word' id='word_1_84' title='bbox 1292 1264 1337 1302; x_wconf 90' lang='lat' dir='ltr'><strong>at</strong></span> <span class='ocrx_word' id='word_1_85' title='bbox 1357 1260 1432 1301; x_wconf 90' lang='lat' dir='ltr'><strong>ille</strong></span> 
     </span>
     <span class='ocr_line' id='line_1_15' title="bbox 202 1326 1349 1382; baseline 0.002 -15"><span class='ocrx_word' id='word_1_86' title='bbox 202 1326 442 1380; x_wconf 91' lang='lat' dir='ltr'><strong>Obliquam</strong></span> <span class='ocrx_word' id='word_1_87' title='bbox 463 1340 677 1369; x_wconf 86' lang='lat' dir='ltr'><strong>revocans</strong></span> <span class='ocrx_word' id='word_1_88' title='bbox 694 1328 884 1377; x_wconf 83' lang='lat' dir='ltr'><strong>hastam,</strong></span> <span class='ocrx_word' id='word_1_89' title='bbox 904 1329 969 1368; x_wconf 89' lang='lat' dir='ltr'><strong>sic</strong></span> <span class='ocrx_word' id='word_1_90' title='bbox 990 1328 1162 1382; x_wconf 85' lang='lat' dir='ltr'><strong>excipit</strong></span> <span class='ocrx_word' id='word_1_91' title='bbox 1181 1329 1349 1376; x_wconf 82' lang='lat' dir='ltr'><strong>ambos,</strong></span> 
     </span>
     <span class='ocr_line' id='line_1_16' title="bbox 202 1393 1408 1448; baseline -0.001 -14"><span class='ocrx_word' id='word_1_92' title='bbox 202 1393 373 1446; x_wconf 83' lang='lat' dir='ltr'><strong>Lugeat</strong></span> <span class='ocrx_word' id='word_1_93' title='bbox 394 1398 438 1436; x_wconf 89' lang='lat' dir='ltr'><strong>ut</strong></span> <span class='ocrx_word' id='word_1_94' title='bbox 458 1395 623 1448; x_wconf 90' lang='lat' dir='ltr'><strong>primus</strong></span> <span class='ocrx_word' id='word_1_95' title='bbox 645 1395 814 1442; x_wconf 91' lang='lat' dir='ltr'><strong>oculos,</strong></span> <span class='ocrx_word' id='word_1_96' title='bbox 835 1395 1150 1448; x_wconf 88' lang='lat' dir='ltr'><strong>cerebrumque</strong></span> <span class='ocrx_word' id='word_1_97' title='bbox 1171 1394 1408 1436; x_wconf 60' lang='lat' dir='ltr'><strong>secundus</strong></span> 
     </span>
     <span class='ocr_line' id='line_1_17' title="bbox 201 1460 1431 1516; baseline 0.001 -16"><span class='ocrx_word' id='word_1_98' title='bbox 201 1460 485 1514; x_wconf 85' lang='lat' dir='ltr'><strong>Euphorbum</strong></span> <span class='ocrx_word' id='word_1_99' title='bbox 502 1463 657 1515; x_wconf 90' lang='lat' dir='ltr'><strong>premit</strong></span> <span class='ocrx_word' id='word_1_100' title='bbox 676 1461 901 1513; x_wconf 88' lang='lat' dir='ltr'><strong>AEacides,</strong></span> <span class='ocrx_word' id='word_1_101' title='bbox 924 1462 1114 1516; x_wconf 86' lang='lat' dir='ltr'><strong>dumque</strong></span> <span class='ocrx_word' id='word_1_102' title='bbox 1133 1462 1204 1503; x_wconf 93' lang='lat' dir='ltr'><strong>ille</strong></span> <span class='ocrx_word' id='word_1_103' title='bbox 1224 1461 1431 1503; x_wconf 89' lang='lat' dir='ltr'><strong>recedens</strong></span> 
     </span>
     <span class='ocr_line' id='line_1_18' title="bbox 203 1527 1277 1578; baseline 0 -10"><span class='ocrx_word' id='word_1_104' title='bbox 203 1527 381 1569; x_wconf 89' lang='lat' dir='ltr'><strong>Hastile</strong></span> <span class='ocrx_word' id='word_1_105' title='bbox 401 1528 625 1569; x_wconf 89' lang='lat' dir='ltr'><strong>incussum</strong></span> <span class='ocrx_word' id='word_1_106' title='bbox 643 1528 803 1570; x_wconf 76' lang='lat' dir='ltr'><strong>dextra</strong></span> <span class='ocrx_word' id='word_1_107' title='bbox 823 1528 1047 1569; x_wconf 90' lang='lat' dir='ltr'><strong>obnitente</strong></span> <span class='ocrx_word' id='word_1_108' title='bbox 1067 1527 1277 1578; x_wconf 89' lang='lat' dir='ltr'><strong>retardat,</strong></span> 
     </span>
     <span class='ocr_line' id='line_1_19' title="bbox 202 1595 1395 1649; baseline 0 -13"><span class='ocrx_word' id='word_1_109' title='bbox 202 1595 254 1636; x_wconf 93' lang='lat' dir='ltr'><strong>In</strong></span> <span class='ocrx_word' id='word_1_110' title='bbox 274 1595 444 1636; x_wconf 87' lang='lat' dir='ltr'><strong>turbam</strong></span> <span class='ocrx_word' id='word_1_111' title='bbox 466 1595 657 1645; x_wconf 86' lang='lat' dir='ltr'><strong>offendit,</strong></span> <span class='ocrx_word' id='word_1_112' title='bbox 680 1595 941 1649; x_wconf 91' lang='lat' dir='ltr'><strong>sociumque</strong></span> <span class='ocrx_word' id='word_1_113' title='bbox 958 1595 1168 1649; x_wconf 86' lang='lat' dir='ltr'><strong>Lycaona</strong></span> <span class='ocrx_word' id='word_1_114' title='bbox 1189 1607 1395 1648; x_wconf 75' lang='lat' dir='ltr'><strong>praeceps</strong></span> 
     </span>
     <span class='ocr_line' id='line_1_20' title="bbox 202 1661 1343 1715; baseline 0 -13"><span class='ocrx_word' id='word_1_115' title='bbox 202 1661 361 1703; x_wconf 89' lang='lat' dir='ltr'><strong>Obruit</strong></span> <span class='ocrx_word' id='word_1_116' title='bbox 378 1675 388 1703; x_wconf 78' lang='lat' dir='ltr'><em>z</em></span> <span class='ocrx_word' id='word_1_117' title='bbox 418 1661 659 1715; x_wconf 89' lang='lat' dir='ltr'><strong>insequitur</strong></span> <span class='ocrx_word' id='word_1_118' title='bbox 680 1662 840 1711; x_wconf 89' lang='lat' dir='ltr'><strong>victor,</strong></span> <span class='ocrx_word' id='word_1_119' title='bbox 860 1661 1162 1715; x_wconf 87' lang='lat' dir='ltr'><strong>prolapsaque</strong></span> <span class='ocrx_word' id='word_1_120' title='bbox 1185 1662 1343 1702; x_wconf 89' lang='lat' dir='ltr'><strong>transit</strong></span> 
     </span>
     <span class='ocr_line' id='line_1_21' title="bbox 202 1729 1318 1779; baseline -0.003 -9"><span class='ocrx_word' id='word_1_121' title='bbox 202 1729 402 1779; x_wconf 86' lang='lat' dir='ltr'><strong>Pectora,</strong></span> <span class='ocrx_word' id='word_1_122' title='bbox 423 1732 652 1770; x_wconf 85' lang='lat' dir='ltr'><strong>consortes</strong></span> <span class='ocrx_word' id='word_1_123' title='bbox 670 1729 846 1770; x_wconf 89' lang='lat' dir='ltr'><strong>mittens</strong></span> <span class='ocrx_word' id='word_1_124' title='bbox 869 1729 924 1769; x_wconf 88' lang='lat' dir='ltr'><strong>ad</strong></span> <span class='ocrx_word' id='word_1_125' title='bbox 944 1729 1132 1771; x_wconf 85' lang='lat' dir='ltr'><strong>Tartara</strong></span> <span class='ocrx_word' id='word_1_126' title='bbox 1152 1740 1318 1769; x_wconf 86' lang='lat' dir='ltr'><strong>manes.</strong></span> 
     </span>
     <span class='ocr_line' id='line_1_22' title="bbox 257 1795 1270 1850; baseline 0 -15"><span class='ocrx_word' id='word_1_127' title='bbox 257 1795 433 1836; x_wconf 87' lang='lat' dir='ltr'><strong>Troilus</strong></span> <span class='ocrx_word' id='word_1_128' title='bbox 455 1795 610 1837; x_wconf 88' lang='lat' dir='ltr'><strong>Ideam</strong></span> <span class='ocrx_word' id='word_1_129' title='bbox 627 1796 806 1850; x_wconf 90' lang='lat' dir='ltr'><strong>rapiens</strong></span> <span class='ocrx_word' id='word_1_130' title='bbox 825 1809 904 1850; x_wconf 90' lang='lat' dir='ltr'><strong>per</strong></span> <span class='ocrx_word' id='word_1_131' title='bbox 924 1796 1077 1850; x_wconf 79' lang='lat' dir='ltr'><strong>praelia</strong></span> <span class='ocrx_word' id='word_1_132' title='bbox 1095 1795 1270 1836; x_wconf 88' lang='lat' dir='ltr'><strong>clavam</strong></span> 
     </span>
     <span class='ocr_line' id='line_1_23' title="bbox 203 1861 1253 1917; baseline 0.001 -15"><span class='ocrx_word' id='word_1_133' title='bbox 203 1861 511 1916; x_wconf 88' lang='lat' dir='ltr'><strong>Myrmidonas</strong></span> <span class='ocrx_word' id='word_1_134' title='bbox 532 1868 706 1917; x_wconf 87' lang='lat' dir='ltr'><strong>septem</strong></span> <span class='ocrx_word' id='word_1_135' title='bbox 727 1864 825 1905; x_wconf 91' lang='lat' dir='ltr'><strong>solo</strong></span> <span class='ocrx_word' id='word_1_136' title='bbox 846 1864 1063 1905; x_wconf 91' lang='lat' dir='ltr'><strong>consumit</strong></span> <span class='ocrx_word' id='word_1_137' title='bbox 1083 1863 1129 1903; x_wconf 93' lang='lat' dir='ltr'><strong>in</strong></span> <span class='ocrx_word' id='word_1_138' title='bbox 1149 1863 1253 1912; x_wconf 90' lang='lat' dir='ltr'><strong>ictu,</strong></span> 
     </span>
     <span class='ocr_line' id='line_1_24' title="bbox 201 1929 1294 1984; baseline -0.002 -14"><span class='ocrx_word' id='word_1_139' title='bbox 201 1929 351 1983; x_wconf 91' lang='lat' dir='ltr'><strong>Atque</strong></span> <span class='ocrx_word' id='word_1_140' title='bbox 373 1930 484 1971; x_wconf 89' lang='lat' dir='ltr'><strong>alios</strong></span> <span class='ocrx_word' id='word_1_141' title='bbox 501 1934 684 1984; x_wconf 85' lang='lat' dir='ltr'><strong>septem,</strong></span> <span class='ocrx_word' id='word_1_142' title='bbox 706 1931 746 1971; x_wconf 90' lang='lat' dir='ltr'><strong>si</strong></span> <span class='ocrx_word' id='word_1_143' title='bbox 764 1935 938 1984; x_wconf 90' lang='lat' dir='ltr'><strong>septem</strong></span> <span class='ocrx_word' id='word_1_144' title='bbox 956 1931 1070 1972; x_wconf 87' lang='lat' dir='ltr'><strong>forte</strong></span> <span class='ocrx_word' id='word_1_145' title='bbox 1092 1929 1294 1978; x_wconf 88' lang='lat' dir='ltr'><strong>fuissent,</strong></span> 
     </span>
     <span class='ocr_line' id='line_1_25' title="bbox 203 1995 1384 2052; baseline -0.001 -16"><span class='ocrx_word' id='word_1_146' title='bbox 203 1996 508 2038; x_wconf 86' lang='lat' dir='ltr'><strong>Proturbasset</strong></span> <span class='ocrx_word' id='word_1_147' title='bbox 528 2010 679 2050; x_wconf 85' lang='lat' dir='ltr'><strong>agens,</strong></span> <span class='ocrx_word' id='word_1_148' title='bbox 701 1998 940 2052; x_wconf 91' lang='lat' dir='ltr'><strong>ipsumque</strong></span> <span class='ocrx_word' id='word_1_149' title='bbox 961 1998 1141 2039; x_wconf 88' lang='lat' dir='ltr'><strong>ardebat</strong></span> <span class='ocrx_word' id='word_1_150' title='bbox 1159 1995 1384 2037; x_wconf 86' lang='lat' dir='ltr'><strong>Achillem</strong></span> 
     </span>
     <span class='ocr_line' id='line_1_26' title="bbox 205 2062 1371 2107; baseline 0 -4"><span class='ocrx_word' id='word_1_151' title='bbox 205 2062 333 2104; x_wconf 87' lang='lat' dir='ltr'><strong>Ferre</strong></span> <span class='ocrx_word' id='word_1_152' title='bbox 353 2076 507 2104; x_wconf 91' lang='lat' dir='ltr'><strong>manus</strong></span> <span class='ocrx_word' id='word_1_153' title='bbox 529 2069 707 2106; x_wconf 86' lang='lat' dir='ltr'><strong>contra:</strong></span> <span class='ocrx_word' id='word_1_154' title='bbox 740 2065 819 2106; x_wconf 90' lang='lat' dir='ltr'><strong>sed</strong></span> <span class='ocrx_word' id='word_1_155' title='bbox 841 2070 910 2107; x_wconf 91' lang='lat' dir='ltr'><strong>tot</strong></span> <span class='ocrx_word' id='word_1_156' title='bbox 930 2070 1118 2107; x_wconf 90' lang='lat' dir='ltr'><strong>centena</strong></span> <span class='ocrx_word' id='word_1_157' title='bbox 1138 2063 1371 2105; x_wconf 88' lang='lat' dir='ltr'><strong>cadentum</strong></span> 
     </span>
    </p>
   </div>
   <div class='ocr_carea' id='block_1_3' title="bbox 854 2184 995 2217">
    <p class='ocr_par' dir='ltr' id='par_1_3' title="bbox 854 2184 995 2217">
     <span class='ocr_line' id='line_1_27' title="bbox 854 2184 995 2217; baseline -0.007 0"><span class='ocrx_word' id='word_1_158' title='bbox 854 2184 995 2217; x_wconf 87' lang='lat' dir='ltr'>NOTAE</span> 
     </span>
    </p>
   </div>
   <div class='ocr_carea' id='block_1_4' title="bbox 1559 353 1646 499">
    <p class='ocr_par' dir='ltr' id='par_1_4' title="bbox 1559 353 1646 499">
     <span class='ocr_line' id='line_1_28' title="bbox 1561 353 1646 394; baseline 0.012 -1"><span class='ocrx_word' id='word_1_159' title='bbox 1561 353 1646 394; x_wconf 83' lang='lat'><strong>517</strong></span> 
     </span>
     <span class='ocr_line' id='line_1_29' title="bbox 1559 458 1645 499; baseline 0 0"><span class='ocrx_word' id='word_1_160' title='bbox 1559 458 1645 499; x_wconf 84' lang='lat'><strong>395</strong></span> 
     </span>
    </p>
   </div>
   <div class='ocr_carea' id='block_1_5' title="bbox 1562 793 1647 834">
    <p class='ocr_par' dir='ltr' id='par_1_5' title="bbox 1562 793 1647 834">
     <span class='ocr_line' id='line_1_30' title="bbox 1562 793 1647 834; baseline 0 -1"><span class='ocrx_word' id='word_1_161' title='bbox 1562 793 1647 834; x_wconf 87' lang='grc'><strong>400</strong></span> 
     </span>
    </p>
   </div>
   <div class='ocr_carea' id='block_1_6' title="bbox 1564 1460 1649 1500">
    <p class='ocr_par' dir='ltr' id='par_1_6' title="bbox 1564 1460 1649 1500">
     <span class='ocr_line' id='line_1_31' title="bbox 1564 1460 1649 1500; baseline 0 0"><span class='ocrx_word' id='word_1_162' title='bbox 1564 1460 1649 1500; x_wconf 89' lang='grc'><strong>410</strong></span> 
     </span>
    </p>
   </div>
   <div class='ocr_carea' id='block_1_7' title="bbox 202 2244 1651 2487">
    <p class='ocr_par' dir='ltr' id='par_1_7' title="bbox 202 2244 1651 2487">
     <span class='ocr_line' id='line_1_32' title="bbox 202 2244 1648 2287; baseline -0.001 -10"><span class='ocrx_word' id='word_1_163' title='bbox 202 2247 264 2286; x_wconf 87' lang='lat' dir='ltr'><strong>ait,</strong></span> <span class='ocrx_word' id='word_1_164' title='bbox 290 2250 299 2264; x_wconf 92' lang='lat'>‘</span> <span class='ocrx_word' id='word_1_165' title='bbox 316 2255 448 2277; x_wconf 86' lang='lat' dir='ltr'><strong>omnem</strong></span> <span class='ocrx_word' id='word_1_166' title='bbox 464 2246 627 2287; x_wconf 82' lang='lat' dir='ltr'><strong>majorem</strong></span> <span class='ocrx_word' id='word_1_167' title='bbox 639 2246 797 2279; x_wconf 84' lang='lat' dir='ltr'><strong>honorem</strong></span> <span class='ocrx_word' id='word_1_168' title='bbox 813 2248 898 2279; x_wconf 83' lang='lat' dir='ltr'><strong>dex·</strong></span> <span class='ocrx_word' id='word_1_169' title='bbox 993 2250 1057 2279; x_wconf 82' lang='grc'><strong>404</strong></span> <span class='ocrx_word' id='word_1_170' title='bbox 1081 2247 1246 2287; x_wconf 77' lang='lat' dir='ltr'><strong>Supremos</strong></span> <span class='ocrx_word' id='word_1_171' title='bbox 1261 2245 1417 2286; x_wconf 82' lang='lat' dir='ltr'><strong>speculata</strong></span> <span class='ocrx_word' id='word_1_172' title='bbox 1438 2245 1515 2281; x_wconf 82' lang='lat' dir='ltr'><strong>dies,</strong></span> <span class='ocrx_word' id='word_1_173' title='bbox 1530 2244 1648 2286; x_wconf 77' lang='lat' dir='ltr'><strong>obitus]</strong></span> 
     </span>
     <span class='ocr_line' id='line_1_33' title="bbox 204 2295 1649 2339; baseline -0.001 -12"><span class='ocrx_word' id='word_1_174' title='bbox 204 2302 354 2328; x_wconf 84' lang='lat' dir='ltr'><strong>terarum</strong></span> <span class='ocrx_word' id='word_1_175' title='bbox 370 2296 562 2327; x_wconf 70' lang='lat' dir='ltr'><strong>constitisse</strong></span> <span class='ocrx_word' id='word_1_176' title='bbox 578 2296 717 2337; x_wconf 90' lang='lat' dir='ltr'><strong>virtute,</strong></span> <span class='ocrx_word' id='word_1_177' title='bbox 733 2298 776 2329; x_wconf 92' lang='lat' dir='ltr'><strong>ob</strong></span> <span class='ocrx_word' id='word_1_178' title='bbox 797 2307 897 2339; x_wconf 90' lang='lat' dir='ltr'><strong>quam</strong></span> <span class='ocrx_word' id='word_1_179' title='bbox 951 2298 1061 2329; x_wconf 87' lang='lat' dir='ltr'><strong>Plane</strong></span> <span class='ocrx_word' id='word_1_180' title='bbox 1082 2297 1165 2328; x_wconf 86' lang='lat' dir='ltr'><strong>illud</strong></span> <span class='ocrx_word' id='word_1_181' title='bbox 1193 2307 1236 2327; x_wconf 90' lang='lat' dir='ltr'><strong>ex</strong></span> <span class='ocrx_word' id='word_1_182' title='bbox 1263 2301 1337 2327; x_wconf 85' lang='lat' dir='ltr'><strong>arte</strong></span> <span class='ocrx_word' id='word_1_183' title='bbox 1358 2295 1543 2327; x_wconf 70' lang='lat' dir='ltr'><strong>Poetarum</strong></span> <span class='ocrx_word' id='word_1_184' title='bbox 1560 2306 1568 2326; x_wconf 70' lang='grc' dir='ltr'><strong><em>ι</em></strong></span> <span class='ocrx_word' id='word_1_185' title='bbox 1592 2304 1649 2326; x_wconf 86' lang='lat' dir='ltr'><strong>ex—</strong></span> 
     </span>
     <span class='ocr_line' id='line_1_34' title="bbox 203 2344 1651 2388; baseline -0.001 -11"><span class='ocrx_word' id='word_1_186' title='bbox 203 2356 274 2377; x_wconf 84' lang='lat' dir='ltr'><strong>rem</strong></span> <span class='ocrx_word' id='word_1_187' title='bbox 290 2356 325 2377; x_wconf 86' lang='lat' dir='ltr'><strong>se</strong></span> <span class='ocrx_word' id='word_1_188' title='bbox 347 2346 380 2377; x_wconf 90' lang='lat' dir='ltr'><strong>in</strong></span> <span class='ocrx_word' id='word_1_189' title='bbox 399 2346 656 2378; x_wconf 79' lang='lat' dir='ltr'><strong>salutationibus</strong></span> <span class='ocrx_word' id='word_1_190' title='bbox 672 2347 735 2378; x_wconf 88' lang='lat' dir='ltr'><strong>hac</strong></span> <span class='ocrx_word' id='word_1_191' title='bbox 759 2357 897 2379; x_wconf 86' lang='lat' dir='ltr'><strong>venera·</strong></span> <span class='ocrx_word' id='word_1_192' title='bbox 952 2347 1063 2388; x_wconf 81' lang='lat' dir='ltr'><strong>empta</strong></span> <span class='ocrx_word' id='word_1_193' title='bbox 1078 2346 1168 2386; x_wconf 86' lang='lat' dir='ltr'><strong>apud</strong></span> <span class='ocrx_word' id='word_1_194' title='bbox 1187 2346 1388 2384; x_wconf 89' lang='lat' dir='ltr'><strong>Homerum,</strong></span> <span class='ocrx_word' id='word_1_195' title='bbox 1403 2344 1598 2384; x_wconf 83' lang='lat' dir='ltr'><strong>Virgilium,</strong></span> <span class='ocrx_word' id='word_1_196' title='bbox 1614 2350 1651 2376; x_wconf 86' lang='lat' dir='ltr'><strong>et</strong></span> 
     </span>
     <span class='ocr_line' id='line_1_35' title="bbox 203 2394 1651 2438; baseline -0.001 -10"><span class='ocrx_word' id='word_1_197' title='bbox 203 2397 327 2428; x_wconf 87' lang='lat' dir='ltr'><strong>bantur</strong></span> <span class='ocrx_word' id='word_1_198' title='bbox 355 2396 508 2437; x_wconf 86' lang='lat' dir='ltr'><strong>corporis</strong></span> <span class='ocrx_word' id='word_1_199' title='bbox 532 2396 653 2437; x_wconf 87' lang='lat' dir='ltr'><strong>parte.&#39;</strong></span> <span class='ocrx_word' id='word_1_200' title='bbox 706 2397 796 2429; x_wconf 89' lang='lat' dir='ltr'><strong>Vide</strong></span> <span class='ocrx_word' id='word_1_201' title='bbox 824 2398 897 2429; x_wconf 87' lang='lat' dir='ltr'><strong>Rit-</strong></span> <span class='ocrx_word' id='word_1_202' title='bbox 952 2396 1136 2438; x_wconf 80' lang='lat' dir='ltr'><strong>Papinium</strong></span> <span class='ocrx_word' id='word_1_203' title='bbox 1157 2394 1361 2427; x_wconf 85' lang='lat' dir='ltr'><strong>manifesta:</strong></span> <span class='ocrx_word' id='word_1_204' title='bbox 1398 2395 1592 2426; x_wconf 86' lang='lat' dir='ltr'><strong>observavit</strong></span> <span class='ocrx_word' id='word_1_205' title='bbox 1616 2395 1651 2426; x_wconf 86' lang='lat' dir='ltr'><strong>id</strong></span> 
     </span>
     <span class='ocr_line' id='line_1_36' title="bbox 203 2444 1650 2487; baseline -0.001 -9"><span class='ocrx_word' id='word_1_206' title='bbox 203 2447 408 2479; x_wconf 88' lang='lat' dir='ltr'><strong>tershusium</strong></span> <span class='ocrx_word' id='word_1_207' title='bbox 423 2446 466 2477; x_wconf 87' lang='lat' dir='ltr'><strong>ad</strong></span> <span class='ocrx_word' id='word_1_208' title='bbox 480 2446 692 2478; x_wconf 85' lang='lat' dir='ltr'><strong>Guntherum</strong></span> <span class='ocrx_word' id='word_1_209' title='bbox 706 2450 849 2479; x_wconf 79' lang='lat' dir='ltr'><strong>Vln.53.</strong></span> <span class='ocrx_word' id='word_1_210' title='bbox 863 2452 899 2479; x_wconf 87' lang='lat' dir='ltr'><strong>et</strong></span> <span class='ocrx_word' id='word_1_211' title='bbox 952 2456 1093 2487; x_wconf 83' lang='lat' dir='ltr'><strong>magnus</strong></span> <span class='ocrx_word' id='word_1_212' title='bbox 1118 2446 1272 2487; x_wconf 85' lang='lat' dir='ltr'><strong>Scaliger</strong></span> <span class='ocrx_word' id='word_1_213' title='bbox 1296 2446 1330 2476; x_wconf 94' lang='lat' dir='ltr'><strong>in</strong></span> <span class='ocrx_word' id='word_1_214' title='bbox 1355 2445 1471 2476; x_wconf 86' lang='lat' dir='ltr'><strong>divina</strong></span> <span class='ocrx_word' id='word_1_215' title='bbox 1485 2454 1545 2476; x_wconf 83' lang='lat' dir='ltr'><strong>sua</strong></span> <span class='ocrx_word' id='word_1_216' title='bbox 1560 2444 1650 2476; x_wconf 73' lang='lat' dir='ltr'><strong>Poe-</strong></span> 
     </span>
    </p>
   </div>
   <div class='ocr_carea' id='block_1_8' title="bbox 203 2496 1033 2538">
    <p class='ocr_par' dir='ltr' id='par_1_8' title="bbox 203 2496 1033 2538">
     <span class='ocr_line' id='line_1_37' title="bbox 203 2496 1033 2538; baseline 0.001 -10"><span class='ocrx_word' id='word_1_217' title='bbox 203 2498 336 2538; x_wconf 82' lang='lat' dir='ltr'><strong>prolixe</strong></span> <span class='ocrx_word' id='word_1_218' title='bbox 353 2496 395 2528; x_wconf 88' lang='lat' dir='ltr'><strong>de</strong></span> <span class='ocrx_word' id='word_1_219' title='bbox 410 2497 473 2528; x_wconf 86' lang='lat' dir='ltr'><strong>hoc</strong></span> <span class='ocrx_word' id='word_1_220' title='bbox 484 2506 577 2527; x_wconf 86' lang='lat' dir='ltr'><strong>more</strong></span> <span class='ocrx_word' id='word_1_221' title='bbox 589 2497 776 2528; x_wconf 83' lang='lat' dir='ltr'><strong>Meursium</strong></span> <span class='ocrx_word' id='word_1_222' title='bbox 790 2498 897 2529; x_wconf 87' lang='lat' dir='ltr'><strong>Exer-</strong></span> <span class='ocrx_word' id='word_1_223' title='bbox 953 2497 1033 2529; x_wconf 87' lang='lat' dir='ltr'><strong>tica.</strong></span> 
     </span>
    </p>
   </div>
   <div class='ocr_carea' id='block_1_9' title="bbox 203 2545 1651 2889">
    <p class='ocr_par' dir='ltr' id='par_1_9' title="bbox 203 2545 1651 2889">
     <span class='ocr_line' id='line_1_38' title="bbox 204 2545 1650 2588; baseline -0.001 -10"><span class='ocrx_word' id='word_1_224' title='bbox 204 2548 302 2579; x_wconf 82' lang='lat' dir='ltr'><strong>citat.</strong></span> <span class='ocrx_word' id='word_1_225' title='bbox 329 2547 449 2579; x_wconf 88' lang='lat' dir='ltr'><strong>Critic.</strong></span> <span class='ocrx_word' id='word_1_226' title='bbox 466 2556 506 2577; x_wconf 88' lang='lat'><strong>11.</strong></span> <span class='ocrx_word' id='word_1_227' title='bbox 526 2549 579 2578; x_wconf 75' lang='lat'><strong>14.</strong></span> <span class='ocrx_word' id='word_1_228' title='bbox 595 2556 629 2587; x_wconf 89' lang='lat' dir='ltr'><strong>p.</strong></span> <span class='ocrx_word' id='word_1_229' title='bbox 646 2549 700 2579; x_wconf 82' lang='lat'><strong>57.</strong></span> <span class='ocrx_word' id='word_1_230' title='bbox 994 2549 1059 2578; x_wconf 81' lang='lat'><strong>416</strong></span> <span class='ocrx_word' id='word_1_231' title='bbox 1086 2545 1304 2588; x_wconf 79' lang='lat' dir='ltr'><strong>Myrmidonas</strong></span> <span class='ocrx_word' id='word_1_232' title='bbox 1325 2549 1441 2587; x_wconf 80' lang='lat' dir='ltr'><strong>septem</strong></span> <span class='ocrx_word' id='word_1_233' title='bbox 1454 2546 1517 2576; x_wconf 86' lang='lat' dir='ltr'><strong>solo</strong></span> <span class='ocrx_word' id='word_1_234' title='bbox 1541 2555 1650 2577; x_wconf 82' lang='lat' dir='ltr'><strong>consu-</strong></span> 
     </span>
     <span class='ocr_line' id='line_1_39' title="bbox 246 2596 1651 2638; baseline 0 -10"><span class='ocrx_word' id='word_1_235' title='bbox 246 2599 310 2628; x_wconf 79' lang='lat'><strong>402</strong></span> <span class='ocrx_word' id='word_1_236' title='bbox 334 2596 433 2628; x_wconf 75' lang='lat' dir='ltr'><strong>Rotat</strong></span> <span class='ocrx_word' id='word_1_237' title='bbox 442 2596 559 2637; x_wconf 79' lang='lat' dir='ltr'><strong>efferus</strong></span> <span class='ocrx_word' id='word_1_238' title='bbox 567 2606 667 2628; x_wconf 79' lang='lat' dir='ltr'><strong>ensem</strong></span> <span class='ocrx_word' id='word_1_239' title='bbox 678 2596 813 2637; x_wconf 79' lang='lat' dir='ltr'><strong>Hector]</strong></span> <span class='ocrx_word' id='word_1_240' title='bbox 822 2597 899 2628; x_wconf 89' lang='lat' dir='ltr'><strong>Vir·</strong></span> <span class='ocrx_word' id='word_1_241' title='bbox 952 2598 1011 2629; x_wconf 85' lang='lat' dir='ltr'><strong>mit</strong></span> <span class='ocrx_word' id='word_1_242' title='bbox 1021 2598 1054 2628; x_wconf 83' lang='lat' dir='ltr'><strong>in</strong></span> <span class='ocrx_word' id='word_1_243' title='bbox 1069 2598 1145 2637; x_wconf 81' lang='lat' dir='ltr'><strong>ictu,</strong></span> <span class='ocrx_word' id='word_1_244' title='bbox 1157 2598 1257 2638; x_wconf 81' lang='lat' dir='ltr'><strong>Atque</strong></span> <span class='ocrx_word' id='word_1_245' title='bbox 1268 2597 1346 2628; x_wconf 81' lang='lat' dir='ltr'><strong>alios</strong></span> <span class='ocrx_word' id='word_1_246' title='bbox 1355 2600 1482 2636; x_wconf 81' lang='lat' dir='ltr'><strong>septem,</strong></span> <span class='ocrx_word' id='word_1_247' title='bbox 1492 2597 1521 2627; x_wconf 87' lang='lat' dir='ltr'><strong>sz&#39;</strong></span> <span class='ocrx_word' id='word_1_248' title='bbox 1534 2601 1651 2637; x_wconf 80' lang='lat' dir='ltr'><strong>septem</strong></span> 
     </span>
     <span class='ocr_line' id='line_1_40' title="bbox 203 2645 1651 2688; baseline -0.001 -10"><span class='ocrx_word' id='word_1_249' title='bbox 203 2647 261 2687; x_wconf 83' lang='lat' dir='ltr'><strong>gil.</strong></span> <span class='ocrx_word' id='word_1_250' title='bbox 279 2656 315 2678; x_wconf 87' lang='lat' dir='ltr'><strong>x.</strong></span> <span class='ocrx_word' id='word_1_251' title='bbox 350 2646 525 2678; x_wconf 86' lang='lat' dir='ltr'><strong>‘strictum</strong></span> <span class='ocrx_word' id='word_1_252' title='bbox 543 2651 633 2678; x_wconf 89' lang='lat' dir='ltr'><strong>rotat</strong></span> <span class='ocrx_word' id='word_1_253' title='bbox 648 2657 728 2678; x_wconf 87' lang='lat' dir='ltr'><strong>acer</strong></span> <span class='ocrx_word' id='word_1_254' title='bbox 743 2648 900 2688; x_wconf 86' lang='lat' dir='ltr'><strong>Lucagus</strong></span> <span class='ocrx_word' id='word_1_255' title='bbox 944 2646 1034 2685; x_wconf 83' lang='lat' dir='ltr'><strong>sorte</strong></span> <span class='ocrx_word' id='word_1_256' title='bbox 1046 2646 1200 2687; x_wconf 78' lang='lat' dir='ltr'><strong>fuissent]</strong></span> <span class='ocrx_word' id='word_1_257' title='bbox 1221 2647 1276 2678; x_wconf 83' lang='grc' dir='ltr'><strong>Ὦς</strong></span> <span class='ocrx_word' id='word_1_258' title='bbox 1288 2645 1457 2687; x_wconf 84' lang='grc' dir='ltr'><strong><em>μύρμηκας.</em></strong></span> <span class='ocrx_word' id='word_1_259' title='bbox 1501 2646 1651 2678; x_wconf 87' lang='lat' dir='ltr'><strong>Juvena-</strong></span> 
     </span>
     <span class='ocr_line' id='line_1_41' title="bbox 203 2695 1648 2736; baseline 0 -9"><span class='ocrx_word' id='word_1_260' title='bbox 203 2696 405 2736; x_wconf 80' lang='lat' dir='ltr'><strong>ensem,&#39;rx.</strong></span> <span class='ocrx_word' id='word_1_261' title='bbox 430 2695 440 2712; x_wconf 93' lang='lat'>‘</span> <span class='ocrx_word' id='word_1_262' title='bbox 454 2696 559 2727; x_wconf 88' lang='lat' dir='ltr'><strong>instat</strong></span> <span class='ocrx_word' id='word_1_263' title='bbox 569 2706 634 2727; x_wconf 92' lang='lat' dir='ltr'><strong>non</strong></span> <span class='ocrx_word' id='word_1_264' title='bbox 648 2696 783 2736; x_wconf 78' lang='lat' dir='ltr'><strong>segnius</strong></span> <span class='ocrx_word' id='word_1_265' title='bbox 799 2701 835 2728; x_wconf 89' lang='lat' dir='ltr'><strong>et</strong></span> <span class='ocrx_word' id='word_1_266' title='bbox 848 2706 899 2728; x_wconf 86' lang='lat' dir='ltr'><strong>ro·</strong></span> <span class='ocrx_word' id='word_1_267' title='bbox 954 2697 995 2729; x_wconf 91' lang='lat' dir='ltr'><strong>lis</strong></span> <span class='ocrx_word' id='word_1_268' title='bbox 1011 2703 1061 2728; x_wconf 84' lang='lat' dir='ltr'><strong>est</strong></span> <span class='ocrx_word' id='word_1_269' title='bbox 1076 2697 1242 2729; x_wconf 85' lang='lat' dir='ltr'><strong>imitatio:</strong></span> <span class='ocrx_word' id='word_1_270' title='bbox 1266 2697 1275 2713; x_wconf 83' lang='lat'><strong><em>⁴</em></strong></span> <span class='ocrx_word' id='word_1_271' title='bbox 1288 2698 1381 2727; x_wconf 83' lang='lat' dir='ltr'><strong>Tune</strong></span> <span class='ocrx_word' id='word_1_272' title='bbox 1398 2696 1481 2727; x_wconf 87' lang='lat' dir='ltr'><strong>duos</strong></span> <span class='ocrx_word' id='word_1_273' title='bbox 1494 2705 1572 2735; x_wconf 88' lang='lat' dir='ltr'><strong>una,</strong></span> <span class='ocrx_word' id='word_1_274' title='bbox 1589 2706 1648 2727; x_wconf 77' lang='lat' dir='ltr'><strong>sae-</strong></span> 
     </span>
     <span class='ocr_line' id='line_1_42' title="bbox 204 2746 1649 2788; baseline -0.001 -11"><span class='ocrx_word' id='word_1_275' title='bbox 204 2751 255 2777; x_wconf 83' lang='lat' dir='ltr'><strong>tat</strong></span> <span class='ocrx_word' id='word_1_276' title='bbox 270 2756 386 2777; x_wconf 87' lang='lat' dir='ltr'><strong>ensem</strong></span> <span class='ocrx_word' id='word_1_277' title='bbox 400 2746 633 2778; x_wconf 68' lang='lat' dir='ltr'><strong>Fulmineum!</strong></span> <span class='ocrx_word' id='word_1_278' title='bbox 679 2747 804 2779; x_wconf 80' lang='lat' dir='ltr'><strong>Lucan.</strong></span> <span class='ocrx_word' id='word_1_279' title='bbox 818 2756 899 2780; x_wconf 83' lang='lat' dir='ltr'><strong>vm.</strong></span> <span class='ocrx_word' id='word_1_280' title='bbox 955 2747 1092 2778; x_wconf 86' lang='lat' dir='ltr'><strong>vissima</strong></span> <span class='ocrx_word' id='word_1_281' title='bbox 1115 2748 1246 2788; x_wconf 82' lang='lat' dir='ltr'><strong>vipera,</strong></span> <span class='ocrx_word' id='word_1_282' title='bbox 1269 2748 1391 2778; x_wconf 79' lang='lat' dir='ltr'><strong>coena?</strong></span> <span class='ocrx_word' id='word_1_283' title='bbox 1416 2747 1514 2777; x_wconf 87' lang='lat' dir='ltr'><strong>Tune</strong></span> <span class='ocrx_word' id='word_1_284' title='bbox 1539 2747 1649 2777; x_wconf 86' lang='lat' dir='ltr'><strong>duos?</strong></span> 
     </span>
     <span class='ocr_line' id='line_1_43' title="bbox 203 2796 1574 2838; baseline 0.001 -12"><span class='ocrx_word' id='word_1_285' title='bbox 203 2797 213 2813; x_wconf 92' lang='lat'>‘</span> <span class='ocrx_word' id='word_1_286' title='bbox 229 2796 375 2827; x_wconf 88' lang='lat' dir='ltr'><strong>nondum</strong></span> <span class='ocrx_word' id='word_1_287' title='bbox 397 2797 479 2827; x_wconf 86' lang='lat' dir='ltr'><strong>artis</strong></span> <span class='ocrx_word' id='word_1_288' title='bbox 499 2802 574 2828; x_wconf 88' lang='lat' dir='ltr'><strong>erat</strong></span> <span class='ocrx_word' id='word_1_289' title='bbox 602 2802 707 2837; x_wconf 84' lang='lat' dir='ltr'><strong>caput</strong></span> <span class='ocrx_word' id='word_1_290' title='bbox 736 2805 817 2828; x_wconf 85' lang='lat' dir='ltr'><strong>ense</strong></span> <span class='ocrx_word' id='word_1_291' title='bbox 848 2808 898 2829; x_wconf 90' lang='lat' dir='ltr'><strong>ro·</strong></span> <span class='ocrx_word' id='word_1_292' title='bbox 955 2803 1100 2838; x_wconf 80' lang='lat' dir='ltr'><strong>septem,</strong></span> <span class='ocrx_word' id='word_1_293' title='bbox 1118 2799 1145 2829; x_wconf 85' lang='lat' dir='ltr'><strong>si</strong></span> <span class='ocrx_word' id='word_1_294' title='bbox 1160 2801 1291 2838; x_wconf 83' lang='lat' dir='ltr'><strong>septem</strong></span> <span class='ocrx_word' id='word_1_295' title='bbox 1308 2796 1396 2828; x_wconf 86' lang='lat' dir='ltr'><strong>forte</strong></span> <span class='ocrx_word' id='word_1_296' title='bbox 1409 2796 1574 2828; x_wconf 63' lang='lat' dir='ltr'><strong>fuissent!</strong></span> 
     </span>
     <span class='ocr_line' id='line_1_44' title="bbox 205 2845 1648 2889; baseline 0.002 -12"><span class='ocrx_word' id='word_1_297' title='bbox 205 2845 301 2878; x_wconf 63' lang='lat' dir='ltr'><strong>tarel</strong></span> <span class='ocrx_word' id='word_1_298' title='bbox 345 2846 445 2877; x_wconf 84' lang='lat' dir='ltr'><strong>Silius</strong></span> <span class='ocrx_word' id='word_1_299' title='bbox 472 2855 521 2877; x_wconf 81' lang='lat' dir='ltr'><strong>iv.</strong></span> <span class='ocrx_word' id='word_1_300' title='bbox 544 2846 812 2889; x_wconf 82' lang='lat' dir='ltr'><strong>‘adversumque</strong></span> <span class='ocrx_word' id='word_1_301' title='bbox 827 2848 899 2879; x_wconf 87' lang='lat' dir='ltr'><strong>viro</strong></span> <span class='ocrx_word' id='word_1_302' title='bbox 995 2851 1060 2880; x_wconf 82' lang='grc'><strong>419</strong></span> <span class='ocrx_word' id='word_1_303' title='bbox 1083 2849 1147 2880; x_wconf 86' lang='lat' dir='ltr'><strong>Sed</strong></span> <span class='ocrx_word' id='word_1_304' title='bbox 1172 2852 1219 2880; x_wconf 86' lang='lat' dir='ltr'><strong>tot</strong></span> <span class='ocrx_word' id='word_1_305' title='bbox 1240 2853 1368 2881; x_wconf 81' lang='lat' dir='ltr'><strong>centena</strong></span> <span class='ocrx_word' id='word_1_306' title='bbox 1393 2850 1556 2880; x_wconf 79' lang='lat' dir='ltr'><strong>cadentum</strong></span> <span class='ocrx_word' id='word_1_307' title='bbox 1571 2849 1648 2881; x_wconf 77' lang='lat' dir='ltr'><strong>Mil-</strong></span> 
     </span>
    </p>
   </div>
   <div class='ocr_carea' id='block_1_10' title="bbox 206 2897 1209 2940">
    <p class='ocr_par' dir='ltr' id='par_1_10' title="bbox 206 2897 1209 2940">
     <span class='ocr_line' id='line_1_45' title="bbox 206 2897 1209 2940; baseline 0.004 -13"><span class='ocrx_word' id='word_1_308' title='bbox 206 2901 294 2928; x_wconf 81' lang='lat' dir='ltr'><strong>rotat</strong></span> <span class='ocrx_word' id='word_1_309' title='bbox 309 2897 426 2929; x_wconf 87' lang='lat' dir='ltr'><strong>obvius</strong></span> <span class='ocrx_word' id='word_1_310' title='bbox 443 2897 579 2930; x_wconf 61' lang='lat' dir='ltr'><strong>ensem?</strong></span> <span class='ocrx_word' id='word_1_311' title='bbox 954 2899 1010 2940; x_wconf 79' lang='lat' dir='ltr'><strong>lta]</strong></span> <span class='ocrx_word' id='word_1_312' title='bbox 1033 2900 1121 2932; x_wconf 83' lang='lat' dir='ltr'><strong>Vide</strong></span> <span class='ocrx_word' id='word_1_313' title='bbox 1135 2902 1209 2931; x_wconf 80' lang='lat'>381.</span> 
     </span>
    </p>
   </div>
  </div>
 </body>
</html>
