1889 3194
337 304 422 346 624

341 409 418 440 NB.
443 409 482 441 In
500 410 631 441 Darete
657 410 858 441 vitiosissimi
877 415 956 441 sunt
974 420 1033 441 nn-

338 460 530 500 meri,‘qui
563 460 734 490 adduxere
764 469 867 490 naves
894 469 1033 490 numero

338 508 445 540 12023
470 510 596 540 Deesse
614 510 726 549 itaque
743 509 878 540 nomina
897 509 1032 539 Ducum

336 569 411 590 cnm
428 559 494 590 suis
511 560 682 591 Classibus
698 563 846 600 oportet,
863 564 898 589 ut
922 559 956 589 hi
972 568 1031 590 nu·

336 610 419 640 meri
435 609 497 641 sibi
514 614 685 641 constent.

379 661 396 699 ξ
414 662 452 690 18
472 660 548 690 Toto
571 659 791 700 quinquennio]
818 658 955 689 Excidit
975 658 1030 689 hic

337 708 489 748 Authori,
517 709 606 750 qnod
637 719 739 749 supra
775 710 940 740 retulerat
977 711 1029 740 16.

333 758 344 773 ‘
358 759 431 789 haec
450 759 560 790 omnia
580 764 653 790 toto
674 758 809 790 biennio
833 767 1028 799 praeparan-

334 807 414 839 tur)

375 859 392 898 ᾧ
411 861 450 889 19
473 859 566 890 Irane
577 859 754 896 coelesti,cm
769 859 806 889 ob
827 858 1028 890 mutationem

331 907 428 947 n'e'ris]
458 910 596 940 Phrasis
622 909 768 940 Authori
794 914 909 940 nostro
932 909 1027 940 fami-

331 959 460 990 liariter
478 966 650 1000 usurpata.
676 960 725 991 sic
750 968 788 990 ιι.
824 960 1026 990 ‘Incertum

329 1008 439 1039 alione
460 1018 552 1049 casn,
575 1018 615 1040 an
639 1010 689 1040 nti
710 1009 863 1041 omnibus
887 1009 1025 1041 videba-

330 1059 410 1098 tur,'
425 1062 486 1091 Sec.

375 1110 565 1150 Corporibus
582 1110 783 1151 pertentatis]
806 1119 847 1141 ιι.
863 1113 916 1143 30.
928 1111 939 1128 ‘
957 1110 1023 1141 Sed

329 1168 444 1199 regum
480 1160 590 1192 nullus
626 1169 669 1190 ex
704 1160 765 1191 hoc
791 1161 880 1191 malo
911 1165 1022 1191 atten-

328 1215 417 1240 tatus
453 1209 526 1240 est!
551 1219 605 1241 ιιι.
632 1213 683 1240 ll.
713 1211 754 1240 de
781 1210 874 1241 luctu
905 1210 1021 1241 Achil-

327 1260 366 1289 lis
384 1260 393 1275 ‘
411 1259 494 1290 adeo
511 1261 713 1302 reliquorum
736 1260 864 1291 animos
885 1265 1021 1300 perten-

327 1309 484 1340 tavei-at!

369 1358 544 1399 Promisce]
554 1359 649 1391 Idem
664 1369 702 1391 ac
713 1359 915 1400 promiscue.
929 1360 1019 1392 Gen.

326 1409 430 1441 Noct.
454 1409 528 1442 Att.
551 1419 600 1441 vt.
628 1413 680 1441 14.
718 1414 726 1428 ⁴
742 1410 808 1440 Sed
826 1410 872 1441 ita
890 1415 926 1441 nt
943 1420 1020 1450 pro·

324 1459 427 1490 misce
445 1458 512 1490 dici
528 1459 637 1499 solet:
659 1464 694 1491 et
717 1468 801 1492 xiii.
822 1463 853 1490 9.
878 1462 887 1477 ‘
904 1460 945 1490 de
961 1470 1017 1491 va-

325 1509 382 1540 riis
420 1514 523 1550 atque
563 1509 738 1550 promiscis
777 1509 1018 1551 quaestionibus

323 1558 556 1598 composuit;'
573 1563 608 1590 et
623 1559 713 1590 alibi.

365 1609 436 1639 Deo
446 1608 552 1649 plena]
576 1618 608 1640 v.
627 1611 677 1640 16.
705 1613 713 1626 ‘
731 1607 922 1640 Cassandra
939 1609 1016 1640 Deo

324 1656 464 1697 plena;’
489 1657 647 1697 Justin03
664 1659 673 1675 ‘
687 1657 802 1689 divino
818 1658 940 1698 spiritu
956 1658 1016 1689 im·

324 1707 440 1748 pleta.'

365 1757 564 1797 Iramsatur]
587 1756 714 1789 Justin.
734 1766 837 1788 xmn.
852 1760 881 1788 1.
903 1762 912 1774 ‘
930 1757 1015 1788 Fan-

320 1815 363 1837 no
379 1807 445 1839 fuit
461 1817 545 1838 uxor
567 1808 699 1837 nomine
722 1807 827 1842 fatua,
843 1817 918 1848 quae
933 1807 1015 1837 assi-

321 1856 385 1887 due
401 1857 516 1888 divino
530 1857 654 1898 spiritu
676 1857 827 1897 impleta,
844 1857 936 1887 velut
954 1866 1015 1896 per

319 1904 466 1937 furorem
496 1906 612 1938 futura
635 1906 890 1946 praemonebat:
926 1905 1014 1936 unde

319 1957 426 1988 adime
443 1958 498 1998 qui
514 1957 670 1998 inspirari
684 1956 807 1996 solent,
822 1955 947 1987 fatuari
963 1955 1013 1986 di-

317 2007 463 2038 cuntur.'

360 2056 437 2088 Sine
462 2058 549 2088 modo
577 2057 714 2098 milieiae]
748 2066 789 2088 ιι.
815 2059 868 2088 38.
905 2057 914 2074 ‘
931 2056 1012 2089 Sine

317 2107 416 2138 modo
433 2112 534 2148 atque
558 2107 676 2138 ordine
700 2107 859 2138 Barbaris
884 2108 1011 2139 ruenti-

316 2156 399 2187 bus!
431 2157 508 2187 Hoc
525 2161 597 2188 est:
624 2157 695 2188 sine
712 2156 841 2196 legibus
865 2161 900 2188 et
916 2156 1011 2188 insti—

315 2207 398 2237 tutis
414 2206 626 2237 militaribus.

360 2257 619 2297 Quadripartitur
648 2255 820 2296 exercitus]
849 2256 1010 2288 Barthins

314 2305 375 2346 ait,
402 2311 411 2324 ‘
428 2307 472 2337 ob
497 2305 742 2347 perfectionem
773 2306 850 2337 cubi
875 2306 917 2337 de
943 2316 1009 2347 qno

314 2356 538 2386 consulendus
554 2356 751 2387 Macrobius
766 2362 801 2388 et
821 2358 1009 2389 Favonius:

312 2405 380 2436 Sed
408 2405 450 2436 ad
480 2406 583 2437 cubos
614 2405 800 2447 confugere
829 2417 912 2447 opus
940 2417 1006 2438 non

312 2460 378 2493 est,
402 2465 478 2486 cum
503 2461 538 2487 et
559 2455 657 2486 hodie
680 2455 712 2486 in
729 2459 760 2487 4.
786 2462 898 2496 partes
922 2456 1006 2488 divi·

311 2504 393 2535 (lere
407 2505 643 2547 castra,juxta
657 2509 688 2537 4.
709 2506 864 2538 cardines
879 2507 1007 2548 mundi,

310 2562 382 2585 mos
398 2554 454 2586 sit.

353 2604 371 2644 ξ
399 2607 440 2634 20
472 2603 705 2636 Domuitz'onem
728 2605 928 2648 confirmans]
963 2616 1003 2638 ιι.

309 2656 363 2684 35.
397 2654 675 2686 ‘Domuitionem
704 2656 910 2695 cupiebant!
950 2658 1003 2688 Ex

310 2703 460 2734 Pacuvio
483 2707 518 2734 et
534 2703 722 2736 Philoxeno
739 2706 790 2736 vir
805 2706 925 2738 doctus
945 2717 1003 2738 ex-

310 2754 421 2793 enipia
438 2756 562 2787 attulit.

356 2804 544 2843 Desponsam
566 2805 699 2846 Achilli]
724 2805 830 2846 AEque
856 2808 942 2839 scite
962 2818 1001 2840 ac

308 2850 559 2894 desponsatam,
581 2860 619 2887 ut
638 2861 675 2887 et
698 2857 787 2896 apud
813 2857 952 2889 Sueton.
968 2858 1000 2889 in

510 315 651 347 NOTAE
686 316 948 347 VAmORUM
984 316 1034 346 IN
1071 315 1260 345 Dic'rYM
1295 315 1608 347 CRETENSEM.

1085 409 1174 441 Caes.

1124 459 1202 490 Tum
1215 462 1341 500 propter
1348 459 1488 498 gratiam
1501 457 1645 499 Helenoe]
1669 458 1778 492 Quam

1081 517 1291 539 reversuram
1319 509 1506 549 sperabat:
1537 509 1564 540 si
1589 509 1681 540 enim
1706 509 1777 540 Da-

1080 558 1144 588 reti
1161 558 1311 598 Phrygio
1328 558 1546 598 credendum,
1562 559 1669 590 invita
1680 564 1778 599 rapta

1079 607 1194 639 fuerat
1214 609 1369 647 Helena3
1394 609 1472 640 dum
1497 609 1541 640 de
1566 608 1694 640 Paride
1715 609 1776 649 ait,

1078 659 1088 674 ‘
1105 658 1269 689 Helenam
1299 663 1453 690 moestam
1478 659 1624 699 alloquio
1643 658 1778 700 mitiga·

1078 706 1154 739 vit.’

1121 757 1174 789 An
1190 757 1242 798 ne]
1267 758 1349 798 Leg.
1375 758 1385 774 ‘
1402 757 1454 790 Ac
1470 757 1538 790 ne.’

1121 809 1139 849 ς
1155 811 1193 839 21
1222 809 1314 840 Venti
1327 809 1562 849 atquefulmina
1575 818 1689 849 coepere
1703 817 1775 839 con-

1076 859 1247 900 senescere]
1271 860 1391 891 Florus
1416 869 1471 891 ιιι.
1495 863 1526 893 3.
1557 861 1566 877 ‘
1585 860 1704 891 Donec
1723 859 1773 890 in-

1078 909 1169 940 victa
1198 910 1255 940 illa
1285 910 1394 941 rabies
1419 915 1456 942 et
1485 910 1630 951 impetus
1656 918 1774 941 conse-

1077 964 1234 990 nesceret
1249 959 1274 987 :'
1298 964 1332 990 et
1344 968 1393 991 iv.
1405 961 1437 991 2.
1459 960 1468 975 ‘
1482 959 1531 990 Ut
1543 958 1773 990 ardentissimi

1077 1008 1183 1039 Ducis
1201 1015 1460 1041 consenesceret
1475 1008 1646 1049 impetus!

1119 1059 1193 1099 §22
1218 1059 1402 1091 Reseratum
1423 1063 1469 1091 est
1492 1058 1614 1099 coelum]
1638 1058 1773 1090 Barth}-

1074 1117 1124 1148 uS,
1147 1110 1240 1149 quasi
1263 1114 1506 1140 reserenatum.
1529 1109 1606 1140 Val.
1626 1108 1719 1140 Flac.
1746 1117 1772 1139 1.

1073 1160 1082 1174 ⁴
1100 1157 1249 1189 Emicuit
1266 1163 1416 1189 reserata
1429 1157 1499 1189 dies
1514 1159 1701 1198 coelumque
1721 1166 1773 1188 re-

1073 1207 1196 1238 solvit.'

1115 1258 1132 1298 ξ
1155 1261 1196 1289 23
1226 1258 1452 1299 Ventorumque
1469 1257 1572 1299 flatus
1600 1256 1772 1296 navigandi

1067 1308 1246 1349 prosperos]
1271 1311 1355 1350 Leg.
1380 1306 1616 1349 ‘navigando,’
1643 1316 1690 1338 sc.
1717 1305 1769 1338 fa·

1071 1366 1201 1398 ventes,
1217 1369 1327 1400 neque
1349 1369 1434 1400 opus
1449 1358 1502 1390 hic
1518 1363 1571 1390 est
1590 1366 1666 1389 cum
1683 1357 1768 1387 Bar-

1071 1409 1141 1439 thio
1155 1410 1164 1425 ‘
1179 1408 1279 1439 flatus
1290 1409 1298 1421 ’
1311 1409 1345 1440 in
1358 1410 1367 1426 ‘
1379 1414 1488 1440 status
1499 1407 1509 1422 ’
1520 1411 1653 1439 mutare
1663 1416 1673 1446 ;
1683 1405 1768 1438 illud

1069 1460 1195 1501 quippe
1213 1461 1318 1501 magis
1331 1461 1465 1492 Latium
1481 1459 1580 1500 sapit.

1112 1511 1196 1540 Eum
1216 1510 1326 1550 quippe
1347 1508 1511 1550 optimum]
1533 1506 1690 1539 Barthins
1706 1506 1766 1538 ad·

1068 1569 1157 1591 vere.
1167 1561 1309 1600 p.2692.‘
1317 1558 1766 1600 Eleganter,’inquit,‘omit-

1068 1610 1150 1640 titur
1164 1609 1314 1649 verbum,
1333 1608 1507 1649 putabant,
1528 1607 1710 1646 habebant,
1726 1611 1765 1638 ut

1066 1660 1156 1700 apud
1173 1661 1388 1701 Septimium,
1414 1660 1499 1691 Eum
1525 1659 1653 1700 quippe
1675 1658 1764 1698 opti-

1066 1719 1156 1741 mum
1179 1710 1405 1741 consultorem
1432 1719 1541 1750 suum,
1567 1719 1668 1750 quem
1696 1718 1763 1740 non

1066 1759 1185 1800 secus‚’
1202 1761 1266 1791 &c.
1289 1758 1338 1790 At
1355 1768 1434 1790 vero
1449 1768 1692 1800 supervacuum
1709 1757 1761 1789 fu-

1066 1809 1132 1840 erit
1167 1818 1352 1849 pronomen
1384 1810 1393 1827 ‘
1411 1808 1531 1850 quem’
1569 1808 1624 1840 hic
1653 1809 1762 1840 intru-¹

1065 1858 1168 1898 dere;
1203 1869 1278 1890 cum
1317 1859 1435 1890 melius
1479 1859 1630 1899 impressi
1668 1858 1761 1898 libri,

1064 1909 1074 1925 ‘
1092 1908 1177 1939 Eum
1212 1918 1276 1939 non
1310 1918 1407 1940 secus
1442 1918 1541 1950 quam
1581 1915 1759 1948 parentem

1063 1959 1157 1990 miles
1179 1960 1286 1991 omnis
1309 1959 1531 2000 percolebat.’
1564 1959 1621 1990 Sic
1645 1959 1758 1990 Livius

1063 2018 1103 2040 11.
1129 2009 1172 2040 de
1202 2010 1324 2050 Bruto,
1357 2010 1367 2026 ⁴
1383 2010 1553 2040 Matronae
1575 2018 1697 2040 annum
1720 2013 1758 2039 ut

1063 2065 1239 2100 parentem
1256 2069 1332 2091 eum
1348 2058 1528 2090 luxerunt-⁹

1109 2110 1235 2150 Eorum,
1252 2120 1322 2150 quae
1343 2113 1563 2151 praecessernnt
1583 2109 1661 2140 sutis
1680 2118 1757 2150 pru-

1060 2159 1151 2200 dens]
1184 2161 1212 2191 E
1235 2165 1354 2191 contra
1380 2160 1444 2191 hoc
1466 2159 1525 2191 lib.
1544 2167 1622 2191 xvi.
1660 2161 1670 2178 ‘
1688 2159 1757 2191 Im·

1062 2209 1211 2251 prudens
1225 2209 1421 2250 religionis:

1103 2260 1285 2298 frumenta,
1305 2260 1424 2300 vinum,
1445 2259 1568 2300 aliaque
1580 2258 1640 2290 cibi
1654 2268 1756 2291 neces·

1057 2309 1158 2350 saria]
1186 2311 1267 2350 Leg.
1284 2310 1294 2326 ‘
1308 2310 1499 2350 oleumque,
1515 2309 1582 2341 cibi
1597 2318 1754 2341 necessa-

1058 2360 1119 2390 ria:
1131 2359 1140 2372 ¹
1155 2362 1206 2391 17.
1220 2364 1229 2377 ‘
1243 2360 1316 2390 aliis
1333 2369 1467 2401 quoque
1487 2359 1753 2391 necessariorum

1057 2410 1123 2441 cibi
1139 2410 1294 2451 replent!
1315 2409 1544 2441 Retinnissem
1558 2413 1566 2426 ‘
1580 2409 1659 2440 alia·
1675 2419 1751 2440 cum

1055 2460 1149 2491 libris
1166 2461 1351 2501 impressis,
1369 2460 1431 2491 nisi
1447 2465 1456 2478 ‘
1470 2459 1592 2491 Oleum
1605 2459 1614 2472 '
1628 2468 1751 2491 conve-

1056 2510 1204 2541 nientius
1227 2510 1360 2549 fuerat3
1383 2510 1510 2550 quippe
1534 2518 1608 2540 cum
1624 2518 1666 2540 ex
1684 2509 1748 2549 Ly-

1055 2561 1241 2601 cophrone,
1265 2560 1396 2600 Servio,
1423 2559 1566 2599 aliisque
1600 2563 1749 2594 constat,

1055 2610 1166 2641 datam
1190 2609 1322 2641 filiabus
1347 2608 1426 2640 Anii
1448 2607 1645 2639 facultatem
1667 2616 1747 2638 con-

1054 2659 1221 2694 vertendi,
1244 2658 1405 2701 quicquid
1433 2658 1630 2696 attigerant,
1652 2660 1682 2689 l.
1712 2658 1746 2689 in

1051 2708 1178 2750 fruges,
1195 2713 1227 2741 2.
1243 2711 1278 2741 in
1293 2709 1418 2747 vinnm,
1442 2710 1474 2738 3.
1492 2707 1524 2737 in
1540 2708 1663 2746 oleum,
1679 2717 1745 2739 non

1051 2759 1151 2791 video
1177 2760 1340 2790 rationem
1367 2767 1428 2789 cnr
1451 2757 1621 2788 frumenta
1647 2763 1683 2789 et
1699 2759 1746 2789 vi·

1051 2819 1129 2842 num
1146 2813 1350 2841 memoraret
1362 2809 1494 2848 author,
1507 2809 1645 2839 excluso
1657 2809 1745 2840 oleo.

1097 2859 1293 2900 OEnotropoe]
1319 2859 1415 2892 Licet
1437 2858 1535 2891 unica
1551 2858 1668 2890 saltem
1683 2859 1742 2891 (Ε-
