1889 3194
270 350 355 392 620

270 453 380 493 νὺμους
389 456 455 486 τοῖς
470 453 629 493 εὗγενέσιν
644 452 854 491 Ἑλληνικοῖς,
872 456 908 483 ut
925 451 967 482 de

270 505 368 536 AEtra
394 511 429 536 et
456 505 596 536 Pittheo
627 504 787 545 loquitur.
834 503 968 541 Clyme-

269 564 346 585 nam
363 554 450 586 idem
468 554 679 591 Eustathius‚
700 552 797 591 μόνην
819 550 968 588 κατανοή-

270 614 384 643 σασαν,
407 603 466 644 ait,
490 603 550 640 τὴν
578 600 729 640 ἐσομένην
756 602 812 638 τῆς
839 599 967 637 Ἑλένης

271 653 425 694 ἁρπαγὴν,
451 653 498 684 ὅτι
514 651 715 693 Ἀλέξανδρος
738 650 834 689 ἦλθεν
849 650 891 682 εἷς
906 653 966 680 Λα-

269 703 443 743 κεδαίμονα.

312 753 401 785 Sicut
415 753 448 784 in
461 751 519 784 tali
531 762 566 783 re
571 751 649 791 fieri
665 749 765 790 amat]
799 750 877 781 Hoc
901 754 966 789 est,

270 804 366 834 solet.
411 803 546 834 Sallust.
562 800 724 840 Jugurth.
741 803 772 830 3.
796 800 804 816 ‘
817 800 900 832 Quae
917 799 968 830 ira

268 853 341 884 fieri
362 851 477 891 amat,’
498 857 534 883 et
559 854 613 882 41.
638 850 785 883 Quintil.
807 859 861 880 lx.
875 852 906 880 3.
923 859 966 880 ex

269 904 392 935 Graeco
419 903 528 945 inquit
546 903 711 935 translata
724 901 876 934 Sallustii
893 902 966 942 plu-

268 954 365 993 rima,
383 954 481 994 quale
498 958 562 989 est,
578 953 715 993 ‘vulgus
731 957 820 984 amat
835 951 933 984 fieri.'

310 1005 328 1045 ᾗ
344 1007 363 1035 4
387 1004 607 1042 Indignatione
622 1003 843 1043 stupefiwtum]
867 1001 966 1033 Infra

268 1065 322 1087 lv.
365 1056 375 1073 ‘
391 1056 514 1087 amissa
548 1059 662 1087 mente
699 1054 966 1095 obstupefieret:

266 1105 388 1146 Virgil.
410 1106 419 1122 ‘
435 1105 619 1146 Obstupui,
644 1108 885 1144 steteruntque
908 1113 963 1135 co-

267 1165 343 1191 mae,
360 1165 425 1186 vox
448 1154 603 1186 faucibus
629 1153 752 1185 haesit?
796 1153 854 1185 Ita
874 1153 965 1184 ‘stu-

266 1209 326 1245 pet
340 1204 349 1217 '
365 1204 453 1245 apud
471 1205 645 1239 Senecam,
663 1203 689 1234 si
706 1207 799 1234 recte
817 1202 963 1238 memini,

267 1256 441 1295 eleganter
458 1255 529 1286 scio
545 1255 643 1290 sumi.
655 1254 711 1285 ubi
728 1254 775 1285 ita
792 1253 965 1285 doloribus

266 1305 418 1336 obruitur
435 1306 576 1345 animus,
592 1310 629 1336 ut
649 1315 690 1335 ne
715 1304 863 1336 lacrimae
890 1303 963 1345 qui-

265 1354 342 1386 dem
359 1355 551 1395 extorqueri
568 1355 708 1395 possint.

309 1405 429 1435 Positis
443 1415 483 1436 ex
497 1404 665 1444 divisione]
688 1404 735 1435 Ut
753 1413 803 1435 vl.
823 1403 833 1421 ‘
847 1404 962 1445 Impo-

265 1452 364 1484 sitis?

308 1505 374 1535 Pro
394 1504 541 1546 tempore]
565 1506 612 1536 Ut
633 1505 733 1546 paulo
749 1504 848 1544 infra,
871 1505 881 1523 ‘
901 1514 962 1545 pro

266 1558 420 1594 tempore
437 1554 581 1590 armati,'
604 1560 639 1586 et
652 1564 692 1586 u.
710 1558 741 1586 3.
768 1560 777 1573 ‘
792 1556 862 1586 Pro
880 1560 962 1586 tem-

265 1613 347 1643 pore
377 1605 542 1635 cohortati
575 1604 674 1635 suos.'
722 1605 798 1636 Hoc
830 1610 894 1640 est,
924 1609 962 1636 ut

264 1662 316 1684 res
334 1654 540 1694 postulabat,
563 1659 599 1685 et
628 1660 761 1695 tempus
784 1654 962 1695 permitte-

264 1702 332 1733 bat.

308 1752 388 1788 Quae
402 1752 435 1783 in
449 1752 506 1783 tali
523 1752 643 1791 negotio
653 1752 867 1793 patiebantur]
881 1752 960 1784 Pla-

263 1807 319 1832 cet
335 1803 452 1841 magis,
474 1803 485 1821 ‘
498 1802 765 1834 Partiebantur.'

311 1853 368 1883 Uti
389 1853 545 1892 conquesti
561 1853 692 1890 injurias
707 1853 861 1883 Helenam
876 1862 961 1892 repe-

444 360 584 392 NOTAE
619 359 883 390 VARIORUM
919 360 969 389 ΙΝ

263 1902 378 1942 terent]
398 1903 467 1934 Liv.
492 1912 518 1934 1.
547 1903 588 1934 ad
614 1904 758 1934 eundem
784 1902 858 1933 fere
887 1912 962 1933 sen-

263 1964 357 1984 sum:
392 1953 547 1994 ‘injurias
575 1958 610 1984 et
637 1963 705 1983 non
732 1952 882 1984 redditas
908 1961 961 1983 res

263 2012 305 2033 ex
329 2001 471 2041 foedere,
488 2012 562 2043 quae
579 2004 734 2043 repetitae
750 2001 853 2033 sunt!

304 2052 467 2090 Legantur
481 2053 583 2093 prius]
598 2052 725 2083 Eadem
738 2052 870 2083 consilii
884 2061 959 2083 sen—

262 2102 372 2132 tentia
388 2102 503 2132 Romae
516 2102 673 2142 pervicit,
685 2102 819 2133 obsessa
830 2103 958 2141 Sagun-

262 2156 311 2190 to,
325 2151 508 2182 mittendos
524 2151 616 2191 prius
634 2152 762 2192 legatos
774 2152 817 2183 ad
834 2162 888 2184 res
905 2163 958 2185 so-

261 2201 390 2232 ciorum
406 2200 644 2241 inspiciendas.

304 2251 321 2290 §
348 2254 366 2280 5
400 2250 492 2291 Apud
520 2251 790 2291 Lacedoemonam]
822 2251 877 2283 Ita
907 2254 958 2283 12.

259 2300 269 2316 ‘
281 2299 558 2331 Lacedaemonam
575 2301 742 2341 redeunt,'
768 2307 802 2333 et
820 2305 869 2333 17.
891 2303 900 2320 ‘
915 2312 959 2334 ex

260 2350 349 2379 omni
368 2349 633 2382 Lacedaemona:
677 2352 834 2383 Bartliius
850 2351 882 2382 in
899 2352 958 2383 ad·

260 2407 386 2429 versar.
409 2400 419 2416 ‘
434 2399 768 2432 Lacedaemoniamz’
793 2401 958 2433 ubidubi-

261 2451 334 2478 tare
363 2456 399 2478 se
423 2447 484 2487 ait,
512 2458 553 2478 an
583 2450 660 2480 urbs
685 2450 758 2490 ipsa
786 2460 806 2481 a
836 2452 958 2482 Latino

261 2497 410 2528 Auctore
435 2499 503 2528 ullo
531 2498 578 2529 ita
595 2499 638 2530 sit
662 2504 837 2540 usurpata.
888 2500 956 2532 Sed

259 2545 440 2576 observare
457 2546 575 2577 debuit
589 2548 640 2578 vir
653 2548 883 2587 doctissimus,
897 2551 958 2581 La-

259 2594 484 2625 cedaemonam
501 2596 589 2635 apud
601 2596 803 2637 Autliorem‚
815 2607 881 2629 non
895 2608 956 2639 pro

258 2644 353 2683 urbe,
371 2654 443 2685 quae
460 2650 496 2675 et
522 2645 659 2685 Sparta,
686 2647 744 2676 sed
763 2657 824 2687 pro
851 2648 955 2679 Laco-

260 2694 326 2731 nia,
350 2698 385 2724 et
412 2695 549 2732 regione
573 2695 647 2735 ipsa
674 2695 773 2733 sumi,
791 2700 827 2727 ut
843 2705 885 2727 ex
903 2700 954 2729 17.

258 2743 397 2773 evidens
414 2749 486 2774 est:
512 2745 520 2761 ‘
533 2745 585 2775 Ex
602 2745 692 2775 omni
710 2746 956 2778 Lacedaemona

259 2802 363 2823 naves
387 2794 564 2833 sexaginta
581 2795 603 2825 :²
626 2796 701 2836 quis
719 2796 791 2828 haec
809 2797 852 2828 de
869 2798 953 2829 urbe

258 2841 350 2871 dicta
366 2843 556 2874 crediturus
573 2846 653 2875 est?
699 2845 737 2875 In
761 2855 802 2877 eo
822 2857 852 2877 v.
882 2847 952 2878 Ho-

260 2898 385 2920 merum
403 2895 518 2921 noster
533 2898 670 2924 secutus
688 2898 749 2935 est,
773 2895 827 2936 qui
851 2896 890 2927 ΙΙ.
918 2902 951 2928 Β.

1007 358 1157 388 DICTY
1168 359 1201 387 M
1235 356 1545 388 CRETENSEM.

1017 450 1228 488 Λακεδαίμονα
1258 458 1419 490 expresse
1453 448 1633 489 distinguit
1656 448 1718 480 ἀπὸ

1016 502 1075 538 τῆς
1089 500 1232 540 Σπάρτης
1249 511 1257 531 :
1289 498 1329 531 Οἳ
1343 499 1367 531 δ’
1386 498 1474 539 εἶχον
1489 497 1600 536 κοίλην
1619 502 1719 530 Λακε-

1016 550 1144 589 δαίμονα
1167 550 1359 591 κητώεσσαν,
1380 549 1482 590 Φάρην
1502 560 1550 590 τε,
1572 547 1719 589 Σπάρτην

1016 613 1064 634 ΤΕ.

1061 651 1101 681 In
1127 651 1225 682 scelus
1244 650 1403 691 proprium
1429 649 1602 691 convertit]
1639 649 1717 681 Hoc

1018 705 1083 736 est,
1100 705 1218 731 contra
1234 699 1429 740 aequitatem
1451 704 1487 730 et
1504 699 1584 739 jura
1606 699 1719 739 hospi-

1018 750 1076 789 tii;
1099 749 1233 781 utillud
1253 748 1380 780 Lucani
1398 758 1421 779 1.
1437 748 1599 780 Pharsal.
1617 748 1718 781 ‘Jus-

1018 809 1083 841 que
1103 799 1219 830 datum
1236 797 1380 830 sceleri)
1410 799 1493 830 Cum
1510 808 1543 829 v.
1561 798 1716 830 hocloco

1015 851 1025 868 ‘
1043 849 1239 891 proprium’
1265 849 1354 880 idem
1378 853 1430 880 est
1452 858 1491 880 ae
1513 849 1524 866 ‘
1539 847 1658 884 suum,’
1682 847 1715 879 in

1016 901 1127 932 scelus
1165 910 1260 931 suum
1300 899 1482 937 convertit,
1519 897 1640 930 licebit
1673 907 1715 930 ne

1015 951 1104 982 hunc
1120 960 1253 981 sensum
1269 950 1416 980 eruere?
1445 948 1645 980 Universam
1658 947 1715 978 do-

1016 1010 1105 1031 mum
1124 1000 1239 1041 Regis,
1262 999 1304 1030 ob
1326 998 1543 1030 atrocitatem
1568 997 1665 1033 facti,
1681 997 1713 1028 in

1015 1051 1125 1081 scelus
1154 1060 1249 1081 suum
1281 1048 1487 1090 puniendum
1520 1047 1712 1079 convertit:

1015 1100 1065 1131 ita
1081 1101 1202 1131 Florus
1216 1109 1241 1132 1.
1260 1102 1311 1130 17.
1333 1100 1343 1117 ‘
1359 1099 1519 1131 Omnium
1535 1102 1663 1130 mentes
1679 1098 1713 1129 in

1016 1159 1052 1181 se
1071 1149 1312 1181 converterat?

1056 1200 1241 1242 Proprium]
1265 1200 1343 1231 Hoc
1359 1200 1434 1231 loco
1451 1209 1514 1240 pro
1537 1198 1640 1231 ‘suo’
1660 1209 1714 1231 su-

1013 1251 1126 1283 mitur.
1170 1252 1218 1282 Ut
1240 1256 1276 1282 et
1300 1253 1351 1282 14.
1372 1254 1382 1269 ‘
1399 1249 1566 1282 Admetus
1585 1249 1713 1281 vicaria

1014 1306 1122 1331 morte
1143 1300 1293 1342 conjugis
1318 1299 1388 1331 fata
1409 1300 1543 1341 propria
1560 1300 1712 1341 protule-

1015 1351 1089 1389 rat‚'
1109 1359 1147 1381 ιι.
1163 1353 1195 1381 4.
1219 1351 1228 1367 ‘
1242 1350 1412 1391 propriam
1439 1350 1578 1389 gloriam
1608 1350 1712 1391 aequi-

1013 1399 1218 1441 paraverat,’
1250 1405 1284 1431 et
1310 1409 1367 1431 111.
1398 1405 1408 1419 ‘
1425 1399 1602 1440 Originem
1635 1409 1711 1440 pro-

1013 1452 1121 1492 priam
1138 1452 1300 1483 memoria
1316 1451 1522 1492 repetebat.'
1548 1451 1642 1482 Male
1657 1451 1710 1481 hic

1013 1502 1174 1532 Bartliius
1202 1506 1301 1542 putat
1328 1501 1497 1541 propriam
1518 1500 1708 1541 irrepsisse.

1012 1551 1182 1590 ‘Mirum,’
1205 1551 1324 1591 inquit,
1348 1556 1356 1569 ‘
1372 1550 1405 1581 ni
1433 1550 1552 1581 alienae
1584 1550 1709 1590 potius.

1011 1610 1109 1641 quam
1127 1610 1196 1631 suae
1224 1600 1363 1640 originis
1390 1599 1583 1630 memoriam
1611 1608 1708 1639 repe-

1012 1649 1128 1681 tierit!
1162 1650 1228 1681 Sed
1246 1651 1421 1690 eleganter
1436 1650 1516 1680 satis
1534 1650 1706 1689 proprium

1012 1710 1074 1740 pro
1090 1709 1148 1730 suo
1165 1701 1312 1740 ponitur,
1329 1704 1367 1731 ut
1383 1704 1418 1730 et
1431 1699 1506 1731 ἴδιος
1530 1708 1592 1738 pro
1614 1698 1710 1729 αὑτοῦ

1012 1750 1063 1780 vel
1078 1749 1182 1784 αὐτοῦ,
1197 1754 1235 1780 ut
1250 1749 1329 1780 Act.
1345 1758 1369 1780 1.
1381 1759 1432 1780 VS.
1448 1749 1580 1789 penult.
1599 1748 1641 1779 εἰς
1651 1746 1706 1778 τό·

1009 1811 1068 1830 πον
1079 1799 1135 1830 τὸν
1155 1799 1242 1838 ἴδιον,
1262 1799 1350 1840 quod
1372 1798 1507 1839 quidam
1523 1807 1583 1839 per
1599 1798 1706 1837 αὐτοῦ,

1011 1851 1066 1881 alii
1081 1860 1115 1882 v.
1133 1860 1193 1890 per
1208 1850 1302 1880 αὑτοῦ
1317 1853 1504 1888 exponunt.

1055 1900 1180 1940 Reliqui
1197 1900 1330 1940 praedae]
1357 1899 1432 1930 Hoc
1448 1903 1514 1937 est,
1530 1907 1572 1928 ex
1588 1898 1705 1939 praeda

1010 1951 1119 1982 relicti
1138 1961 1145 1981 z
1171 1950 1227 1991 qui
1248 1949 1473 1990 praedatorum
1490 1957 1607 1979 manus
1623 1946 1705 1979 effn-

1009 2005 1140 2040 gerant.
1175 2001 1219 2031 Et
1233 2001 1307 2031 haec
1320 1999 1423 2030 lectio
1439 1999 1706 2037 convenientior,

1008 2060 1107 2092 quam
1132 2051 1141 2067 ‘
1159 2049 1297 2089 reliquae
1316 2047 1464 2089 praedae.'

1054 2100 1180 2131 Cadunt
1194 2099 1340 2139 utrinque
1353 2098 1496 2139 plurimi]
1514 2098 1602 2130 Caes.
1617 2097 1705 2129 Bell.

1008 2151 1100 2182 Gall.
1130 2159 1155 2182 1.
1185 2153 1237 2182 15.
1273 2149 1400 2180 ‘Pauci
1431 2148 1475 2181 de
1504 2148 1626 2180 nostris
1649 2157 1705 2181 ca-

1007 2199 1116 2232 dunt.'

1049 2251 1099 2282 112·
1109 2251 1206 2291 Regis
1217 2260 1319 2282 necem
1329 2248 1543 2288 defenderent]
1553 2248 1628 2279 Hoc
1636 2251 1703 2286 est,

1009 2300 1236 2342 vindicarent,
1252 2301 1508 2332 ulciscerentur.
1552 2298 1609 2329 Ita
1634 2299 1703 2329 Da-

1008 2360 1062 2381 res
1085 2351 1270 2392 Phrygius:
1297 2352 1306 2368 ‘
1321 2354 1358 2381 ut
1375 2348 1629 2390 quamprimum
1653 2349 1704 2379 iu-

1000 2401 1111 2442 jurias
1126 2411 1201 2431 suas
1217 2398 1467 2431 defenderent?

1049 2452 1106 2492 §6
1127 2451 1179 2482 Ad
1205 2451 1368 2482 Priamum
1391 2449 1474 2491 adil]
1499 2448 1555 2480 Ita
1578 2451 1609 2480 9.
1632 2446 1643 2465 ‘
1659 2447 1700 2478 ad

1007 2501 1173 2532 Helenam
1198 2500 1292 2540 adit‚’
1317 2504 1354 2531 et
1373 2509 1422 2532 vr.
1449 2502 1480 2531 3.
1502 2499 1512 2516 ‘
1527 2498 1570 2530 ad
1586 2507 1703 2529 oracu-

1007 2551 1074 2581 lum
1090 2550 1183 2582 adit?

1051 2601 1269 2639 conductaque
1307 2598 1461 2639 consilio]
1503 2597 1701 2628 Convocato

1006 2651 1157 2681 concilio.
1202 2650 1258 2680 Ita
1274 2649 1383 2679 infra:
1406 2650 1415 2665 ‘
1430 2646 1586 2678 Priamus
1602 2656 1700 2677 senes

1005 2698 1190 2738 conducit,’
1202 2703 1238 2730 et
1252 2707 1292 2729 n.
1305 2700 1315 2715 ‘
1329 2696 1506 2729 conductis
1515 2695 1700 2728 militibus!

1003 2749 1142 2780 Sallust.
1166 2748 1252 2779 Bell.
1267 2747 1425 2787 Jugurth.
1442 2748 1495 2776 51.
1519 2746 1700 2777 ‘Metellus

1005 2799 1061 2829 ubi
1077 2799 1169 2829 videt
1180 2797 1344 2829 Numidas
1355 2794 1608 2833 minusinstare,
1619 2804 1700 2834 pau-

1004 2848 1096 2879 latim
1123 2848 1246 2879 milites
1274 2847 1306 2877 iu
1323 2855 1422 2876 unum
1436 2844 1617 2875 conducit.'
1654 2845 1698 2876 Et

1003 2899 1142 2930 Tacitus
1168 2896 1254 2928 Ann.
1279 2905 1327 2927 iv.
1343 2899 1377 2926 et
1406 2903 1465 2926 xv.
1489 2894 1499 2911 ‘
1515 2894 1641 2925 auxilia
1664 2895 1696 2925 in
