1889 3194
333 315 419 358 546

853 329 1053 358 JOSEPHi
1088 328 1253 358 ISCANI

331 419 459 462 Voce
480 420 645 470 minax,
667 421 914 475 dextraque
935 421 1080 470 ferOX‚
1102 420 1377 475 mediumque
1398 428 1576 466 coronat

332 487 518 529 Armata
538 489 728 529 statione
745 489 885 530 virum
903 501 913 529 ε
944 488 1063 541 prior
1080 496 1273 542 occupat
1289 502 1390 530 acer

332 553 609 595 Priamides:
640 554 711 596 Ne
732 554 861 596 flecte
883 553 1092 606 gradum:
1125 567 1359 608 sponsaene
1379 557 1533 609 petitae

330 619 578 674 Amplexus
594 621 823 663 habiturus
845 623 940 663 abis
952 623 971 662 ‘i
1002 622 1122 663 venit
1137 635 1258 672 ecce,
1273 622 1350 664 sed
1370 623 1492 665 illam

333 687 499 728 Ornatu
520 689 721 730 studiosa
743 701 914 742 parens,
934 688 1160 742 jussisque
1181 694 1375 730 moratur

1688 690 1775 734 430

330 753 563 804 Mollibus,
584 760 629 796 et
647 755 858 809 trepidam
880 756 1034 808 primae
1051 754 1181 797 docet
1203 756 1363 798 oscula
1378 757 1539 798 noctis.

386 821 575 862 Dixerat
596 826 641 863 et
662 823 855 874 gladium
877 823 1071 872 vibrans,
1096 828 1141 864 et
1162 824 1348 864 vulnera
1366 836 1569 877 praeceps

329 887 479 929 Prima
500 893 674 942 petens:
707 889 855 938 Nunc,
872 902 1001 939 nunc,
1023 889 1163 939 addit,
1183 903 1300 931 nunc
1321 890 1360 931 si
1382 902 1470 944 qua
1485 891 1712 944 jacentum

329 953 497 1005 Gratia,
519 956 556 996 si
579 956 679 1009 quis
701 969 820 997 amor
840 956 998 1010 lapsis,
1017 956 1100 997 hoc
1121 957 1349 1009 sanguine,
1371 957 1506 1006 cives,

327 1020 583 1075 Expectant
604 1023 780 1076 Phrygii
801 1036 1009 1076 suprema
1028 1024 1205 1076 piacula
1225 1036 1388 1065 manes.

1687 1024 1774 1066 435

328 1088 412 1129 Ille
433 1089 570 1143 quid?
603 1090 718 1131 unde
739 1090 874 1131 animi
894 1091 912 1130 'l
945 1091 1016 1131 vel
1036 1104 1124 1144 quo
1145 1090 1281 1144 fuga?
1316 1095 1441 1145 turpe
1461 1091 1646 1145 precari,

328 1154 385 1195 Et
403 1156 547 1197 veniae
563 1169 665 1211 spes
684 1157 831 1199 nulla:
863 1161 1004 1198 tamen
1023 1170 1128 1199 mox
1151 1162 1272 1200 veste
1292 1158 1506 1200 lacertum

328 1220 571 1276 Multiplici
591 1224 745 1274 munit,
766 1237 820 1266 ac
839 1228 969 1278 rapta
986 1224 1185 1277 cuspide,
1206 1231 1415 1278 quantum

327 1288 460 1330 Nuda
480 1294 622 1343 potest
641 1292 778 1333 virtus
794 1296 838 1332 et
858 1292 926 1333 vis
947 1293 1149 1342 obsessa,
1172 1296 1412 1346 repugnat3

326 1356 383 1396 Et
403 1358 617 1411 populum
639 1372 794 1399 manus
816 1371 904 1399 una
923 1359 1072 1410 metit3
1100 1372 1183 1400 nec
1205 1359 1379 1412 segnior
1394 1359 1460 1400 ira

1686 1361 1773 1402 440

325 1421 548 1465 Antilochi
568 1427 737 1478 premit,
757 1426 910 1476 instat,
933 1426 1036 1478 agit,
1057 1426 1292 1478 laudisque
1323 1438 1542 1479 supremae

326 1488 546 1541 Ambitus,
566 1497 610 1532 et
631 1505 833 1546 praeceps
856 1492 935 1534 dat
953 1493 1211 1546 desperatio
1235 1494 1366 1534 vires.

383 1557 458 1597 Sic
475 1570 659 1610 quercus
679 1559 875 1611 geminas
898 1563 1038 1600 certat
1059 1572 1236 1613 pagana
1250 1560 1456 1612 bipennis

327 1622 519 1664 Centena
540 1628 735 1665 truncare
755 1638 911 1676 manu3
934 1626 1013 1666 vix
1038 1627 1215 1667 vulnere
1235 1626 1375 1666 multo

327 1688 568 1731 Exhaustae
591 1690 766 1731 tandem
786 1695 954 1741 nutant,
976 1692 1218 1746 lapsasque
1236 1695 1474 1745 sequuntur

1687 1695 1773 1736 445

977 1848 1116 1880 NOTAE

365 1942 430 1971 426
452 1942 650 1984 Mediumque
664 1949 789 1976 coronat
804 1945 938 1978 Armata
951 1949 1016 1977 sta-

324 1989 406 2021 tione
420 1992 535 2031 virum]
551 1994 607 2025 Sic
620 1994 708 2026 infra
719 1996 833 2035 etiam,
845 1997 854 2014 ‘
870 1996 1017 2028 Noctur-

323 2049 368 2071 na
398 2043 543 2075 statione
574 2045 749 2086 Phryges‚’
773 2050 846 2078 555.
878 2048 1016 2078 Lucret.

322 2098 375 2121 lv.
407 2095 415 2108 ‘
428 2097 463 2123 et
497 2094 589 2125 Luna
620 2096 752 2127 videtur
781 2097 823 2128 In
846 2097 1017 2130 statione!

322 2140 416 2180 Virg.
432 2143 507 2175 AEn.
523 2149 531 2162 ⁸
546 2146 716 2186 Frangere
727 2156 789 2179 nec
801 2148 859 2178 tali
877 2148 1015 2188 puppim

322 2192 468 2224 statione
486 2195 628 2227 1·ecuso.’
652 2197 771 2238 Papin.
786 2198 846 2228 lib.
864 2198 1015 2238 1v.Sylv.

322 2241 331 2256 ‘
346 2241 511 2275 Praefecit
527 2246 729 2278 stationibus
746 2248 898 2279 viarum?
919 2249 1014 2280 Idem

322 2290 364 2321 de
383 2291 465 2332 Argi
488 2295 612 2326 oculis:
643 2296 652 2313 ‘
668 2306 732 2328 non
750 2298 776 2328 si
793 2298 871 2328 mihi
889 2298 1016 2329 lumina

320 2341 426 2378 mille,
443 2343 526 2376 Quae
542 2355 639 2377 sacer
654 2348 784 2378 alterna
802 2353 932 2379 tantum
950 2353 1015 2379 sta-

321 2390 414 2423 tione
429 2393 592 2425 tenebat.'
628 2396 716 2427 Vide
731 2398 844 2428 multis
859 2401 1016 2438 agentem

321 2440 536 2475 Bernartium
550 2445 592 2476 ad
607 2454 633 2476 1.
646 2446 761 2478 statii.

363 2495 428 2524 442
461 2494 606 2535 Praeceps
636 2497 692 2527 dat
720 2498 893 2537 desperatio
920 2497 1015 2538 vires]

321 2541 452 2574 Seneca
474 2544 516 2575 de
543 2545 649 2577 elem.
678 2556 702 2577 ι.
727 2549 780 2578 12.
817 2546 1015 2579 ‘Acen-ima

321 2591 427 2623 virtus
455 2598 519 2632 est,
547 2603 646 2635 quam
681 2596 800 2627 ultima
829 2597 1015 2628 necessitas

322 2643 503 2675 extundit!
549 2645 682 2676 Flavius
706 2646 868 2686 Vegetins
895 2655 944 2676 ιν.
972 2646 1014 2676 de

321 2691 375 2722 Re
401 2693 498 2724 milit.
524 2696 577 2725 25.
612 2694 830 2726 ‘Necessitas
859 2695 1014 2736 quaedam

321 2741 456 2773 virtutis
486 2749 538 2774 est
564 2743 778 2784 desperatio?
825 2745 960 2776 Curtius
983 2754 1016 2776 v.

321 2792 352 2820 4.
373 2792 382 2808 ⁸
397 2791 571 2832 Ignaviam
588 2803 720 2835 quoque
737 2794 922 2825 necessitas
936 2803 1015 2825 acu-

322 2838 347 2868 it
362 2849 370 2876 ;
389 2845 421 2870 et
436 2850 526 2881 saepe
538 2842 732 2883 desperatio
743 2843 813 2884 spei
824 2853 925 2875 causa
938 2842 1015 2875 est.’

1072 1946 1233 1978 Nazianz.
1251 1947 1315 1987 Ep.
1335 1955 1455 1978 xxxu.
1474 1956 1504 1987 p.
1522 1949 1597 1978 ⁷96.
1620 1946 1653 1978 αἱ
1665 1947 1769 1988 χρεῖαι

1070 1996 1189 2027 ποιοῦσι
1199 1994 1402 2033 πολεμιστάς.
1440 1996 1555 2028 Florus
1572 2005 1613 2027 11.
1629 1998 1661 2027 3.
1677 1997 1687 2014 ‘
1698 1996 1772 2028 Ne-

1071 2046 1232 2077 cessitate
1272 2051 1372 2077 aucta
1402 2045 1522 2084 virtus,
1565 2055 1668 2078 causa
1703 2045 1770 2077 fuit

1071 2095 1249 2127 victoriae)
1290 2096 1393 2127 Silius
1417 2104 1454 2127 x.
1483 2098 1493 2113 ‘
1509 2095 1624 2136 Atque
1640 2095 1769 2127 animos

1065 2145 1137 2185 jam
1154 2146 1224 2176 sola
1237 2145 1342 2177 dabat
1357 2144 1481 2177 fiducia
1497 2144 1640 2176 mortis?
1667 2145 1770 2178 Coin-

1070 2201 1125 2226 tus
1147 2204 1214 2227 xu.
1257 2194 1373 2236 Τρωσὶν
1405 2194 1467 2235 γὰρ
1489 2193 1671 2226 ἐνέπνευσεν
1697 2194 1771 2235 με’-γ’

1070 2244 1193 2284 ἀνάγκη
1207 2244 1339 2285 Θάρσος,
1354 2245 1428 2286 ὅπερ
1442 2244 1516 2286 πρὸς
1531 2245 1631 2287 Ἄρηα
1643 2244 1695 2277 καὶ
1717 2245 1769 2277 οὗ·

1068 2294 1191 2326 τιδανόν
1203 2308 1260 2337 περ
1276 2294 1401 2335 ἐγείρει.
1426 2299 1461 2327 et
1478 2304 1554 2336 quae
1569 2299 1770 2336 sequuntur.

1069 2347 1265 2378 Guntherus
1283 2355 1320 2378 x.
1349 2345 1531 2377 ‘Audaces
1557 2354 1649 2377 mors
1672 2349 1769 2377 certa

1068 2396 1165 2437 facit,
1189 2397 1353 2437 pellitque
1388 2396 1544 2428 timorem
1570 2396 1767 2436 Desperata

1070 2447 1157 2477 salus
1171 2445 1192 2476 :'
1214 2446 1257 2477 ad
1273 2456 1347 2487 quae
1365 2445 1430 2476 alia
1454 2444 1626 2486 congessit
1640 2443 1768 2484 ἀνθηρο-

1070 2497 1174 2534 λογῶν
1190 2496 1437 2527 Rittershnsius
1461 2495 1504 2526 ab
1526 2494 1593 2526 illis
1616 2493 1765 2526 diversa.

1069 2545 1266 2576 Consimilia
1296 2545 1505 2585 aliquatenus
1543 2546 1635 2579 sunt,
1664 2546 1673 2560 ¹
1693 2541 1765 2573 Au-

1068 2594 1180 2625 dendo
1193 2603 1332 2634 magnus
1345 2593 1473 2634 tegitur
1487 2590 1612 2624 Umor?
1635 2591 1765 2623 Lucan.

1069 2652 1118 2675 lv.
1143 2644 1153 2661 ⁴
1166 2644 1210 2675 Et
1233 2644 1305 2684 quis
1326 2652 1391 2674 non
1408 2641 1508 2673 fortis
1524 2641 1650 2672 virtute
1667 2650 1764 2673 coac-

1069 2693 1144 2725 ta?'
1166 2692 1254 2725 Ibid.
1277 2693 1285 2708 ‘
1299 2693 1361 2724 Est
1380 2691 1438 2723 ubi
1456 2691 1514 2722 dat
1534 2691 1618 2722 vires
1641 2690 1763 2722 nimius

1068 2742 1189 2774 timor!
1213 2742 1335 2782 Papin.
1350 2742 1358 2758 ‘
1372 2742 1435 2772 Est
1448 2740 1503 2772 ubi
1519 2740 1700 2782 despectus
1715 2741 1765 2771 ni·

1068 2791 1289 2834 miusjuvat.'
1312 2789 1432 2824 Claud.
