1889 3194
537 315 600 346 DE
634 315 789 346 BELLO
821 316 1048 349 TROJANO
1081 317 1175 349 LIB.
1207 319 1275 349 Vl·

1535 311 1619 352 545

175 408 423 450 Umbrabat
445 409 648 451 dominas
670 411 788 452 soliis
811 412 1066 453 ornantibus
1089 425 1201 454 aras.

171 478 277 519 Huc
305 476 510 526 Hecuba,
528 478 572 517 in
590 478 761 519 facinus
783 479 942 528 audax,
961 479 1118 521 invitat
1139 479 1371 531 Achillem,

1533 480 1617 525 410

171 544 374 598 Conjugii
397 544 574 585 factura
594 545 754 588 fidem:
786 548 902 588 venit
919 547 1012 596 ille,
1035 547 1115 588 sed
1136 559 1270 597 arma,

169 611 256 652 Sed
278 611 462 651 comites
484 612 614 663 nulli3
646 613 792 654 solum
813 613 897 654 sibi
921 614 1107 655 Nestore
1129 617 1279 655 natum

167 677 336 730 Jungit,
355 679 429 719 vix
451 678 597 731 gladio
621 679 738 733 cingi
760 693 951 721 memor:
985 681 1132 722 omnia
1151 681 1326 736 linquit,

170 744 288 785 Dum
306 745 437 785 miser
457 750 643 798 optatos
663 750 869 799 properat
888 747 1062 787 visurus
1084 760 1271 789 amores.

223 811 347 861 Quin
367 816 486 853 vetat
506 812 688 853 insidias
710 813 829 854 credi
849 813 1117 867 fraudesque
1141 815 1281 856 timeri

1531 814 1616 856 415

167 879 275 933 Ipse
302 879 444 928 locus,
466 879 707 933 templique
729 879 868 921 fides:
899 886 946 921 at
967 882 1117 922 matris
1141 881 1315 923 adulter

166 945 407 988 Dardanus
424 946 626 1000 imperi0‚
646 950 751 999 post
769 948 880 988 laesa
901 948 1064 988 cubilia
1084 961 1254 990 saevum

165 1013 246 1054 Nil
266 1017 486 1067 reputans,
515 1026 757 1067 pacemque
780 1014 924 1055 Deum
943 1014 1211 1069 delubraque
1234 1016 1428 1066 turbans,

165 1079 342 1121 Occulit
362 1085 554 1121 armatas
576 1085 683 1134 post
702 1081 800 1133 ipsa
820 1081 977 1122 altaria
996 1085 1175 1122 turmas.

221 1147 315 1188 Vix
336 1146 494 1189 fallunt
516 1148 652 1189 animi
673 1148 908 1201 praesagia,
929 1153 1108 1189 venerat
1128 1148 1256 1190 heros

1528 1148 1613 1191 420

162 1215 368 1265 Martius,
389 1215 520 1268 inque
540 1215 640 1268 ipso
659 1215 862 1268 trepidus
882 1219 946 1256 ter
960 1214 1112 1256 limine
1133 1228 1307 1268 gressus

164 1282 300 1332 Fixit,
321 1287 387 1323 ter
407 1282 557 1333 rediit3
589 1287 722 1335 atque
737 1282 975 1323 alternante
996 1295 1157 1335 pavore

162 1349 330 1392 Erectae
354 1349 506 1390 sedere
527 1361 692 1400 comae3
723 1352 785 1389 ter
806 1349 993 1402 praescia
1015 1349 1093 1390 fati

163 1416 340 1469 Effigies
358 1417 602 1469 lacrymata
624 1416 725 1465 Dei,
745 1420 892 1469 stupet
912 1416 1009 1469 ipse
1030 1416 1248 1466 timorem,

159 1483 249 1524 Ter
271 1484 470 1525 timuisse
492 1486 644 1536 negat:
678 1483 762 1524 ruit
783 1495 887 1524 ecce
907 1483 1047 1524 invisa
1070 1479 1280 1536 juventus¹

1525 1485 1611 1527 425

812 1644 953 1679 NOTAE

155 1741 294 1775 arbore:
311 1743 322 1761 ⁴
338 1743 519 1784 Multaque
535 1746 714 1776 cantantes
731 1743 855 1775 umbra

153 1793 406 1834 tegebataves.’
421 1795 430 1811 ‘
441 1794 570 1829 Multas
588 1803 762 1825 nemorum
773 1803 853 1825 con·

156 1848 321 1875 sumserat
345 1843 507 1884 umbras,'
527 1843 631 1875 Silius
656 1852 736 1875 xiv.
784 1843 853 1874 Pa-

155 1894 226 1934 pin.
250 1894 260 1911 ‘
272 1894 446 1935 Nusquam
464 1894 593 1925 umbrae
611 1893 770 1926 veteres!
797 1895 852 1925 De

154 1944 229 1975 loco
252 1944 413 1975 convenit
433 1944 523 1975 inter
539 1944 704 1975 Nostrum
721 1948 757 1976 et
772 1944 854 1974 Phi-

153 1993 334 2024 lostratum
351 1992 384 2024 in
403 1992 560 2024 Heroicis
573 1996 690 2033 p.7l2.
720 1994 854 2024 Laurus

154 2047 269 2074 autem
285 2043 351 2073 aris
366 2047 402 2074 et
425 2044 563 2084 templis
586 2049 659 2074 erat
684 2043 852 2084 proxima,

154 2093 233 2134 quia
246 2092 324 2124 inde
341 2102 482 2124 coronas
495 2092 727 2124 sacrificantes
742 2102 852 2125 sume·

153 2142 249 2174 bant.
292 2142 382 2173 Vide
396 2142 554 2174 Paschal.
569 2152 623 2174 ιν.
641 2145 693 2174 14.
719 2144 774 2174 De
787 2143 851 2174 Co-

154 2191 256 2223 tonis.

195 2243 258 2273 41⁷
285 2241 362 2272 Post
376 2241 452 2272 loesa
467 2241 580 2273 cubilia
595 2252 710 2273 soerum
735 2242 781 2274 nil
802 2252 852 2274 re-

149 2290 282 2332 putans]
308 2292 376 2325 Qui
404 2292 493 2322 enim
520 2292 621 2323 semel
636 2293 851 2324 verecundiae

152 2341 289 2381 limites,
315 2343 380 2373 διο.
402 2346 485 2372 nota
511 2351 553 2373 ex
570 2342 745 2375 Cicerone.
790 2342 851 2374 Jo-

150 2392 279 2423 hannes
291 2391 466 2422 Secundus
483 2391 515 2422 in
529 2392 614 2423 hanc
626 2392 850 2423 sententiam:

150 2443 161 2460 ‘
175 2443 220 2472 Et
237 2441 372 2481 gravius
389 2446 546 2481 peccant,
559 2446 595 2473 ut
609 2451 673 2472 non
688 2451 850 2483 peccasse

150 2491 340 2534 putentur.’
384 2491 545 2523 Graecum
568 2492 601 2522 in
622 2492 696 2523 illos
712 2501 849 2532 prover-

150 2542 262 2573 bium:
279 2542 384 2583 γυμνῇ
396 2542 532 2582 κεφαλῇ,
544 2551 610 2582 quo
621 2543 730 2572 utitur
743 2542 848 2582 Chry-

150 2596 317 2622 sostomus
328 2594 443 2631 ρ.724.
460 2591 753 2632 Orat.deBabyla
762 2601 848 2622 mar·

149 2645 236 2682 tyre.
259 2641 347 2673 Vide
362 2641 504 2673 similem
520 2641 647 2681 ’γνώμην
659 2640 750 2681 apud
767 2651 848 2672 eun-

149 2690 226 2722 dem
250 2700 291 2722 11.
317 2701 350 2732 p.
375 2694 427 2723 37.
460 2693 512 2723 De
533 2691 744 2732 SacerdotIO,
764 2690 847 2722 edit.

149 2740 349 2772 Hoeschelii.

191 2792 255 2822 418
279 2791 452 2832 pacemque
465 2791 569 2823 Deum
580 2790 766 2831 delubraque
777 2793 845 2822 tur-

149 2841 239 2882 bans]
261 2841 358 2881 Virg.
386 2851 443 2874 ιιι.
468 2842 543 2873 AEn.
565 2843 574 2860 ‘
589 2847 706 2874 exorat
723 2852 842 2883 pacem

232 2895 348 2936 Delph.
363 2899 395 2928 et
410 2896 483 2927 ναν.
497 2895 586 2927 clus.

743 2895 829 2927 Dict.
850 2897 934 2928 Cret.
949 2897 1000 2937 ξε.

909 1741 1058 1782 Divum‚'
1082 1741 1469 1784 ‘precibusqiiejiibent
1485 1751 1607 1782 expos·

909 1803 988 1824 cere
1003 1793 1148 1834 pacem.’
1171 1794 1232 1824 Sil.
1246 1794 1268 1824 l.
1281 1802 1331 1825 w.
1344 1794 1352 1810 ‘
1367 1793 1462 1824 Scire
1480 1803 1608 1831 nemus,

908 1852 1097 1884 pacemque
1132 1843 1199 1874 loci
1236 1843 1418 1883 explorare
1454 1842 1608 1873 libebat!

907 1893 1096 1935 Symmach.
1110 1902 1135 1925 1.
1151 1896 1205 1924 48.
1228 1894 1238 1911 ⁴
1253 1892 1492 1923 Valetudinem
1508 1892 1540 1922 in
1555 1901 1607 1923 so·

906 1944 975 1976 lido
991 1945 1116 1976 locavit
1131 1955 1199 1985 pax
1212 1944 1392 1976 Deorum.'
1414 1943 1504 1974 Vide
1514 1944 1608 1974 Bris-

905 1996 1036 2026 sonium
1047 1995 1089 2026 de
1107 1994 1257 2026 formulis
1269 2003 1292 2026 ι.
1310 2004 1349 2033 p.
1363 1996 1416 2024 81.
1431 2002 1471 2024 ιι.
1487 2004 1519 2033 p.
1531 1996 1606 2025 207.

904 2045 1044 2076 anret.
1061 2049 1096 2076 et
1111 2045 1224 2075 Plaut.
1237 2044 1247 2061 ‘
1261 2054 1381 2085 pacem
1397 2043 1604 2083 ventorum‚’

904 2094 1024 2125 eadem
1040 2093 1186 2125 formula
1199 2094 1372 2124 dixerunt.

946 2146 1010 2180 420
1033 2144 1096 2175 Vix
1102 2143 1221 2181 fallunt
1238 2143 1336 2174 animi
1349 2142 1522 2183 praesagiu]
1537 2143 1604 2174 Pa-

905 2193 974 2234 pin.
992 2192 1001 2209 ‘
1015 2197 1129 2224 vatum
1146 2202 1212 2223 non
1237 2193 1336 2223 irrita
1351 2199 1491 2223 currunt
1509 2192 1604 2224 Omi-

904 2251 949 2273 na
963 2242 983 2272 :’
1006 2242 1069 2273 hoc
1090 2246 1156 2281 est,
1178 2241 1366 2282 Augurium
1393 2242 1529 2282 mentis,
1552 2244 1604 2274 Si-

904 2292 950 2324 lio
982 2301 1069 2324 xm.
1111 2291 1202 2324 Vide
1229 2291 1482 2323 Artemidorum
1509 2293 1604 2324 initio

905 2343 1091 2374 Onirocrit.
1137 2342 1192 2374 Ita
1215 2342 1249 2372 in
1271 2342 1419 2373 carmine
1434 2343 1477 2373 de
1493 2344 1603 2383 Virgi-

903 2393 963 2433 lio,
979 2393 1090 2424 Catal.
1108 2392 1233 2433 Scalig.
1249 2393 1258 2409 ⁴
1275 2393 1306 2423 Ο
1324 2401 1425 2433 sopor
1439 2392 1602 2426 indicium

902 2442 1000 2474 veri.’
1018 2452 1050 2482 p.
1061 2444 1135 2473 137.

943 2495 1005 2524 421
1033 2493 1093 2523 Ter
1107 2491 1214 2523 limine
1227 2501 1354 2531 gressus
1373 2492 1473 2534 Fixit,
1489 2496 1538 2524 ter
1551 2503 1601 2525 re-

898 2543 976 2582 diit]
992 2542 1110 2574 Claud.
1124 2552 1162 2574 11.
1176 2543 1217 2574 de
1232 2548 1354 2582 raptu:
1370 2544 1448 2574 ‘ter
1463 2543 1601 2575 cardine

901 2602 998 2624 verso
1029 2593 1202 2633 Praesagae
1229 2593 1385 2624 cecinere
1415 2593 1518 2632 fores,
1545 2598 1600 2625 ter

900 2642 1037 2673 conscia
1054 2641 1142 2681 fati,’
1157 2644 1221 2673 ἀεὶ.
1244 2642 1407 2682 Propert.
1427 2652 1469 2673 ιι.
1496 2647 1504 2660 ¹
1519 2642 1600 2676 Ibat

899 2697 935 2724 et
951 2701 1102 2732 expenso
1117 2693 1232 2732 planta
1246 2696 1375 2723 morata
1391 2692 1520 2732 gradu!
1543 2694 1598 2725 Ti·

900 2742 967 2774 bul.
986 2751 1009 2774 1.
1033 2747 1041 2760 ‘
1056 2743 1087 2774 Ο
1104 2743 1236 2783 quoties
1252 2743 1422 2783 ingressus
1439 2743 1504 2774 iter
1517 2743 1598 2776 mihi

900 2793 1010 2824 tristia
1027 2792 1110 2831 dixi,
1127 2791 1305 2824 Offensum
1321 2793 1355 2824 in
1378 2797 1477 2834 porta
1500 2793 1596 2835 signa

897 2843 1033 2875 dedisse
1050 2842 1197 2885 pedem.’

1427 2899 1447 2927 2
1470 2897 1508 2928 M
