1889 3194
628 326 691 356 DE
726 325 884 357 BELLO
917 326 1142 358 TRoJANo
1178 327 1269 357 [ΑΒ.
1303 329 1348 357 V.

1616 320 1642 359 Cn

1644 319 1681 359 20

1677 319 1701 359 §.¹¹

258 419 386 461 Nunc
407 424 543 473 caput
563 420 774 474 immergit
793 421 968 474 pelago,
990 421 1203 475 varioque
1221 421 1374 463 timore

260 486 346 528 Aut
364 487 519 540 longos
540 487 740 538 haustus,
763 491 838 529 aut
858 488 949 529 tela
967 489 1207 542 prementia
1227 488 1351 530 vitat.

257 553 452 594 Tandem
473 554 575 595 dum
595 555 757 596 fluctus
778 555 948 608 gravior
966 555 1148 596 rimatur
1169 568 1356 609 opacos,

1616 556 1701 597 175

256 620 414 662 Incidit
432 622 477 662 in
496 635 687 676 puppes,
710 622 982 676 frontemque
1004 622 1191 675 infigitur
1212 624 1347 665 uncis.

311 687 469 730 Acrius
489 690 750 732 incumbunt
768 690 963 744 Phrygii,
987 696 1139 731 contra
1157 692 1222 732 ira
1243 690 1435 732 furentes

256 755 314 797 Et
334 756 476 809 pudor
496 756 733 810 Argolicos
754 761 910 807 armat,
930 770 1043 798 nunc
1064 758 1215 799 littora
1235 758 1436 812 perdunt,

256 823 389 864 Nunc
409 823 584 865 dubiam
599 825 821 866 lucrantur
840 824 1019 866 humum
1036 838 1046 866 z
1077 826 1188 866 bibit
1207 825 1325 867 unda
1343 839 1540 868 cruorem

255 889 483 931 Alternum
501 904 512 930 ε
542 895 588 932 at
610 891 803 945 Phrygio
818 891 1004 933 Graecus
1025 893 1193 934 sociare
1215 894 1426 947 superbit.

1616 892 1701 935 180

257 957 432 998 Emicat
450 957 711 999 immodicus
732 958 880 1008 animi,
900 963 1190 1013 metuensque
1211 960 1402 1014 priorem

257 1024 392 1064 Solus
413 1025 458 1065 in
480 1029 725 1066 extremum
737 1025 923 1079 jamjam
945 1031 1202 1080 proruperat
1223 1039 1374 1080 agmen

255 1090 477 1133 Turbidus
499 1092 801 1147 Hysiphides:
823 1094 1038 1146 populum
1061 1106 1174 1146 vaga
1197 1095 1328 1135 turba
1351 1097 1554 1135 secutum

257 1156 365 1198 Non
385 1171 518 1199 unam
539 1160 697 1200 saevire
719 1171 897 1200 manum
919 1160 1147 1214 creditque
1169 1164 1388 1214 pavetque
1406 1174 1418 1199 z

256 1223 351 1265 Ceu
368 1224 493 1266 Mars
514 1226 609 1279 ipse
628 1225 808 1280 premit:
839 1226 960 1268 acies
981 1231 1233 1280 praevectus
1255 1233 1466 1282 utrasque

1617 1226 1702 1269 185

256 1291 483 1345 Liquerat‚
506 1292 774 1345 ardebatque
794 1305 919 1334 arces
940 1294 1126 1344 calcare,
1148 1294 1289 1335 relicti

255 1360 508 1401 Contemtor
527 1358 651 1409 belli,
673 1359 753 1400 sed
776 1360 935 1401 anhelo
957 1360 1152 1402 fervidus
1176 1361 1344 1402 Hector

256 1426 495 1480 Objicitur:
528 1425 735 1476 Quonam
752 1439 893 1480 usque
907 1428 927 1468 'l
958 1428 1031 1468 hic
1050 1428 1273 1478 terminus,
1295 1429 1451 1484 inquit,
1466 1431 1510 1470 et
1531 1442 1681 1471 ensem

256 1493 411 1535 Nudat
431 1498 579 1545 atrOX,
599 1506 847 1547 conumque
866 1494 974 1536 nihil
994 1498 1161 1537 tutante
1182 1509 1354 1551 pyropo

859 1591 1096 1609 eeeeeoaeaeeeeo

296 1659 359 1689 184
382 1657 553 1698 Pavetque,
571 1656 636 1688 Ceu
651 1656 701 1688 M.
717 1656 740 1688 i.
751 1660 875 1698 premat
891 1655 981 1688 Edd.
996 1656 1083 1688 Mor.
1098 1661 1135 1690 et
1150 1657 1320 1700 Spondan.

904 1731 1050 1764 NOTAE

295 1799 358 1829 176
379 1797 585 1838 Frontemque
605 1796 752 1839 infigitur
766 1795 868 1837 uncis]
893 1795 947 1827 Ad

250 1847 432 1887 imaginem
448 1847 575 1878 Phocei
597 1846 687 1888 apud
705 1847 873 1878 Lucanum
890 1854 950 1878 111.

252 1899 328 1928 ⁷04.
357 1898 366 1914 ‘
384 1896 562 1937 Puppibus
591 1895 782 1927 occurritz’
810 1895 950 1933 Noster,

252 1952 262 1966 ‘
276 1947 403 1978 Incidit
416 1948 450 1978 in
467 1946 620 1988 puppes!
640 1947 776 1979 Uneum
793 1955 874 1978 vero
888 1956 949 1987 pro

252 1997 352 2028 hamo
384 1997 514 2028 adunco
543 2001 579 2029 et
604 1997 742 2028 incurvo
770 1996 884 2034 sumit,
911 2001 950 2027 ut

252 2047 335 2078 inibi
350 2048 524 2079 Lucanus:
543 2048 552 2065 ‘
566 2048 612 2079 Et
628 2048 726 2078 nimis
743 2046 859 2078 affixos
872 2046 950 2079 unci

255 2097 448 2128 convellere
469 2097 621 2129 morsus.'
664 2098 789 2130 Juven.
815 2097 889 2130 Sat.
915 2105 950 2129 x.

254 2146 263 2163 ‘
278 2146 427 2185 impacto
442 2147 585 2187 Sejanus
603 2147 738 2179 ducitur
752 2147 865 2179 unco!

298 2199 358 2228 177
381 2196 496 2227 Acrius
511 2197 688 2228 incumbunt
706 2197 860 2238 Phrygii]
885 2197 952 2229 Pa-

254 2246 388 2288 pinius:
406 2247 415 2264 ‘
429 2246 562 2277 Fortius
573 2246 747 2277 incursant
762 2246 884 2288 Tyrii,'
896 2256 953 2278 un-

255 2298 297 2330 de
320 2298 422 2329 Silius
447 2296 638 2328 afformavit
660 2306 774 2328 secum
797 2306 859 2328 xv.
882 2298 952 2330 ‘A-

255 2348 346 2380 crius
366 2347 430 2379 hoc
446 2347 571 2379 Italum
597 2346 702 2387 pubes
716 2347 859 2378 incurrit
871 2348 890 2378 :'
913 2353 952 2380 ut

254 2398 363 2429 multa
389 2397 456 2428 alia
484 2405 526 2428 ex
551 2395 608 2427 illo
630 2395 806 2435 deducta;
831 2397 952 2438 quibus

254 2446 432 2479 aestimium
457 2445 570 2486 magni
594 2445 683 2476 illius
707 2445 827 2477 Poetae
853 2456 953 2487 auge·

253 2501 321 2537 tur,
334 2497 430 2538 cujus
448 2505 571 2526 nomen
587 2505 796 2536 nequaquam
813 2500 880 2527 tam
897 2496 954 2527 fri-

252 2548 339 2580 volis
379 2546 567 2578 recessibus
603 2546 778 2577 obscurari
821 2546 954 2588 debuit,

254 2608 330 2630 cum
356 2602 391 2629 et
414 2596 465 2627 vir
489 2596 609 2628 doctus
633 2600 669 2627 et
684 2596 894 2636 Consularis,
918 2602 954 2629 et

252 2646 457 2689 aliquamdiu
473 2645 564 2678 forte
579 2645 754 2687 σύγχρυνος
778 2646 862 2677 tanti
880 2651 955 2688 post

252 2699 389 2730 unicum
405 2697 589 2738 Virgilium
606 2696 699 2728 illum
712 2695 846 2728 fecerit.

296 2751 358 2780 180
368 2747 512 2789 Phrygio
523 2747 653 2778 Graecus
666 2746 784 2778 sociare
795 2745 950 2788 superbit]

1002 1796 1140 1833 rustica,
1155 1797 1316 1839 loquitur,
1339 1801 1348 1816 ‘
1363 1801 1543 1830 resonante
1557 1798 1703 1840 imagine

1001 1846 1136 1886 fingit?
1158 1847 1284 1879 Forsan
1312 1847 1353 1879 ad
1385 1848 1606 1880 imitationem
1629 1849 1703 1890 rogi

1001 1895 1163 1932 Thebani,
1191 1896 1234 1928 de
1259 1907 1326 1939 quo
1356 1897 1513 1930 Lucanus
1535 1903 1572 1930 et
1600 1898 1704 1940 Papi·
1740 1910 1743 1912 ·

1003 1948 1088 1978 nius.
1134 1946 1224 1979 Vide
1247 1948 1368 1980 similia
1398 1949 1501 1980 etiam
1526 1949 1558 1980 in
1584 1950 1702 1981 avibus

1004 1996 1093 2035 odia,
1130 2006 1205 2038 quae
1243 1998 1276 2029 in
1312 1997 1483 2030 Barbaros
1515 1999 1704 2031 incurrunt.

1005 2047 1139 2078 Graecis
1166 2047 1399 2089 blandiuntur,
1421 2050 1512 2090 apud
1537 2050 1704 2083 Aristote-

1005 2097 1070 2128 lem
1087 2097 1119 2128 in
1133 2097 1362 2131 mirabilibus:
1387 2100 1510 2141 quibus
1525 2101 1705 2142 conjunge,

1005 2156 1080 2186 quae
1103 2147 1274 2178 Meursius
1297 2148 1339 2179 ad
1362 2149 1618 2189 Lycophronem
1644 2160 1704 2182 no-

1005 2200 1070 2233 tat,
1089 2206 1121 2236 p.
1135 2198 1210 2228 233.

1048 2248 1111 2276 183
1135 2245 1290 2277 Turbidus
1312 2246 1523 2289 Hysiphides]
1553 2248 1707 2281 Protesi-

1004 2296 1090 2327 laus.
1127 2301 1136 2314 ‘
1150 2296 1354 2336 Protesilae,
1372 2298 1434 2329 tibi
1450 2308 1573 2330 nomen
1588 2300 1636 2332 sic
1653 2300 1706 2332 fa-

1006 2350 1042 2376 ta
1057 2344 1236 2385 dederunt,
1253 2346 1400 2377 Victima
1410 2347 1499 2388 quod
1514 2348 1620 2389 Trojae
1636 2349 1705 2390 pri-

1006 2404 1060 2425 ma
1086 2394 1220 2426 futurus
1242 2395 1340 2432 erat,’
1357 2395 1535 2428 Ausonius
1579 2400 1706 2438 Πρῶτος

1006 2444 1094 2481 λαοῦ,
1107 2445 1158 2476 vel
1170 2446 1290 2485 πρῶτος
1302 2444 1435 2478 ἱλάσατο
1446 2446 1502 2478 τὸν
1508 2446 1578 2479 θεόν
1589 2459 1596 2478 :
1608 2449 1705 2482 Grae-

1007 2503 1121 2525 corum
1143 2497 1232 2525 enim
1254 2495 1374 2526 classis
1398 2497 1500 2528 solvit
1516 2496 1704 2538 Iphigeniae

1009 2545 1186 2585 sanguine,
1214 2546 1345 2586 appulit
1376 2546 1560 2579 Protesilai
1597 2550 1706 2590 caede,

1008 2604 1075 2635 quo
1088 2595 1249 2626 Manilius
1265 2601 1455 2637 respectum
1471 2597 1596 2630 habere
1611 2600 1707 2632 vide-

1007 2649 1076 2686 tur,
1106 2655 1181 2676 cum
1211 2646 1279 2677 ait:
1302 2647 1311 2665 ‘
1326 2647 1536 2689 classemque
1558 2650 1705 2683 solutam

1007 2695 1194 2735 Sanguine,
1210 2700 1247 2727 et
1263 2696 1438 2737 appulsam
1455 2697 1581 2729 terris!
1615 2699 1704 2732 Vide

1006 2744 1171 2785 Scaliger.
1187 2745 1227 2776 ad
1242 2745 1362 2778 Manu.
1382 2756 1415 2788 p.
1433 2749 1507 2779 387.
1523 2753 1559 2780 et
1574 2748 1609 2780 in
1624 2759 1705 2782 con·

251 2799 341 2830 Vide
371 2807 473 2839 supra
495 2806 595 2828 versu
626 2798 698 2829 148.
721 2795 778 2827 ubi
804 2795 894 2827 idem
917 2797 951 2828 in
1000 2797 1172 2839 jectaneis
1188 2807 1220 2838 p.
1239 2800 1312 2829 146.

254 2850 357 2887 Echo,
388 2849 470 2890 sive,
493 2852 531 2879 ut
549 2847 656 2879 Varro
679 2846 738 2878 lib.
762 2855 820 2878 111.
843 2846 884 2878 de
913 2856 950 2879 re

1050 2850 1113 2880 189
1138 2848 1314 2889 Certumque
1338 2847 1417 2880 nihil
1430 2851 1552 2881 tutante
1572 2851 1705 2892 pyropo]
