1889 3194
596 326 657 355 DE
692 325 848 355 BELLO
880 324 1106 355 TROJANO
1141 323 1236 354 [ΑΒ.
1269 325 1335 353 VI.

1585 312 1668 354 5135

225 419 396 462 Rethca
417 418 593 460 Rhesus
613 419 717 472 agit,
739 416 956 472 Lybidam
978 417 1205 471 proturbat
1225 415 1484 458 Aconteus:

225 486 433 527 Stemona
454 487 607 527 sternit
628 486 726 535 Ion,
746 484 1078 526 Thessandrum
1099 484 1304 525 vulnerat
1324 482 1488 535 Argus,

1583 481 1668 523 240

225 553 402 594 Mactat
421 553 628 594 Achonta
648 553 831 601 Pholus,
854 552 1028 593 Pholon
1048 551 1234 601 Ebalus,
1256 549 1427 591 Ebalon
1446 548 1600 598 Actor,

223 619 392 660 Actora
411 619 704 673 Thyodamas‚
724 624 767 660 et
787 618 1126 673 Thyodamanta
1147 619 1354 671 Lycaeus.

283 685 461 726 Eminet
481 687 675 739 asperior
695 686 851 726 dextra
870 684 1034 738 majore
1052 684 1282 725 lacessens

223 752 402 792 Troilus
424 752 674 804 Argolicos,
695 757 739 792 et
759 764 1008 805 quanquam
1029 749 1265 792 Antenoris
1286 763 1449 799 ensem,

223 820 378 860 AEneae
394 813 606 872 jaculumss
629 819 850 872 praedonis
864 820 950 860 tela
968 819 1240 868 tremiscant,

1582 813 1668 854 245

224 886 318 927 Hic
341 891 501 934 tamen,
521 886 592 926 hic
614 886 762 935 vincit,
783 889 824 926 et
844 886 991 927 lautos
1012 886 1156 926 obruit
1179 897 1344 929 omnes,

225 951 473 1006 Omniaque
493 954 537 993 in
560 953 767 1006 proprios
786 952 978 993 lucratur
999 953 1118 993 facta
1138 951 1396 1004 triumphos.

226 1019 412 1060 Miratur
433 1020 621 1062 Bellona
639 1020 793 1068 virum,
813 1019 1101 1073 stimulatque
1121 1019 1340 1059 furentem

225 1086 417 1128 Parcius
440 1091 487 1127 et
506 1087 694 1128 docilem
716 1086 875 1138 gaudet
895 1087 1058 1127 vicisse
1079 1086 1358 1139 magistrum:

225 1153 330 1206 Ipse
350 1153 464 1194 alias
490 1154 619 1194 discit
640 1154 730 1194 iras
749 1152 1010 1207 majoraque
1032 1153 1216 1194 Mavors

1588 1150 1673 1194 250

226 1220 405 1270 Praelia,
425 1225 468 1261 et
488 1221 740 1273 exemplum
761 1221 892 1261 divus
909 1219 1094 1260 mortale
1113 1223 1304 1268 secutus,

227 1286 347 1327 Dum
364 1287 583 1341 Scythicis
601 1288 753 1337 instat,
774 1287 904 1328 vivos
920 1287 1211 1327 reminiscitur
1231 1290 1369 1327 actus.

283 1354 385 1394 Ibat
402 1354 614 1394 fulmineo
635 1354 855 1408 Phrygios
876 1365 1082 1393 mucrone
1103 1353 1295 1404 fatigans

226 1419 443 1461 Fervidus
460 1421 767 1470 Umbrasides,
789 1420 889 1461 hinc
910 1419 1029 1460 nudo
1050 1419 1232 1460 Troilus
1252 1430 1360 1459 ense

226 1486 453 1540 Disputat,
470 1492 511 1527 et
530 1492 727 1536 mortem,
748 1487 878 1528 menti
898 1499 989 1540 qua
1010 1485 1127 1526 cella
1146 1484 1358 1535 secunda,

1589 1484 1675 1525 255

223 1551 433 1593 Attonito
454 1553 680 1594 concludit
699 1558 852 1594 atrox:
883 1552 1042 1593 frustra
1062 1551 1137 1592 ille
1152 1551 1325 1592 laborat

225 1619 422 1670 Solvere,
444 1633 544 1661 curn
564 1625 752 1673 nequeat
769 1621 904 1661 fatale
924 1631 1111 1660 necesse
1130 1617 1287 1659 refelli.

824 1738 948 1752 Nem

949 1737 1071 1750 ccccc

265 1818 328 1847 250
344 1816 450 1847 Discis
467 1815 554 1848 Edd.
568 1816 658 1847 Mor.
674 1820 708 1847 et
724 1815 1004 1857 spondam—252
1023 1815 1114 1847 Visos
1130 1812 1219 1846 Edd.
1237 1812 1327 1844 Mor.
1346 1817 1383 1845 et
1398 1812 1572 1854 Spondan.
1584 1823 1678 1845 mesas

229 1859 296 1891 Ms.
313 1868 419 1899 marg.

881 1931 1023 1964 NOTAE

266 2009 328 2038 241
367 2007 492 2038 Mactat
518 2006 661 2038 Achonta
698 2007 829 2046 Pholus,
854 2006 922 2047 2322]

226 2058 354 2088 Versus
376 2056 587 2087 rotunditate
605 2062 640 2087 et
655 2055 807 2096 ἀναλήψει
822 2056 922 2096 insig-

227 2115 287 2136 nes
301 2116 309 2136 :
323 2110 359 2136 nt
372 2105 470 2146 Virg.
487 2114 539 2136 lx.
552 2107 560 2121 ‘
573 2106 756 2146 Ortygium
769 2107 925 2145 Caeneus,

226 2154 391 2185 victorem
415 2155 540 2186 Caenea
554 2155 706 2185 Turnus:
732 2154 819 2187 Vide
835 2155 924 2187 infra

226 2206 301 2235 496.

270 2256 334 2285 246
358 2253 424 2285 Hic
443 2254 542 2285 lautos
564 2254 668 2286 obruit
690 2255 807 2296 omnes]
832 2255 924 2288 Quid

228 2303 236 2319 ‘
250 2302 394 2334 lautos?
417 2304 521 2334 laudes
536 2304 625 2343 lego.

271 2354 335 2382 249
366 2352 507 2383 Docilem
528 2354 647 2391 gaudet
672 2353 783 2384 vicisse
806 2354 924 2393 magis-

228 2401 325 2442 trum]
338 2402 473 2432 Pullum
483 2402 576 2433 illum
587 2403 800 2444 Martis,ips0
810 2405 925 2435 Marte

228 2452 490 2494 pugnaciorem:
507 2453 610 2493 juxta
626 2453 827 2494 diverbium,
842 2458 926 2485 Πολ-

230 2505 280 2537 λοὶ
294 2503 427 2545 μαθηταὶ
442 2503 614 2544 κρείττονες
629 2503 834 2536 διδασκάλων.

270 2558 336 2587 254
352 2555 447 2586 Nudo
458 2555 582 2585 Troilus
595 2564 663 2586 ense
678 2554 848 2595 Disputat]
863 2555 927 2586 Le-

229 2606 336 2647 gerim
367 2605 522 2644 dissipat3
546 2604 607 2634 sed
634 2604 771 2644 disputat
794 2604 924 2642 voluit3

228 2655 317 2696 qnod
331 2664 382 2686 ιν.
394 2654 404 2670 ‘
415 2663 501 2694 gena
514 2653 668 2693 disputat
677 2652 812 2695 hydris.’
828 2663 926 2695 quem

229 2705 319 2736 vide.
339 2703 517 2742 Ἀνοίλαγον
542 2704 620 2745 quid
647 2709 700 2735 est
726 2705 760 2735 in
780 2705 838 2735 illo
856 2704 927 2736 Ho-

229 2755 326 2795 meri,
354 2754 397 2785 ΙΙ.
418 2757 456 2786 Θ.
480 2753 551 2793 δόρυ
564 2754 703 2792 μαίνεται
729 2754 762 2785 ἐν
785 2753 928 2797 παλάμῃ·

230 2815 291 2836 σιν.

270 2856 332 2886 255
359 2854 402 2885 Et
427 2856 567 2894 mortem,
589 2854 687 2885 menti
712 2864 773 2894 qua
791 2855 868 2887 cella
882 2864 928 2887 se-

977 2006 1093 2046 cunda]
1118 2005 1195 2038 Qua
1218 2004 1325 2036 menti
1346 2007 1400 2035 est
1416 2004 1503 2035 cella
1518 2003 1680 2043 secunda,

979 2055 1013 2085 in
1042 2054 1190 2095 occipite
1206 2064 1213 2084 ε
1250 2054 1304 2084 vel
1336 2053 1379 2084 de
1411 2053 1613 2091 ventriculo,
1640 2058 1680 2084 ut

979 2103 1090 2144 ἶητρῶν
1103 2104 1209 2134 παῖδες
1228 2103 1335 2141 aiunt,
1359 2102 1508 2141 cerebri,
1532 2101 1679 2140 intelligi

979 2158 1107 2194 potest.
1143 2153 1198 2183 Ita
1209 2152 1339 2182 dictum
1353 2150 1445 2182 foret
1461 2155 1471 2168 ‘
1485 2151 1570 2181 cella
1587 2159 1679 2181 meu-

979 2202 1047 2242 tis‚'
1060 2207 1097 2233 ut
1110 2202 1249 2233 Lucret.
1271 2200 1404 2231 ‘caulas
1417 2199 1541 2239 palati,’
1557 2199 1680 2230 ‘aethe-

978 2253 1045 2292 ris‚'
1058 2249 1245 2293 ‘corporis,’
1254 2250 1435 2291 aliquoties
1445 2248 1548 2280 dixit:
1560 2254 1596 2279 ut
1607 2249 1681 2280 ‘arx

978 2304 1102 2334 mentis
1117 2303 1126 2316 ’
1160 2302 1342 2341 ‘templum
1373 2299 1522 2340 mentis,’
1557 2300 1680 2339 Papin.

978 2356 987 2372 ‘
999 2359 1118 2395 pectus
1131 2351 1281 2392 montis,'
1294 2356 1331 2382 ut
1346 2350 1499 2390 Gratim,
1511 2360 1576 2391 qua
1589 2351 1632 2381 de
1645 2360 1681 2382 re

979 2400 1528 2435 EustathiusSuarthiusAnalect.
1539 2409 1579 2431 11.
1595 2403 1627 2432 8,
1643 2401 1680 2432 Si

981 2464 1061 2486 vero
1080 2453 1123 2485 de
1146 2457 1260 2484 mento
1282 2451 1457 2491 intelligis,
1481 2450 1589 2482 simile
1613 2451 1681 2482 erit

978 2505 1027 2535 illi
1045 2504 1147 2535 Hom.
1162 2503 1205 2534 Il.
1224 2506 1259 2533 E.
1295 2499 1400 2540 Αἷχμὴ
1416 2500 1440 2530 δ’
1459 2497 1588 2539 ἐξεχύθη
1600 2500 1683 2540 παρὰ

979 2552 1104 2584 νείατον
1129 2553 1307 2591 ἀνθερεῶνα·
1346 2555 1383 2580 et
1415 2549 1568 2580 Corinth.
1597 2559 1680 2582 vnl.

980 2603 1100 2641 Πηλιὰς
1121 2601 1304 2643 εὐρυπύλοιο
1326 2599 1467 2637 διήλυθεν
1487 2599 1681 2640 ἀνθερεῶνος.

980 2655 1076 2694 Virg.
1087 2663 1121 2685 x.
1136 2655 1146 2671 ‘
1158 2651 1240 2684 ferit
1255 2652 1385 2682 eminus
1397 2650 1495 2682 hasta
1507 2651 1576 2682 Sub
1590 2660 1681 2683 men-

980 2709 1052 2737 tum
1070 2703 1220 2744 graviter
1236 2701 1373 2743 pressa.'

1022 2755 1086 2784 257
1112 2753 1192 2783 Cum
1216 2754 1347 2791 nequeat
1363 2749 1467 2788 fatale
1491 2760 1612 2782 necesse
1631 2761 1681 2784 re-

972 2803 1062 2844 felli]
1085 2803 1277 2835 Phanocles
1294 2801 1384 2842 apud
1397 2802 1504 2833 clem.
1519 2800 1618 2832 Alex.
1634 2812 1682 2833 vr.

981 2856 1108 2888 Strom.
1130 2853 1233 2886 Ἀλλὰ
1251 2851 1289 2884 τὸ
1314 2850 1446 2893 μοιράων
1468 2851 1539 2891 νῆμ.’
1566 2851 1683 2884 ἄλυτον
