1889 3194
612 316 674 345 DE
710 315 865 345 BELLO
896 313 1124 345 TROJANO
1158 312 1253 344 LlB.
1285 314 1350 343 VI.

245 411 391 453 Metiri
406 411 502 465 jam
523 411 616 452 fata
631 411 749 460 licet,
772 414 842 450 tot
861 409 968 450 ditia
990 412 1168 462 spectes

241 479 393 529 Arma,
413 479 551 529 Deos,
571 478 736 527 cultus,
756 489 964 530 gemmas,
986 476 1107 525 ebur,
1126 487 1242 526 aera3
1273 487 1358 516 nec
1378 487 1571 529 unquam

243 546 454 587 Pluribus
473 545 683 587 intumuit
703 545 864 586 victrix
882 543 1060 584 fortuna
1077 543 1272 596 tropaeis.

1602 541 1687 583 860

301 612 543 666 Postquam
557 613 680 666 justa
697 612 860 653 ducum
881 610 1053 652 suffecit
1073 611 1217 664 copia,
1237 609 1372 663 vulgo

244 679 446 734 Spesque
466 679 621 721 avidas
642 680 838 720 tribuens
859 678 967 720 vicit
986 690 1156 728 manus,
1176 677 1370 732 undique
1391 676 1523 718 laetos

245 745 535 788 Conclamant
552 746 742 788 reditus:
774 745 1053 799 tandemque,
1080 740 1159 786 sed'
1176 744 1307 785 exule
1325 744 1461 794 bello,

245 812 300 854 In
321 825 420 854 sese
439 817 596 854 natura
616 814 750 855 redit:
791 813 866 854 dat
885 816 1083 867 tempora
1102 816 1242 862 vates,

247 880 342 921 Dat
360 879 519 929 lucem,
539 893 627 933 qua
646 880 747 921 vela
765 883 936 934 parent,
957 883 1144 933 suntque
1164 879 1254 921 otia
1274 877 1425 920 Graiis

1607 875 1694 917 865

247 946 423 987 Interea
441 947 626 988 lustrare
648 960 757 999 vago
776 946 994 988 fumantia
1013 959 1167 999 gressu

248 1013 466 1066 Pergama
482 1026 493 1065 3
530 1026 635 1067 pars
655 1014 770 1055 odiis
788 1014 982 1054 nondum
1000 1013 1216 1066 furiisque
1235 1011 1424 1066 peractis

250 1080 470 1121 Rhoeteos
492 1080 658 1134 spoliat
679 1081 833 1131 colles,
852 1081 998 1122 latura
1018 1092 1276 1134 cupressum

250 1147 510 1198 Funeribus,
530 1148 703 1188 laurum
721 1148 874 1199 sacris,
895 1152 937 1189 et
958 1148 1182 1202 puppibus
1203 1147 1368 1187 alnum.

305 1213 335 1255 J
339 1226 409 1255 am
430 1215 547 1255 votis
562 1215 832 1269 tumulisque
850 1215 1024 1264 modus,
1045 1215 1288 1267 classisque
1307 1216 1466 1254 novata

1611 1211 1697 1254 870

251 1281 526 1334 AEquoreum
545 1282 749 1323 sulcabat
768 1283 878 1324 iter:
908 1286 1022 1324 rotat
1042 1282 1200 1323 obvius
1219 1293 1323 1322 ecce

251 1348 416 1390 Auster
435 1361 593 1401 aquas,
615 1349 900 1403 geminasque
917 1349 1101 1404 hyemes
1122 1352 1166 1390 et
1185 1348 1365 1388 fiumina
1384 1350 1426 1388 et
1445 1347 1607 1388 imbres

250 1415 513 1469 Tempestas
532 1417 714 1470 inopina
733 1422 908 1458 movet:
938 1420 1088 1458 monet
1107 1428 1244 1468 augur
1261 1415 1398 1456 ituros

254 1482 460 1523 Nondum
480 1483 671 1536 placatis
692 1484 844 1525 iterare
864 1484 1042 1537 piacula
1063 1483 1195 1523 divis.

253 1549 282 1590 J
286 1561 390 1590 ussa
406 1549 542 1590 duces
561 1551 738 1600 obeunt,
757 1551 1023 1604 memorique
1049 1549 1280 1602 Polyxena
1300 1547 1484 1601 Pyrrho,

1617 1545 1702 1588 875

254 1615 359 1657 Non
380 1617 573 1667 inventa,
595 1618 741 1659 subit:
771 1617 953 1667 frendet,
976 1617 1286 1670 Phrygiosque
1304 1615 1485 1656 lacessit

255 1682 454 1725 Efferus:
484 1684 597 1725 hanc
617 1685 840 1735 thalamis,
862 1685 1056 1726 Hecuba
1077 1683 1289 1732 tradente,
1309 1681 1505 1735 paternis

255 1751 365 1792 Dux
385 1749 680 1793 Anchisiades
702 1752 1022 1793 absconderat:
1054 1765 1080 1792 o
1103 1750 1247 1792 scelus
1268 1749 1437 1801 ingens,

256 1816 479 1859 Redditur
497 1819 653 1860 invisis
673 1819 827 1861 infelix
847 1819 999 1873 praeda
1020 1817 1225 1871 Pelasgis
1243 1817 1252 1857 !

314 1884 392 1936 At,
413 1885 519 1927 licet
536 1885 652 1927 haud
674 1900 842 1940 aequas,
865 1890 1037 1928 servata
1058 1886 1238 1939 virgine,
1258 1893 1434 1939 poenas,

1621 1877 1705 1920 880

911 2013 1054 2048 NOTAE

260 2086 379 2119 scribit
411 2087 542 2119 Seneca
580 2088 676 2120 initio
707 2089 833 2121 Troad.
856 2093 865 2107 ‘
881 2089 958 2121 Stat

261 2136 378 2167 avidus
404 2137 456 2167 ira
483 2138 607 2176 victor,
633 2142 669 2169 et
699 2138 827 2170 lentum
856 2139 957 2170 Ilium

260 2186 408 2217 Metitur
422 2185 552 2226 oculis‚’
564 2189 629 2217 &cu
652 2188 662 2204 ‘
676 2187 796 2218 Fatum
811 2188 819 2201 ¹
834 2188 890 2219 Ilii
907 2193 959 2220 est

261 2235 316 2266 hic
331 2236 517 2277 opulentia,
529 2236 740 2278 magnitudo,
751 2238 886 2279 praeda:
901 2248 959 2270 ex-

260 2285 367 2326 plicat
383 2285 468 2324 ipse.

305 2337 368 2366 863
385 2335 589 2375 Tandemque,
600 2337 654 2367 sed
664 2336 754 2368 exule
762 2335 854 2378 bello]
872 2337 961 2369 Vide

263 2393 303 2416 11.
318 2387 397 2416 459.

305 2436 367 2465 864
392 2434 432 2465 In
443 2437 629 2466 sesenatura
639 2436 738 2477 redit]
763 2437 874 2477 Supra
886 2439 962 2468 652.

304 2487 368 2516 868
393 2485 538 2517 Rhoeteos
551 2486 665 2525 spoliat
689 2487 796 2527 colles]
818 2486 964 2518 Ῥοίτειον

264 2535 406 2567 Troadis
423 2535 500 2567 urbs
522 2540 576 2567 est
597 2537 730 2577 Scylaci
748 2538 965 2579 Caryanden-

265 2586 305 2617 si.
320 2585 432 2617 strab.
450 2594 532 2617 ΧΙΠ.
552 2585 798 2619 ‘Pola-aonam
810 2587 861 2619 ἐπὶ
877 2587 966 2628 λόφῳ

265 2634 400 2674 κειμένη.

309 2688 372 2717 872
399 2685 605 2725 Geminasque
630 2686 750 2727 hyemes
779 2690 810 2718 et
828 2687 967 2728 flumina

267 2739 298 2768 et
325 2735 453 2775 imbres]
490 2735 608 2766 Malim
638 2737 647 2753 ‘
672 2735 837 2777 fulmina‚'
865 2747 966 2779 qnam

269 2787 279 2804 ‘
294 2785 434 2818 flumina
444 2785 454 2799 ’
467 2790 504 2817 et
518 2790 527 2803 ‘
539 2784 699 2818 flamina!

312 2838 373 2868 875
397 2835 592 2876 IlIemorique
628 2836 791 2877 Polyxena
827 2837 967 2878 Pyrrho,

1011 2089 1086 2120 Non
1114 2088 1254 2126 inventa,
1281 2085 1378 2125 subit]
1405 2084 1461 2116 Ita
1486 2082 1624 2115 Curtius
1652 2091 1710 2114 111.

1010 2141 1019 2156 ‘
1037 2139 1120 2170 Sera
1136 2136 1337 2178 poenitentia
1354 2135 1446 2165 subit
1463 2131 1603 2173 regem.'

1055 2190 1117 2219 878
1141 2188 1222 2218 Dux
1250 2185 1457 2217 Anchisiades
1492 2182 1712 2223 absconderat]

1014 2238 1235 2269 Ethnicorum
1259 2236 1318 2266 illa
1347 2233 1529 2266 crudelitas
1554 2233 1714 2273 plurimo-

1015 2297 1101 2327 rum,
1119 2286 1160 2318 ad
1178 2295 1295 2326 rogum
1313 2294 1380 2315 non
1403 2287 1534 2314 tantum
1556 2281 1716 2313 animalia

1016 2338 1159 2377 reliqua,
1172 2336 1231 2367 sed
1244 2341 1278 2365 et
1290 2333 1440 2365 homines
1454 2337 1618 2363 mactare.
1642 2331 1714 2362 Res

1015 2393 1097 2419 nota
1122 2392 1158 2418 et
1174 2385 1298 2427 passim
1315 2384 1428 2423 obvia,
1443 2382 1487 2414 de
1509 2391 1576 2423 qua
1591 2381 1716 2413 Kirch-

1016 2446 1158 2468 mannus
1187 2435 1297 2466 11111113
1326 2443 1385 2465 111.
1401 2435 1434 2464 4.
1459 2432 1501 2463 de
1526 2431 1716 2464 funeribus.

1017 2487 1247 2518 Philostratus
1259 2493 1340 2515 vero
1352 2483 1385 2514 111
1401 2482 1573 2521 Heroicis,
1587 2491 1655 2513 non
1666 2481 1718 2512 iu·

1017 2535 1120 2567 ferias
1137 2535 1272 2565 missam
1287 2533 1511 2572 Polyxenam,
1527 2531 1588 2562 sed
1605 2540 1718 2562 amore

1020 2590 1056 2618 et
1081 2584 1250 2616 desiderio
1268 2582 1410 2613 Achillis
1428 2581 1469 2611 ad
1491 2580 1581 2611 illius
1607 2585 1717 2612 tumu-

1020 2637 1088 2667 lum
1112 2636 1202 2667 ferro
1222 2632 1416 2665 incubuisse
1439 2630 1572 2661 scribit.
1604 2631 1614 2648 ‘
1632 2631 1719 2662 Abs-

1021 2684 1210 2723 conderat‚’
1221 2680 1554 2725 inquit‚‹rvye<6mwv:
1571 2680 1621 2712 ita
1629 2681 1720 2713 enim

1021 2733 1339 2774 Lucanus,Seneca,
1353 2732 1468 2771 Silius,
1484 2735 1521 2762 et
1535 2730 1718 2762 Tertullia-

1020 2796 1083 2817 nus
1097 2786 1241 2817 malunt.
