1889 3194
180 316 266 358 412
696 328 899 359 Josnpnr
933 327 1097 358 isCANr

181 419 211 460 J
214 432 283 460 am
304 423 384 460 tua
402 418 468 460 sic
490 419 619 461 Hebe
639 420 784 474 pariat
804 419 1008 460 Saturnia
1029 418 1164 467 coelo,
1538 418 1623 460 135

185 485 242 526 Et
261 490 415 527 nostro
434 499 552 527 nova
570 490 708 540 nupta
729 485 847 526 duci.
906 484 1169 525 Plaudentia
1190 496 1342 525 rursus

182 552 320 594 Tecta
338 557 509 599 sonant,
529 553 734 606 festoque
755 552 877 593 favet
898 552 1023 604 plebs
1044 551 1148 592 laeta
1167 551 1370 592 tumultu.

183 618 294 660 Sola
314 623 462 660 tamen
482 619 591 660 duro
611 621 754 660 turbat
775 619 977 660 convivia
997 618 1123 659 vultu

185 684 397 730 Hesione,
419 686 581 739 spernit
601 686 797 738 plausus,
818 684 999 737 oditque
1017 684 1230 733 faventes,

186 750 264 792 Nil
286 752 426 793 titulis
448 756 644 806 permota
665 753 772 799 suis,
793 764 884 792 non
903 750 1006 792 dote
1029 751 1237 804 superba,
1537 750 1623 792 140

186 817 231 857 N
235 830 292 857 on
314 818 459 858 cultus
478 818 635 858 mirata
652 829 803 869 novos,
825 817 910 857 sibi
931 822 1067 871 capta
1088 817 1241 866 videri,

186 882 355 923 Moesta
375 884 513 937 queri,
535 888 578 925 et
599 884 773 937 quoties
793 884 878 924 sibi
900 884 1074 937 plaudit
1090 884 1226 937 regia,
1246 897 1402 925 nomen

186 949 369 1001 Reginae
388 950 564 1003 captiva
584 954 731 1003 pavet,
753 963 836 991 nec
856 951 996 992 libera
1011 950 1122 1000 fidit,

186 1016 272 1057 Sed
289 1015 420 1070 jussa
439 1017 484 1056 in
506 1016 727 1058 thalamos
746 1017 896 1058 timide
916 1021 1099 1059 ventura
1119 1020 1317 1059 coactos.

187 1081 383 1135 Cumque
405 1082 505 1123 aliis
524 1083 806 1125 modulentur
826 1097 944 1134 aveS,
964 1097 1064 1137 quae
1086 1083 1276 1138 conjuga
1293 1083 1384 1125 fata
1542 1082 1629 1124 145

187 1149 446 1190 Exhilarant
465 1150 643 1191 meliore
664 1150 775 1204 lyra,
799 1151 884 1191 sibi
906 1151 1084 1192 credula
1097 1150 1223 1203 fingit

189 1215 466 1269 Noctivagas
487 1216 683 1258 ululasse
706 1218 873 1271 striges,
893 1217 1065 1258 bubone
1082 1218 1259 1258 sinistro

187 1283 328 1324 Tecta
347 1283 500 1336 premi,
521 1283 759 1337 Stygioque
782 1288 906 1325 satas
927 1283 1175 1325 Acheronte
1196 1296 1370 1324 sorores

190 1349 409 1390 Funestas
431 1349 622 1402 gessisse
642 1349 777 1390 faces.
840 1350 943 1391 Heu
961 1363 1084 1392 caeca
1102 1350 1252 1401 futuri,

189 1415 336 1466 Quam
359 1428 526 1457 saevum
547 1417 683 1470 patris
704 1416 904 1469 paritura
923 1417 1160 1471 nepotibus
1177 1417 1345 1458 hostem
1363 1417 1373 1457 Ξ
1546 1417 1628 1458 150

189 1481 445 1532 Quinetiam
467 1482 642 1524 oblatos
661 1482 837 1533 calices,
861 1483 1013 1525 oblata
1031 1489 1209 1525 recusat

194 1548 382 1602 Cymbia
401 1561 411 1589 ε
441 1561 557 1589 nunc
578 1549 712 1590 tacito
727 1548 948 1602 perfundit
966 1551 1126 1603 pocula
1144 1551 1279 1600 luctu,

190 1615 248 1656 Et
268 1616 486 1669 lacrymas
506 1615 620 1656 bibit
639 1615 738 1669 ipsa
758 1628 881 1665 suas,
903 1617 1108 1669 segnique
1126 1621 1347 1658 morantes

192 1681 535 1734 crescentesque
550 1681 672 1722 cibos
692 1687 823 1734 gustu
835 1682 989 1736 jejuna
1005 1682 1177 1735 fatigat.

247 1747 433 1788 Tristior
448 1748 615 1788 interea
631 1748 851 1802 Phrygius
868 1749 1085 1790 delabitur
1099 1750 1261 1803 hospes
1547 1750 1631 1790 155

192 1813 245 1854 In
268 1819 440 1866 portus,
458 1813 698 1864 Salamina,
718 1818 832 1864 tuos,
850 1828 1060 1869 ramoque
1075 1807 1290 1858 verendus

192 1880 399 1921 Palladio
421 1881 565 1921 celsas
582 1881 702 1922 subit
720 1893 859 1922 arces.
916 1881 1080 1924 Cetera
1094 1896 1227 1924 nosse

193 1946 325 1988 Curia
342 1951 585 1997 cunctatur,
604 1948 832 1988 concivem
856 1948 955 1990 sola
976 1949 1277 2004 Phrygemque

794 2088 1031 2101 eeeeeeeeeee

234 2174 295 2203 138
321 2171 418 2203 Tristi
433 2172 500 2203 Ms.
514 2181 619 2213 marg.
661 2174 746 2204 luctu
761 2173 828 2206 Ms.
843 2177 1056 2216 marg—146
1084 2175 1239 2216 Expirant
1256 2176 1321 2208 Ms.
1337 2186 1443 2218 marg.

845 2313 984 2345 NOTAE

238 2399 299 2427 140
324 2395 383 2426 Nil
406 2394 508 2426 titulis
527 2399 668 2436 permota
685 2396 765 2437 suis]
788 2397 888 2438 Regi·
942 2398 1012 2429 fab.
1031 2401 1083 2430 89.
1105 2400 1273 2430 Teucrum
1297 2409 1340 2430 ex
1361 2399 1420 2430 illa
1440 2404 1553 2431 uatum
1573 2400 1635 2441 ait,

195 2454 246 2475 nae
263 2450 300 2475 et
323 2454 467 2484 sponsae.
942 2447 1083 2488 Ajacem
1099 2458 1179 2480 vero
1195 2459 1237 2480 ex
1251 2448 1417 2484 Peribaea.
1432 2449 1501 2481 fab.
1516 2452 1571 2482 97.

240 2497 299 2525 147
324 2494 518 2532 Noceivagas
529 2494 661 2525 ululasse
675 2496 807 2536 striges]
823 2497 888 2528 Pa·
987 2500 1045 2529 151
1073 2498 1188 2530 Oblata
1196 2501 1315 2530 recusat
1332 2498 1475 2539 Cymbia]
1487 2499 1635 2530 Pulchre

195 2543 264 2583 pin.
289 2545 298 2561 ‘
316 2543 568 2584 Nocturnaeque
599 2550 737 2584 gemunt
766 2546 889 2587 striges
942 2547 1130 2587 ἐτυμολογεῖ
1140 2558 1276 2588 magnus
1293 2548 1408 2578 Caesar
1431 2548 1585 2588 Scaliger
1599 2548 1636 2579 in

197 2598 232 2623 et
248 2591 367 2623 feralia
383 2592 494 2624 bubo:
942 2597 1008 2629 isto
1035 2598 1211 2633 vocabulo,
1241 2598 1352 2637 Epist.
1381 2600 1435 2628 26.
1463 2597 1634 2638 cymbium

239 2644 301 2672 150
327 2642 426 2676 Quam
439 2651 554 2673 saevum
567 2643 669 2682 patris
681 2644 824 2683 paritura
838 2655 891 2677 ne-
942 2648 982 2679 ὡς
997 2647 1046 2679 ἐπὶ
1061 2649 1141 2686 κῦμα
1164 2648 1283 2686 βαῖνον,
1299 2657 1318 2677 a
1333 2656 1399 2687 quo
1419 2655 1486 2678 non
1502 2646 1636 2678 abludit

192 2689 314 2729 potibus
329 2690 461 2731 hostem]
491 2690 634 2731 Ajacem
649 2693 892 2734 Telamonium,
940 2702 1061 2729 auctor
1075 2696 1314 2737 Etymologici.

195 2739 286 2779 quod
311 2748 359 2769 vr.
383 2749 436 2770 res
460 2741 592 2780 probat,
621 2752 688 2773 non
709 2745 891 2785 Teucrum,
987 2749 1048 2778 153
1073 2747 1117 2777 Et
1131 2748 1282 2786 lacrymas
1297 2744 1375 2776 bibit
1388 2746 1456 2785 ipsa
1467 2746 1555 2786 suas]
1579 2747 1637 2779 Ita

196 2794 235 2820 ut
251 2790 448 2829 Apollodori
465 2793 568 2823 verba
582 2800 660 2825 sunt
672 2804 713 2825 n.
727 2798 801 2826 111.
815 2805 890 2836 qnae
945 2795 1036 2825 Psal.
1057 2797 1129 2826 102.
1152 2793 1190 2824 τὸ
1207 2791 1290 2831 πόμα
1308 2805 1367 2831 μου
1387 2793 1466 2831 μετὰ
1481 2797 1637 2834 κλαυθμοῦ

197 2838 365 2876 glossema
394 2840 561 2872 redolent.
608 2842 764 2883 Hyginus
787 2844 891 2875 etiam
946 2843 1077 2883 ἐκίρνων.
