1889 3194
232 342 317 382 444
756 351 955 383 Josssprn

992 351 1156 383 lscANl

231 444 433 486 Consilia
456 444 668 494 Hesione,
687 445 879 498 Superos
900 445 1082 498 premit:
1115 444 1244 486 audit
1261 448 1305 486 et
1326 447 1459 489 audet

233 513 343 553 Dux
363 511 452 552 falli
471 525 480 552 ε
506 512 698 564 fatisque
719 512 854 561 favet,
877 525 975 552 cum
997 511 1088 552 fata
1106 517 1296 553 recuset.

232 578 382 631 Atque
404 579 484 628 ita,
505 578 591 627 dic,
610 578 767 631 inquit,
789 579 877 618 alio
897 578 968 618 dic
985 578 1136 618 ordine
1155 577 1258 627 fata,

1578 580 1667 620 110

232 646 446 695 Antenor,
466 658 658 686 memora
671 645 764 699 jam
783 644 927 696 facta:
955 657 1139 685 necesse
1160 649 1387 697 peractum

235 713 447 754 Constat:
475 716 723 760 venturum,
745 710 953 751 mutabile
973 711 1161 752 transit:
1196 711 1406 753 habemus

233 779 263 820 J
267 793 337 820 am
359 778 528 820 cunctis
548 777 748 831 graviora
766 776 911 826 minis,
932 776 1110 830 perfusa
1129 789 1285 818 cruore

234 845 467 898 Pergama,
489 849 719 897 nuptarum
738 843 974 897 lacrymas,
996 844 1287 897 planctusque
1306 848 1544 897 parentum.

234 911 305 952 Tu
326 924 501 965 quoque
515 912 612 952 visa
628 910 738 951 refer
758 909 963 963 Phrygiae
984 911 1194 963 repetitor
1224 911 1435 952 alumnae:

1584 911 1668 952 115

234 976 383 1031 Atque
404 978 480 1027 ita,
495 991 595 1031 quae
616 989 796 1030 passus,
817 976 962 1017 obiter
982 980 1051 1017 tot
1071 976 1268 1017 cladibus
1289 976 1417 1018 adde.

236 1045 324 1086 His
345 1045 498 1086 saltem
521 1045 651 1086 cedat
670 1043 934 1085 bacchantis
954 1042 1106 1084 fabula
1120 1043 1225 1092 fani,

235 1111 291 1152 Et
310 1117 489 1153 moneat
504 1112 677 1165 potiora
696 1110 805 1151 fides
826 1123 836 1151 :
867 1109 989 1162 prius
1005 1122 1105 1150 esse
1125 1110 1302 1162 negabit

237 1177 370 1219 Unda
388 1178 545 1227 fluens,
564 1178 680 1230 ignis
701 1189 849 1226 urenS,
874 1176 1104 1229 spirabilis
1126 1176 1215 1225 aer,

238 1243 383 1294 Quam
407 1245 542 1286 dictet
557 1244 764 1285 facienda
784 1243 904 1284 furor
921 1256 930 1280 :
961 1243 1027 1284 sic
1044 1242 1172 1293 fatur,
1194 1247 1241 1284 at
1261 1243 1348 1291 ille,

1593 1242 1677 1284 120

291 1311 406 1365 Ergo
427 1310 528 1364 (ait)
541 1324 567 1352 o
588 1313 725 1360 cives,
742 1323 888 1351 rerum
909 1309 1115 1350 testanda
1136 1310 1330 1362 priorum

238 1378 469 1419 Historia?
502 1391 555 1418 an
576 1378 705 1431 lapsa
722 1382 790 1418 est
804 1376 997 1417 nondum
1017 1377 1181 1418 vetus?
1218 1376 1367 1416 indice
1388 1378 1546 1429 questu

236 1445 344 1485 Non
364 1458 476 1498 opus
497 1448 579 1494 est,
601 1445 678 1485 ubi
699 1456 833 1496 regna
853 1443 986 1484 dolos
1008 1447 1050 1483 et
1080 1443 1197 1483 bella
1219 1443 1470 1495 loquuntur.

235 1511 444 1552 Vidimus
460 1512 652 1552 emeritis
671 1509 924 1551 foecundam
948 1510 1124 1550 civibus
1141 1510 1307 1558 urbem,

237 1577 382 1631 Atque
399 1578 531 1619 alium
548 1590 723 1630 regnare
744 1576 927 1616 ducem:
961 1576 1156 1616 nondum
1179 1575 1293 1615 Ilion
1316 1573 1446 1626 Argis

1589 1573 1679 1614 125

237 1644 445 1686 Cesserat
462 1659 472 1686 :
512 1644 648 1685 hasne
666 1643 790 1684 vices
805 1643 938 1683 velox
955 1642 1123 1682 oblivio
1145 1641 1306 1682 transit

840 1780 855 1791 e
860 1778 1050 1791 ‘eoeeeeeoe
1055 1778 1072 1789 ο

282 1863 343 1891 108
367 1859 506 1890 eoncilia
521 1859 588 1890 Ms.

887 1953 1026 1985 NOTAE

279 2021 340 2050 100
365 2017 619 2058 Fatisquefavet,
631 2027 698 2047 cum
705 2016 781 2055 fata
795 2017 928 2057 recuset]

237 2069 338 2100 Prius
361 2073 412 2098 est
438 2068 480 2098 de
507 2071 605 2107 raptu
628 2067 794 2105 Helenae;
818 2071 930 2107 poste·

237 2118 304 2148 rius
335 2116 442 2147 fatum
470 2116 512 2147 de
542 2116 656 2147 ἁλώσει
686 2116 816 2156 Trojae.
861 2115 928 2147 Hic

235 2167 358 2207 Papia.
385 2175 449 2197 vn.
489 2166 694 2206 ‘lucemque
720 2165 854 2203 timent,
879 2165 929 2195 lu-

235 2226 377 2257 cemque
393 2215 599 2256 precantur‚‘
609 2224 660 2246 rx.
673 2215 682 2232 ‘
693 2215 786 2246 credi
802 2215 930 2246 lethum

237 2267 422 2307 suadetque
452 2264 634 2306 vetatque,’
657 2270 692 2296 et
709 2274 762 2296 xr.
784 2269 793 2282 ‘
809 2265 932 2296 vicina-

237 2326 302 2358 que
318 2315 436 2346 funera
451 2316 565 2355 sentit,
582 2316 625 2346 Et
642 2316 769 2346 sentire
787 2314 906 2346 timet?

280 2368 339 2396 111
355 2366 485 2397 Necesse
497 2369 655 2405 peractum
665 2366 809 2395 Constat:
823 2368 929 2396 ventu-

235 2424 315 2453 rum,
330 2414 490 2454 mutabile]
504 2414 665 2454 Necesse,
680 2418 719 2445 ut
729 2414 844 2446 Graeci
861 2412 931 2445 ἐπά-

236 2475 347 2503 ναγκες
361 2476 368 2495 ;
397 2465 577 2505 Euripides
593 2466 626 2496 in
644 2466 778 2502 Oreste,
791 2464 930 2503 ἀνάγκης

236 2512 337 2552 ζυγόν.
382 2514 437 2545 Ita
468 2523 517 2545 vr.
548 2517 623 2546 257.
655 2520 664 2532 ‘
678 2524 754 2546 cum
783 2519 930 2555 nequeat

237 2562 338 2593 fatale
352 2573 491 2594 necesse
508 2563 641 2596 refelli!
686 2565 857 2603 Necessis,
873 2573 928 2595 ne-

236 2621 381 2652 cessum,
411 2617 445 2643 et
468 2622 621 2645 necesse.
663 2613 842 2644 Sententia
865 2618 930 2652 est,

237 2662 413 2700 praeterita
425 2661 626 2701 reprehendi
639 2672 704 2693 non
718 2672 827 2702 posse,
838 2663 931 2693 ideo-

237 2718 302 2748 que
319 2710 521 2750 necessaria,
547 2709 659 2741 futura
676 2710 860 2750 ἐνδεχόμενα
874 2710 930 2741 ἅλ-

237 2763 298 2786 λως
315 2757 409 2795 ἔχειν.
451 2760 580 2790 Seneca
592 2765 701 2791 contr.
719 2769 767 2792 1v.
783 2764 814 2792 4.
836 2760 846 2777 ‘
861 2761 931 2791 Ne-

238 2807 375 2836 cessitas
390 2811 440 2836 ost
454 2808 506 2836 lex
525 2809 709 2848 πωροι-ΕΚ
755 2811 932 2850 Epictetus

237 2854 385 2893 graviter
402 2854 442 2885 de
466 2857 559 2887 malis
577 2859 771 2897 prietcritis,
788 2859 932 2899 ideoque

983 2014 1193 2047 necessariis.
1218 2013 1330 2045 ’Ὅστις
1341 2012 1366 2043 δ’
1385 2011 1504 2053 ἀνάγκῃ
1520 2012 1680 2051 συγκεχώ-

983 2076 1075 2105 ρηκεν
1090 2065 1205 2102 καλῶς,
1220 2062 1322 2102 Σοφὸς
1333 2062 1400 2101 παρ’
1410 2061 1493 2102 ἡμῖν,
1507 2061 1557 2092 καὶ
1565 2061 1605 2092 τὰ
1617 2062 1677 2092 θεῖ’

982 2113 1168 2146 ἐπίσταται]
1205 2113 1380 2153 Sosipater
1395 2121 1436 2144 11.

1026 2167 1086 2195 121
1114 2164 1231 2195 Rerum
1247 2163 1388 2193 testanda
1406 2161 1546 2200 priorum
1563 2161 1677 2192 Histo-

981 2212 1046 2253 ria]
1070 2212 1171 2245 Ovid.
1188 2221 1230 2244 1¹.
1248 2211 1364 2242 Amor.
1392 2210 1401 2227 ‘
1419 2209 1584 2240 Omnibus
1611 2209 1677 2240 his-

982 2263 1076 2294 toriis
1093 2271 1127 2292 se
1143 2270 1235 2292 meus
1252 2264 1350 2300 aptat
1364 2258 1482 2290 amor.’
1516 2258 1572 2290 Ita
1583 2257 1679 2289 Pedo

982 2311 1143 2342 Albinov.
1160 2311 1170 2328 ‘
1184 2310 1270 2341 Pars
1286 2309 1351 2340 erit
1366 2308 1527 2347 historiae,
1539 2311 1679 2348 totoque

984 2361 1119 2400 legetur
1144 2359 1178 2390 in
1203 2357 1308 2390 orbe.’
1353 2358 1439 2390 Quae
1467 2356 1626 2392 adducta,
1643 2360 1682 2388 ut

984 2409 1129 2441 Poetica
1165 2408 1231 2438 suis
1272 2406 1396 2437 finibus
1434 2406 1656 2437 coerceantur
1671 2417 1679 2435 z

984 2458 1074 2489 aliud
1089 2461 1142 2488 est
1154 2456 1242 2486 enim
1255 2453 1486 2492 καταλογάδην,
1501 2454 1552 2485 καὶ
1566 2454 1680 2493 χύδην,

985 2509 1038 2539 vel
1047 2506 1137 2546 πεζῷ
1147 2505 1234 2544 λόγῳ
1247 2504 1407 2542 scribere,
1420 2503 1509 2534 aliud
1525 2502 1678 2543 ἐμμέτρως

984 2558 1035 2589 καὶ
1048 2556 1153 2596 ἐπόχῳ
1168 2555 1256 2594 λόγῳ
1269 2554 1320 2585 καὶ
1330 2551 1554 2593 μεμελισμένω,
1565 2558 1602 2584 ut
1615 2553 1680 2583 Eu·

984 2609 1126 2639 statilius
1141 2605 1182 2636 ad
1201 2604 1387 2636 Homerum
1401 2602 1564 2642 loquitur:
1590 2601 1679 2641 quod

986 2658 1088 2689 toties
1114 2655 1229 2686 divina
1254 2662 1315 2683 sua
1338 2650 1434 2691 κρίσει
1461 2659 1597 2688 magnus
1622 2650 1678 2680 ille

987 2705 1112 2746 ingerit
1125 2702 1297 2741 Scaliger:
1323 2709 1386 2730 nec
1402 2698 1568 2729 immerito
1585 2698 1678 2728 Aris-

986 2756 1109 2787 toteles
1136 2750 1259 2783 alicubi
1284 2751 1408 2782 monet,
1426 2747 1551 2779 Poe'tas
1569 2748 1679 2779 aliena

987 2804 1082 2847 quasi
1095 2803 1209 2842 lingua
1225 2800 1353 2831 locutos
1369 2806 1454 2828 esse.
