1889 3194
297 315 380 356 590
468 326 609 357 Norat
643 325 907 356 vannorum
942 326 990 355 lN

299 428 365 459 que
389 418 485 449 aliam
512 419 659 450 sobolem
683 428 780 460 quam
798 428 838 449 ex
855 418 988 449 ⁴Andro-

298 469 428 500 macha.

344 518 406 549 Per
434 518 500 549 dies
525 518 642 558 decem]
675 518 857 557 Homerus,
886 518 991 548 unde,-

298 568 382 599 cim:
406 567 495 608 apud
514 578 610 607 quem
626 567 789 608 Achilles,
802 567 917 606 Σχήσω
931 567 991 607 γὰρ

299 617 414 648 τόσσον
442 617 578 656 πόλεμον
603 617 716 657 χρόνον
740 618 836 649 ὅσσον
858 617 989 657 ἄνωγας.

298 666 347 697 Ut
373 667 437 701 hic,
463 667 627 697 ‘bellandi
653 667 810 708 requies.'
851 667 918 698 Sed
942 668 990 697 sic

300 717 387 747 solet
412 715 535 747 bellum
564 726 625 757 pro
651 717 833 757 proelio‚ut
847 718 990 748 diximus

299 774 411 805 supra.

342 815 394 854 §3
419 814 647 855 Placitumqne]
672 815 721 846 Ut
742 815 894 847 videatur
910 817 990 848 scri-

298 863 459 902 bendum,
482 869 490 881 ¹
505 864 707 905 actumque,’
727 865 789 896 hoc
815 871 881 905 est,
910 866 991 896 deli-

298 913 471 952 beratum3
495 915 639 944 nondum
655 915 742 946 enim
760 916 792 947 id
816 917 989 946 decretum

299 968 385 1001 erat,
401 962 507 994 donec
525 964 708 995 Diomedes
726 966 851 1005 rogatis
868 966 989 997 ducum

299 1013 477 1044 sententiis
493 1013 525 1044 id
541 1012 615 1044 fieri
636 1016 779 1047 curavit.

342 1064 359 1104 ξ
374 1066 393 1094 4
421 1064 580 1095 Cumirum
593 1069 623 1095 et
639 1066 790 1106 Ialysum]
814 1065 990 1097 Edebatnr

300 1123 457 1153 perverse
493 1116 503 1131 ‘
521 1114 708 1145 Galisamz'
745 1115 831 1150 libri,
863 1115 872 1132 ‘
892 1116 988 1156 Caly-

300 1162 395 1193 sum!
429 1163 554 1203 Scripsi
570 1167 579 1180 ⁴
595 1163 768 1203 Ialysum)
799 1165 990 1195 Homerus:

299 1213 418 1252 Λίνδον,
445 1212 609 1249 Ἰήλυσσόν
646 1225 696 1253 τε,
731 1214 779 1245 καὶ
810 1214 991 1254 ἀργινόεντα

300 1261 462 1302 Κάμειρον.

342 1313 393 1343 An
407 1312 564 1353 cupidine]
581 1313 633 1344 1ta
648 1313 772 1346 diserte
787 1315 862 1346 libri
876 1326 884 1347 ι
902 1315 990 1356 quod

300 1360 408 1401 inepti
432 1367 467 1392 et
494 1363 640 1401 imperiti
658 1370 865 1395 correctores
883 1371 990 1395 muta-

300 1415 433 1451 verant,
461 1412 776 1454 rescripserantque
803 1414 812 1429 ‘
830 1413 909 1444 (lein
935 1423 991 1444 cu-

301 1460 441 1501 pidine.'

344 1511 362 1550 §
385 1514 404 1542 7
427 1511 541 1543 Areias
562 1516 592 1543 et
618 1511 789 1553 Echemon]
819 1514 829 1531 ⁴
844 1513 966 1544 Areios
982 1513 991 1526 '

300 1566 352 1590 est
367 1561 398 1590 in
414 1565 555 1601 utroque
567 1562 634 1592 Ms.
656 1571 722 1592 non
746 1562 901 1593 Attreus:
920 1572 990 1594 rec·

301 1616 352 1640 te:
371 1611 402 1641 in
421 1611 626 1651 Apollodoro
643 1613 691 1642 ita
708 1612 913 1652 scripserim,
926 1622 990 1643 non

295 1660 472 1699 Ἄῤῥητοςε
503 1666 538 1691 at
569 1671 629 1700 pro
656 1661 794 1701 vulgato
817 1663 826 1678 ‘
844 1662 969 1693 Echion
983 1663 991 1676 '

301 1710 451 1741 Danielis
467 1711 550 1741 liber
566 1711 684 1742 habuit
708 1712 717 1727 ‘
732 1712 954 1742 Archemmon
970 1711 990 1749 ς’

304 1760 522 1799 Petavianus,
532 1762 541 1777 ‘
554 1760 758 1791 Eclienunon
770 1761 792 1792 :'
805 1771 823 1792 e
836 1771 901 1802 quo
914 1760 992 1799 feci,

298 1812 308 1827 ⁴
324 1810 525 1841 Ecliemont'
549 1811 604 1850 qni
628 1816 727 1841 notus
757 1811 859 1842 Hom.
886 1810 929 1842 11.
955 1815 989 1842 Ε.

300 1858 457 1898 Ἐχήμονά
471 1871 507 1890 τε
530 1859 665 1899 Χρόμιόν
675 1872 722 1891 τε.
766 1861 811 1891 Et
827 1870 990 1892 memora-

302 1916 354 1940 tus
368 1910 477 1941 eidem
494 1909 713 1949 Apollodoro.

343 1959 480 2000 Dryops,
506 1959 597 1997 Bias,
623 1963 652 1990 et
683 1959 855 2000 Corython]
878 1961 991 2000 Vulgo

302 2008 429 2039 editum
445 2008 523 2048 suit,
545 2009 555 2025 ‘
571 2009 712 2049 Drapsis
736 2009 806 2040 bias
823 2015 858 2040 et
874 2009 991 2040 Corin-

302 2058 358 2088 tha
375 2057 396 2088 :’
419 2058 502 2089 Mss.
524 2060 533 2075 ‘
547 2058 719 2098 Dyraspia
735 2065 769 2088 et
785 2058 993 2090 Clioritlion!

302 2107 436 2146 Dryops
454 2111 489 2138 et
505 2107 582 2137 Bias
598 2107 756 2138 recensiti
773 2107 991 2147 Apollodoro.

302 2156 532 2195 Corytlionem
554 2166 716 2196 nusquam
740 2157 897 2188 invenio:
921 2167 993 2188 cre-

302 2204 411 2245 doque
439 2204 705 2244 rewribendum,
726 2210 734 2223 ⁸
749 2206 982 2246 Gorgitliionz'

303 2264 365 2285 nec
392 2263 443 2284 mc
468 2259 580 2285 movet
596 2255 685 2295 qnod
698 2264 774 2285 eum
791 2265 893 2295 supra
910 2255 993 2286 dicit

303 2304 450 2335 occisum
469 2314 478 2343 3
503 2311 622 2335 namet
640 2305 692 2335 liic
703 2305 917 2336 Philenorem
934 2315 987 2336 no·

303 2354 421 2392 minat,
436 2364 535 2394 quem
561 2360 718 2386 necatum
736 2354 822 2385 dixit
839 2357 860 2386 l.
876 2364 933 2386 111.
958 2361 993 2386 et

303 2407 506 2447 Antiphnm,
521 2407 616 2447 cnjus
634 2407 764 2438 caedem
787 2407 905 2439 retulit
922 2408 994 2439 l.1r.

301 2455 465 2486 Ilioneum
496 2457 598 2498 etiam
627 2466 692 2487 non
716 2457 841 2494 inveni,
871 2457 933 2487 nisi
959 2458 992 2487 in

302 2503 510 2544 Apollodoro
533 2505 744 2536 scribendum
771 2506 814 2537 sit
835 2506 991 2546 Ἰλιονεὺς,

303 2562 363 2593 pro
377 2553 551 2592 Ἰδομενεύς.
583 2555 736 2586 Telestes
752 2555 785 2585 in
800 2555 917 2586 eodem
929 2562 993 2595 est,

303 2609 337 2634 et
350 2604 514 2645 Glaucus,
529 2609 564 2635 et
585 2604 753 2644 Agathan,
770 2614 867 2645 quern
890 2605 993 2636 etiam

304 2652 472 2684 Homerus
490 2654 654 2694 agnoscit,
669 2654 711 2685 ΙΙ.
727 2658 764 2685 Ω.
782 2654 838 2685 ubi
855 2660 891 2684 et
904 2654 993 2694 Aga-

304 2712 375 2733 vus.
418 2704 582 2744 Thyestes
604 2712 765 2744 nusquam
789 2703 867 2734 mihi
883 2698 994 2743 reper-

304 2755 370 2782 tus.

347 2803 364 2841 §
380 2805 398 2832 8
424 2802 539 2834 Eorum
555 2803 700 2834 humandi
711 2802 993 2843 veniam]Dudum

305 2851 415 2881 monui
432 2851 569 2891 probam
585 2858 619 2884 et
636 2853 805 2895 antiquam
822 2862 895 2884 esse
907 2853 992 2884 lianc

1031 325 1108 354 mc
1123 326 1215 354 rYM
1251 327 1561 357 CRETENSEM.

1041 418 1232 457 lectionem,
1258 428 1353 459 quam
1370 425 1510 461 uterque
1526 419 1731 460 manuscrip-

1041 473 1093 498 tus
1124 470 1288 507 agnoscit.
1335 466 1490 510 Imperiti
1527 469 1731 500 addiderant

1040 518 1048 534 ‘
1063 517 1229 557 corpora,'
1261 528 1302 549 ne
1335 520 1555 551 soloecismum
1577 524 1732 559 pateren-

1041 571 1108 603 tur,
1122 567 1261 599 scilicet.
1285 568 1425 599 Plautus
1441 569 1592 608 Captivis
1610 579 1618 599 :
1636 571 1646 586 ⁶
1662 568 1732 599 No-

1040 616 1189 646 minandi
1206 617 1344 648 istorum
1360 617 1421 648 tibi
1436 618 1500 648 erit
1511 618 1616 658 magis
1632 626 1732 657 quam

1041 665 1166 696 edundi
1195 666 1317 706 copia.'
1374 666 1505 697 Tullius
1540 676 1573 697 v.
1608 665 1734 705 Philip.

1041 715 1184 754 ‘Agitur
1205 722 1315 746 utrum
1340 716 1389 746 M.
1415 716 1563 747 Antonio
1589 716 1734 747 facultas

1040 764 1137 795 detur
1145 765 1376 805 opprimendae
1388 766 1598 805 Reip.cae‹lis
1609 765 1733 797 facien-

1040 815 1092 846 ‹1ae
1109 815 1282 853 bonorum,
1298 815 1496 856 diripiendae
1512 815 1614 854 urbis,
1636 825 1733 855 agro-

1040 874 1111 895 rum
1120 865 1188 896 suis
1198 865 1622 896 latronibuscondonaudi!
1631 865 1733 896 Varr.

1041 923 1082 946 n.
1095 915 1137 946 de
1154 925 1188 946 re
1203 915 1346 946 rustica:
1369 918 1378 932 ‘
1390 915 1461 946 sive
1487 915 1575 946 enim
1595 915 1732 956 aliquod

1039 964 1106 996 fuit
1138 965 1341 1005 principium
1379 965 1564 1004 generandi
1604 965 1729 996 atrima-

1039 1014 1145 1045 lium.’
1168 1013 1298 1045 Gellius
1315 1023 1390 1044 xvr.
1407 1016 1439 1045 8.
1466 1018 1474 1031 ⁸
1489 1013 1625 1044 Fecisse.
1642 1014 1732 1044 vide-

1040 1069 1093 1094 tnr
1109 1073 1185 1094 eum
1208 1064 1326 1094 librum
1343 1065 1394 1094 sni
1409 1065 1514 1103 magis
1531 1063 1734 1094 admonendi

1038 1123 1137 1154 qnam
1152 1114 1291 1145 aliorum
1310 1114 1454 1145 docendi
1470 1113 1598 1153 gratia!

1082 1163 1099 1202 ξ
1121 1167 1142 1194 9
1179 1163 1303 1204 Lycaon
1339 1167 1369 1194 et
1395 1163 1517 1194 Troilus
1542 1162 1732 1203 Priamidoe]

1039 1214 1170 1245 Troilus
1195 1215 1276 1245 satis
1307 1220 1417 1246 notus,
1462 1214 1627 1255 Lycaonis
1654 1223 1734 1245 me·

1040 1264 1136 1295 minit
1152 1264 1253 1295 Hom.
1271 1264 1311 1296 Il.
1325 1268 1360 1296 Ὺ.
1375 1270 1410 1295 et
1422 1267 1456 1295 Φ.

1084 1314 1222 1344 AEtatem
1239 1313 1306 1351 ejus
1329 1314 1489 1344 admodum
1518 1314 1730 1354 immaturam]

1040 1362 1129 1394 Quia
1142 1363 1225 1402 legit
1241 1363 1274 1394 in
1291 1363 1435 1403 Virgilio
1451 1373 1460 1394 z
1476 1362 1621 1394 ‘Infelix
1639 1373 1733 1403 puer,

1040 1417 1141 1453 atque
1157 1413 1265 1453 impar
1280 1422 1481 1453 congressus
1495 1412 1642 1443 Achilli)
1684 1411 1734 1443 At

1041 1462 1209 1500 Priamus,
1233 1463 1273 1494 Il.
1302 1466 1342 1494 Ω.
1374 1463 1448 1502 ejus
1480 1462 1630 1493 meminit
1659 1466 1734 1492 tan·

1041 1521 1140 1553 quam
1157 1512 1343 1543 fortissimi.

1081 1562 1098 1601 ξ
1117 1564 1155 1592 12
1180 1562 1309 1601 Nastes]
1335 1561 1435 1600 Libri,
1463 1563 1472 1579 ‘
1487 1559 1631 1592 nastes:
1653 1561 1735 1592 Vul-

1041 1620 1096 1649 go,
1107 1613 1116 1627 ⁴
1134 1610 1271 1641 Jastes!
1315 1610 1502 1641 Homerus:
1519 1608 1645 1647 Νάστης
1658 1609 1731 1647 'Au-

1039 1658 1177 1699 φίμαχός
1191 1672 1238 1694 τε,
1253 1659 1401 1698 Νομίονος
1417 1659 1524 1698 ἀγλαὰ
1540 1658 1645 1690 τέκνα.

1083 1712 1100 1750 §
1127 1713 1165 1741 18
1189 1711 1345 1741 Helenum
1372 1709 1508 1748 Priami]
1535 1710 1674 1740 Tzetzes
1698 1709 1732 1740 in

1042 1760 1293 1799 Lycophronem
1306 1770 1315 1791 ι
1341 1757 1466 1789 Ἑλένου
1478 1758 1511 1789 δὲ
1525 1759 1582 1790 τοῦ
1598 1758 1734 1799 Πριάμου

1039 1808 1146 1840 παιδὸς
1160 1808 1297 1847 μάντεως
1312 1808 1411 1846 ὄντος,
1425 1808 1475 1839 καὶ
1496 1809 1515 1845 ἢ
1529 1807 1622 1846 μόνου
1642 1809 1733 1840 αὐτο-

1038 1857 1234 1896 μολήσαντος
1242 1858 1464 1896 τοῖςἽ-Ξλληοί,
1472 1857 1549 1888 καθά
1560 1863 1656 1897 φησιν
1662 1859 1732 1898 Ὀρ-

1040 1909 1115 1947 φεύς
1129 1919 1165 1938 τε
1180 1907 1230 1938 καὶ
1244 1907 1461 1948 Τρυφιόδωρος,
1479 1907 1512 1945 ἢ,
1529 1907 1568 1939 ὥς
1582 1913 1660 1947 φησι
1675 1911 1734 1938 Συ-

1041 1958 1172 1996 φοκλῆς,
1182 1956 1406 1997 ἐνεδρευθέντος
1421 1956 1470 1988 καὶ
1480 1957 1732 1996 κατασχεθέντος

1039 2008 1089 2037 ὑπ’
1104 2006 1287 2039 Ὀδυσσέως.

1083 2059 1098 2097 §
1115 2061 1154 2088 19
1177 2058 1344 2088 Sinistrum
1359 2058 1497 2098 manum]
1521 2058 1662 2088 Tzetzes
1677 2066 1733 2088 eo-

1041 2106 1117 2137 dem
1131 2107 1203 2137 loco
1219 2117 1226 2137 :
1251 2106 1443 2144 Φιλοκτήτης
1456 2106 1645 2137 ἀντιστάντα
1653 2107 1736 2147 αὐτῷ

1041 2156 1096 2186 τὸν
1113 2155 1312 2197 Ἀλέξανδρον
1337 2156 1411 2195 πρὸς
1434 2155 1554 2195 τοξείαν
1573 2155 1733 2195 τοξεύσας,

1041 2208 1161 2245 πρῶτον
1183 2204 1239 2243 μὲν
1261 2205 1340 2236 κατὰ
1354 2205 1412 2242 τὴν
1433 2205 1525 2236 λαιὰν
1546 2207 1646 2246 χεῖρα,
1667 2204 1734 2236 εἶτα

1040 2255 1096 2286 τὸν
1108 2256 1203 2294 δεξιὸν
1225 2256 1319 2286 αὐτοῦ
1342 2255 1484 2290 ἐκβαλὼν
1499 2254 1667 2294 ὀφθαλμὸν,
1683 2255 1733 2286 καὶ

1041 2305 1146 2346 τρίτον
1159 2307 1232 2338 τοὺς
1246 2306 1462 2360 πόδιίςριξλὼν
1475 2306 1608 2337 ἀνεῖλεν.

1085 2359 1102 2397 ς
1118 2359 1157 2387 21
1184 2357 1249 2387 Per
1263 2351 1421 2387 maerorem
1440 2355 1599 2397 deficiente
1614 2355 1730 2396 om‘mo]

1043 2406 1109 2437 Hic
1125 2407 1216 2436 locus
1239 2405 1365 2435 indicat
1380 2405 1479 2435 alium
1495 2414 1569 2434 esse.
1585 2409 1733 2435 nostrum

1043 2455 1179 2495 Dictym
1205 2454 1247 2485 ab
1270 2464 1311 2484 eo
1325 2464 1423 2494 quem
1439 2453 1553 2484 Graeci
1573 2454 1734 2484 habuere.

1042 2504 1180 2534 Tzetzes
1221 2504 1254 2533 in
1279 2503 1532 2543 Lycopln'onem
1548 2512 1556 2532 ι
1584 2501 1732 2538 τελευτή-

1043 2563 1157 2584 σαντος
1176 2553 1199 2583 δ’
1216 2551 1334 2583 ἐκείνου
1348 2551 1396 2582 καὶ
1412 2551 1525 2588 ἑαυτὴν
1546 2553 1731 2591 συναναιρεΐ,

1042 2602 1074 2639 ἢ,
1098 2602 1178 2633 κατὰ
1198 2601 1255 2632 τὸν
1271 2600 1413 2639 Κόϊντον,
1426 2601 1538 2637 ἑαυτὴν
1552 2601 1732 2638 ἐμβαλοῦσα

1043 2652 1084 2683 εἷς
1099 2654 1156 2689 τὴν
1170 2650 1368 2691 Ἀλεξάνδρου
1388 2649 1496 2689 πυρὰν,
1514 2649 1546 2689 ἢ,
1571 2649 1651 2680 κατὰ
1671 2648 1728 2680 τὸν

1042 2700 1169 2742 Δίκτυν,
1180 2700 1307 2741 βρόχοις
1321 2699 1507 2738 ἀπαχθεῖσα.

1085 2755 1155 2794 §22
1179 2753 1338 2784 Pleionam
1356 2751 1479 2791 quippe]
1501 2750 1642 2781 Constat
1666 2749 1732 2781 sibi

1042 2808 1170 2841 noster,
1186 2808 1320 2834 secutus
1333 2801 1469 2832 eosdem
1480 2804 1634 2831 auctores
1648 2808 1731 2839 quot

1042 2853 1081 2885 L.
1096 2862 1119 2886 1.
1133 2859 1168 2883 et
1184 2861 1240 2884 ιη.
1275 2852 1402 2883 Contra
1414 2850 1564 2891 plerique
1580 2855 1729 2881 veterum
