1889 3194
328 520 386 593 J
396 519 861 596 OSEPHI
941 519 1303 598 ISCAN
1321 522 1370 596 I

453 718 554 767 DE
608 719 842 769 BELLO
893 719 1225 769 TROJANO

687 889 880 931 LIBER
928 890 992 932 ΙΙ.

655 1218 1033 1250 ARGUMENTUM..

234 1303 430 1346 Mittitur
449 1319 474 1345 α
494 1303 669 1346 Priamo
686 1304 836 1360 legatio
855 1312 996 1346 sancta
1015 1304 1181 1346 secundo

229 1370 302 1411 Ad
315 1384 503 1426 proceres
525 1370 737 1421 Danaum,
764 1378 949 1425 repetant
968 1371 1040 1426 qui
1054 1386 1155 1426 pace
1175 1385 1349 1412 sororem

232 1436 466 1488 Hesionem,
488 1452 638 1492 magna
659 1437 701 1478 vi
721 1452 849 1492 nuper
865 1438 917 1479 ab
935 1437 1115 1478 Hercule
1136 1445 1312 1491 raptam.

232 1501 443 1545 Judz'cz'um
466 1503 639 1545 Paridis
656 1504 851 1559 sequitur,
871 1518 949 1560 quo
957 1504 1103 1559 judice
1124 1504 1261 1554 disces,

231 1570 306 1611 An
333 1570 478 1622 Venus,
500 1585 555 1612 αη
572 1569 603 1611 J
608 1584 701 1619 uno,
722 1570 866 1612 vicitve
886 1569 1024 1612 decore
1046 1569 1253 1611 BIinerva.

114 1687 234 1746 JAM
257 1704 381 1747 floret
400 1706 606 1747 Priamus
627 1706 844 1760 populoso
864 1706 1047 1760 pignore
1066 1707 1189 1757 felix,

118 1770 249 1813 Felix
269 1772 488 1826 conjugio,
511 1773 618 1814 felix
637 1773 860 1815 natalibus
883 1774 1015 1823 arvis,

114 1836 164 1878 Si
185 1838 363 1892 Superi,
386 1839 426 1880 si
445 1839 537 1881 fata
558 1840 718 1889 sinant,
741 1839 781 1880 si
801 1844 919 1881 stare
939 1840 1081 1882 beatis

117 1902 409 1948 Permissum:
439 1906 562 1948 videt
581 1904 757 1955 Alecto,
777 1918 890 1959 quas
909 1904 1112 1959 fregerat,
1132 1920 1255 1949 arces

114 1970 312 2013 Fortuna
332 1973 513 2014 meliore
532 1972 643 2013 frui:
674 1972 813 2022 videt,
832 1972 956 2014 ardet
977 1977 1022 2014 et
1041 1973 1195 2027 hydris
1527 1975 1556 2015 5

113 2037 317 2080 Irascens
337 2039 589 2092 circumque
611 2051 746 2091 genas
769 2042 812 2080 et
832 2042 1030 2092 tempora
1051 2041 1231 2082 crebris.

170 2103 318 2155 Mene,
340 2105 493 2159 inquit,
515 2105 705 2158 reginam
728 2104 874 2155 Erebi,
896 2107 1132 2161 mundique
1153 2111 1390 2161 potentem,

113 2169 261 2224 Atque
281 2171 450 2212 utinam
471 2172 588 2221 coeli,
610 2183 785 2224 regnum
805 2173 984 2214 mortale
1004 2173 1196 2215 lacesset

114 2237 374 2278 AEternum‘?
404 2237 542 2292 pudet
559 2236 669 2279 heu!
698 2237 878 2280 lascivit
897 2243 1012 2281 terra
1032 2244 1263 2293 superstes

156 2442 176 2471 2
200 2440 309 2472 Armis
324 2440 391 2472 Ms·
404 2443 577 2482 marg.—8
600 2440 741 2473 Lacessit
753 2441 807 2475 ed.
820 2442 910 2475 Mori
924 2453 933 2475 ς
951 2443 1075 2475 lacesset
1091 2448 1159 2491 cer.

762 2537 903 2569 NOTAE

153 2618 172 2647 3
197 2616 235 2647 Si
254 2618 339 2647 stare
362 2615 459 2648 beatis
475 2616 680 2657 Permissum]
702 2616 806 2648 Τίκτει
857 2618 974 2650 Talem
1000 2618 1162 2660 Virgilius
1183 2618 1206 2651 J
1211 2628 1354 2651 unonem
1377 2629 1400 2651 ι.
1425 2626 1459 2652 et
1485 2632 1552 2653 vu.

112 2665 172 2706 γὰρ
183 2664 271 2705 κόρος
280 2665 378 2706 ὕβριν,
394 2671 443 2708 ut,
459 2666 648 2698 imitatione
660 2667 804 2706 Solonis,
858 2667 1062 2700 Claudianus
1090 2668 1212 2700 Alecto
1235 2669 1366 2702 inducit
1386 2680 1411 2701 1.
1433 2672 1466 2703 in
1484 2673 1550 2703 Ru·

110 2717 278 2758 Theognis
305 2717 411 2757 dixit;
446 2722 482 2750 et
510 2719 741 2760 Thucydides,
770 2723 805 2750 et
857 2716 985 2750 finum:
1022 2718 1176 2759 συμφοραὶ
1210 2718 1272 2760 γὰρ
1307 2721 1400 2751 ἐθνῶν
1435 2721 1550 2762 εὐωχία

111 2765 272 2798 Philistus
287 2766 378 2808 apud
390 2767 803 2801 Clem.AleX.vr.Strom.
858 2766 984 2808 φαύλων
1007 2767 1166 2808 δαιμόνων,
1191 2774 1228 2800 ut
1255 2769 1303 2801 ait
1326 2770 1484 2810 Synesius
1506 2772 1549 2802 de

113 2817 186 2846 249.
858 2817 997 2849 Provid.
1024 2821 1077 2850 97.
1120 2817 1294 2856 Δεινότητα
1319 2828 1399 2851 vero
1423 2821 1553 2853 habent

155 2866 174 2895 8
191 2864 335 2905 Regnum
348 2867 476 2899 mortale
485 2868 611 2900 lacesset
623 2866 804 2909 AEternum]
857 2868 926 2909 illa,
946 2878 1020 2910 quae
1036 2868 1141 2901 instar
1157 2868 1387 2909 ἐπιφωνήματος
1408 2880 1548 2913 sequeu=
