1889 3194
397 291 602 323 comens
636 291 686 322 IN
722 290 971 322 ΒιΒωοΤΗ.
1003 290 1167 322 BRl'rT.
1204 290 1491 322 AssmszTr.
1577 282 1663 324 645

218 383 343 427 Hist.
366 385 543 427 Daretis
574 398 631 426 ex
663 384 835 438 Lingua
855 383 1017 426 Graeca
1035 397 1224 427 versam.
1273 385 1486 428 Similiter
1513 385 1660 428 Vitel-

215 453 306 493 lius
327 452 383 493 A.
407 462 525 493 x111.
556 452 653 494 cod.
685 452 926 495 membran.
960 452 1172 494 Vitellius
1204 452 1257 494 C.
1280 463 1391 493 vlu.
1423 453 1661 494 membran.

214 523 259 561 et
278 518 542 573 Vespasian.
562 519 616 560 B.
635 519 706 561 25.
727 520 968 561 membran.
1018 519 1090 561 Ex
1111 519 1183 562 his
1203 520 1410 575 quaedam
1426 525 1529 562 sunt
1546 520 1662 575 frag-

215 588 363 627 menta
380 589 566 636 tantum,
583 586 663 627 sed
679 586 809 628 valde
828 587 1020 641 antiqua.

273 653 396 694 Inter
434 651 600 693 Codices
635 652 895 694 Burneianos
930 652 991 695 N.
1025 652 1095 696 28.
1130 656 1205 696 est
1235 653 1383 696 codex
1422 654 1662 696 membran.

214 732 322 762 saec.
355 730 451 760 xn.
492 720 772 774 complexus,
807 733 907 762 cum
942 720 1148 762 Historia
1178 720 1438 772 Alexandri,
1476 721 1659 763 Daretis

214 786 398 841 Phrygii
420 785 680 828 Historiam.
733 787 898 829 Deficit
919 789 1001 830 sub
1023 787 1170 830 finem.

715 953 880 996 Codices
905 954 1161 999 Oxonienses.

270 1064 324 1106 In
346 1063 550 1107 Biblioth.
575 1063 701 1108 Bodl.
722 1066 836 1108 inter
858 1065 1067 1108 Kenelmi
1089 1065 1243 1120 Digbii
1271 1065 1453 1108 codices
1490 1069 1659 1108 restant

212 1130 330 1184 duo;
351 1146 538 1187 quorum
554 1146 667 1175 unus
679 1132 829 1189 (1758.
842 1131 967 1187 157.)
980 1133 1186 1184 continet,
1208 1133 1322 1174 inter
1343 1133 1448 1183 alia,
1469 1132 1499 1175 J
1502 1133 1660 1187 osephi

211 1198 479 1241 Exoniensis
519 1200 574 1242 de
613 1200 740 1241 Bello
781 1199 978 1255 Trojano
1011 1200 1177 1253 libros3
1210 1201 1320 1242 alter
1357 1199 1507 1256 (1767.
1542 1200 1660 1252 166.)

212 1265 393 1308 Daretis
414 1266 597 1322 Phrygii
612 1267 877 1309 Historiam.
937 1267 1026 1308 Sed
1047 1267 1197 1309 nullus
1218 1267 1291 1308 hic
1314 1267 1496 1310 Daretis
1516 1267 1660 1309 codex

211 1331 481 1385 Laudianus,
503 1337 553 1376 ut
573 1335 618 1376 in
640 1333 771 1376 Corn.
793 1334 915 1389 Nep.
935 1348 982 1390 p.
1003 1333 1103 1376 746.
1124 1334 1293 1376 dictum
1313 1337 1396 1377 est.

267 1400 385 1443 Ibid.
415 1401 545 1443 3362.
576 1401 647 1443 32.
677 1400 782 1443 cod.
824 1401 1004 1444 Seldeni
1037 1401 1364 1456 complectitur,
1403 1401 1518 1443 inter
1547 1401 1655 1452 alia,

209 1467 460 1510 Historiam
500 1468 683 1510 Daretis
723 1468 941 1523 Phrygii:
997 1468 1074 1518 (de
1111 1468 1211 1519 hoc,
1268 1472 1313 1510 et
1354 1467 1560 1522 Epistola
1599 1468 1657 1509 ad

211 1534 476 1577 Sallustium
513 1536 610 1589 Jam
651 1548 788 1589 supra.
827 1536 912 1577 sub
956 1534 1163 1577 Cornelio
1204 1533 1386 1589 Nepote
1401 1537 1432 1587 ε)
1462 1540 1506 1578 et
1544 1536 1657 1577 inter

209 1601 494 1644 collectanea
532 1602 719 1644 Lelandi
747 1603 803 1644 de
840 1601 1094 1644 Illustribus
1128 1601 1445 1656 Scriptoribus,
1483 1603 1572 1644 vol.
1610 1613 1656 1643 v.

208 1672 291 1717 est,
337 1669 409 1711 De
438 1669 469 1711 J
473 1669 640 1725 osepho
678 1669 861 1720 Iscano,
914 1669 991 1724 qui
1042 1669 1223 1723 scripsit
1273 1669 1326 1711 de
1373 1669 1503 1711 Bello
1542 1670 1657 1711 Tro-

201 1735 328 1790 jano.
388 1735 546 1778 Codex
573 1737 645 1778 hic
678 1736 856 1778 Seldeni
878 1741 949 1778 est
980 1737 1218 1778 membran.
1238 1736 1321 1779 fol.
1340 1736 1514 1779 circiter
1535 1747 1655 1778 xm.

207 1807 282 1845 aut
314 1814 423 1846 XIV.
451 1816 556 1846 saec.
617 1803 672 1845 In
706 1803 846 1845 fronte
881 1803 1008 1845 Hist.
1040 1804 1221 1858 scripsit
1257 1804 1324 1846 vir
1354 1804 1539 1846 illustris
1574 1817 1655 1846 sua

205 1882 356 1921 mann,
374 1874 422 1913 ut
452 1871 498 1912 in
531 1871 630 1912 aliis
657 1870 752 1912 suis
779 1870 942 1920 Libris,
976 1871 1243 1914 sententiam
1278 1871 1403 1913 illam
1440 1884 1574 1926 quam
1607 1871 1654 1912 in

206 1936 381 1979 deliciis
401 1937 569 1987 habuit,
590 1937 681 1993 Περὶ
701 1935 846 1979 πάντων
867 1936 1066 1993 ἐλευθερία.

268 2002 466 2045 Canonz‘ci
486 2005 584 2046 Lat.
605 2004 666 2045 N.
686 2004 786 2046 158.
817 2005 1000 2047 Daretis
1029 2005 1212 2059 Phrygii
1241 2004 1369 2047 Hist.
1391 2004 1495 2047 cod.
1515 2018 1653 2047 mem-

203 2072 325 2113 bran.
365 2085 465 2114 cum
503 2071 771 2127 quibusdam
802 2072 986 2114 scholiis
1018 2072 1344 2127 manuscriptis.
1401 2072 1654 2125 Praefigitur

205 2138 413 2193 Epistola
449 2139 654 2194 Nepotis,
686 2151 789 2194 quae
828 2142 1029 2181 vocatur.
1088 2139 1222 2181 Sexti
1258 2138 1366 2180 Rufi
1401 2139 1650 2181 Dictatoris

205 2205 485 2249 Breviarium
506 2206 725 2249 Historiae
746 2206 964 2248 Romanae
985 2206 1275 2263 subjungitur.
1335 2204 1521 2248 Circiter
1542 2219 1648 2249 saec.

206 2282 317 2314 xlv.

265 2337 466 2382 Canonicz'
485 2340 587 2383 Lat.
611 2339 670 2382 N.
692 2340 792 2384 267.
834 2342 1022 2396 Dictyos
1044 2340 1273 2383 Cretensis
1293 2341 1393 2383 cod.
1413 2341 1651 2382 membran.

204 2419 311 2449 saec.
336 2417 423 2449 xv.
445 2408 664 2461 eleganter
683 2409 891 2462 scriptus,
914 2409 1009 2450 sine
1028 2408 1212 2450 scholiis
1233 2414 1312 2450 aut
1333 2407 1508 2461 glossis.
1557 2408 1651 2449 Sub

204 2473 337 2516 finem
355 2474 536 2528 legitur:
558 2474 782 2517 ‘Antonio
804 2475 937 2518 Ballo
951 2475 1201 2518 Genuensis
1224 2475 1466 2529 Magnifice
1484 2474 1514 2516 J
1519 2475 1651 2517 oanni

204 2542 316 2583 bene
335 2541 520 2582 merenti
540 2541 655 2583 dono
677 2542 828 2584 dedit!

262 2608 317 2649 In
341 2608 551 2650 Biblioth.
578 2606 684 2649 Coll.
707 2606 860 2664 Magd.
882 2614 948 2652 est
967 2609 1068 2651 cod.
1102 2609 1279 2651 Daretis
1312 2609 1493 2663 Phrygii
1526 2608 1650 2651 Hist.

204 2688 293 2717 una
334 2688 435 2717 cum
467 2675 497 2717 J
501 2675 580 2716 ulii
606 2675 748 2718 Solini
775 2677 992 2732 Polyhist.
1054 2676 1342 2730 Subsequitur
1369 2679 1383 2697 ‘
1401 2675 1590 2717 Pulchra
1605 2681 1651 2718 et

205 2742 477 2785 admirabilis
499 2742 704 2786 Historia
733 2743 964 2799 Apollonii
995 2744 1122 2799 Tyrii
1153 2741 1369 2799 (Tyanei)
1400 2741 1571 2785 Uxoris
1606 2746 1650 2784 et

207 2808 368 2852 Filiaess
