1889 3194
306 312 392 354 604
477 322 619 353 NOTAE
650 320 913 352 VAR10RUM
949 320 1000 350 lu

307 418 382 447 249.
416 414 610 456 Anonymus
649 415 779 455 pariter
808 419 844 446 et
882 415 1003 445 Eusta-

309 466 396 496 tliins
423 471 608 496 annotant:
644 465 717 496 ἀλλ’
733 464 836 501 ἐπειδὴ
850 462 1000 495 Πλεισθέ·

307 527 361 551 νης
375 514 453 546 Νέος
467 516 614 556 τελευτᾷ,
628 514 723 553 μηδὲν
735 513 916 553 καταλήψεις
926 513 1002 551 μνή·

305 576 364 603 μης
377 564 470 604 ἄξιον,
483 564 542 596 νέοι
552 564 632 595 πάνυ
643 563 871 604 ἄνα-τραφέντες
887 564 934 594 ὑπ’
950 563 1000 593 ’A-

306 613 409 654 τρέως,
422 615 516 645 αὐτοῦ
527 616 631 645 παῖδες
644 613 832 651 ἐκλήθησαν.

351 666 367 705 ᾧ
384 668 403 695 2
418 665 556 705 Itemque
571 665 716 695 insecutis
728 665 843 695 diebus.
877 663 923 694 At
940 663 1002 694 Re-

306 724 363 752 ges
395 715 543 754 Groeciae]
567 716 619 745 Ex
647 720 806 754 corrupta
828 714 894 745 Ms.
917 713 1002 753 Arg.

306 764 467 801 lectione,
491 773 632 804 pronum
660 762 725 794 fuit
747 764 832 793 hanc
862 762 1001 803 probam

308 813 528 845 concinnare:
546 813 648 844 habet
659 813 760 851 euim,
772 813 781 830 ‘
795 813 943 853 itemque
955 813 1002 843 in-

308 862 434 892 secutis
451 861 568 892 die-bus
585 861 682 892 Atrei
699 860 833 901 gratia!

352 911 369 950 ξ
384 913 402 940 3
422 911 521 941 AEnea
536 910 666 951 aliisque
678 920 717 941 ex
731 910 1003 949 consanguinitate

308 960 484 1000 comitibus]
512 961 570 992 Sic
595 961 677 1001 Arg.
700 961 766 992 Ms.
790 965 826 991 et
848 961 901 991 ed.
930 961 1003 991 Me-

308 1010 387 1040 ‹liol-
400 1010 459 1040 sed
471 1011 646 1041 Mercerus
659 1020 792 1041 suorum
804 1009 911 1042 Codd.
925 1020 1003 1040 auc-

309 1060 446 1091 toritate
463 1060 615 1091 ‘lEneam
629 1059 637 1073 ‘
653 1060 826 1100 expungit,
842 1070 908 1091 non
925 1069 1004 1090 con-

309 1111 425 1141 venire
454 1121 530 1142 cum
557 1111 715 1151 sequenti
745 1111 887 1142 historia
916 1111 1004 1142 hunc

309 1161 423 1191 AEneae
441 1161 640 1192 comitatum
656 1167 773 1192 ratus:
798 1167 832 1191 at
850 1161 906 1202 qui
932 1171 1004 1192 ora-

309 1211 436 1240 tionem
463 1211 586 1251 legerit
613 1221 711 1251 quam
743 1211 859 1241 AEneae
885 1217 1005 1242 contra

308 1259 503 1290 Menelaum
521 1260 641 1291 tribuit
655 1260 799 1300 Septim.
818 1269 855 1292 11.
872 1263 924 1291 26.
950 1261 1004 1291 vix

310 1310 485 1341 mirabitur
500 1311 628 1351 raptori
644 1311 802 1342 comitem
820 1311 1004 1352 fuisse‚qui

310 1365 444 1400 raptum
456 1365 522 1390 tam
535 1360 660 1391 acriter
673 1365 878 1400 propugnat.
895 1360 1005 1400 Scrip-

311 1413 381 1439 tum
411 1414 525 1440 tamen
550 1409 604 1440 hic
634 1409 722 1440 forte
749 1409 880 1440 fuerat:
906 1411 915 1427 ‘
934 1409 1004 1440 Per

310 1458 400 1489 idem
429 1463 564 1499 tempus
596 1458 795 1490 Alexander
833 1460 1004 1500 Phrygius

312 1508 453 1548 Priami,
470 1507 631 1540 fratribus
647 1510 789 1551 aliisque
805 1519 848 1541 ex
865 1519 1004 1541 consau-

311 1558 478 1598 guinitate
495 1559 696 1589 comitibus.'

354 1609 499 1639 AEthram
514 1609 607 1640 etiam
622 1612 651 1639 et
669 1609 848 1648 Clymenam
869 1609 1005 1640 Menelai

310 1657 430 1699 affines]
456 1658 603 1690 Joannes
623 1657 852 1688 Antiochenns
881 1657 914 1687 in
939 1659 1006 1689 Ex-

312 1707 439 1748 cerptis
465 1708 702 1746 Peirescianis,
723 1717 764 1738 ex
788 1708 893 1748 Dicty
908 1708 1006 1739 Grae-

313 1767 372 1788 co:
408 1758 544 1794 συνῆσαν
573 1756 606 1788 δὲ
634 1756 744 1798 Ἐλένῃ
768 1757 864 1796 Αἴθρα
891 1769 927 1787 τε
955 1756 1005 1788 καὶ

313 1806 468 1844 Κλυμένη,
497 1808 533 1838 ἐκ
567 1807 624 1837 τοῦ
657 1805 768 1845 ’γένους
796 1805 1005 1845 καταγόμεναι

313 1855 456 1888 Πέλοπος
476 1856 526 1887 καὶ
551 1856 704 1897 Εὐρώπης.
750 1857 876 1887 Noster
901 1866 950 1887 νι.
973 1859 1004 1887 2.

311 1908 320 1923 ‘
336 1905 478 1936 Interim
504 1906 703 1936 Mnestheus
734 1915 809 1936 culn
827 1905 948 1936 AEtlim
971 1911 1006 1936 et

314 1955 476 1994 Clymeua
499 1955 566 1985 filia
589 1955 660 1994 ejus
684 1955 726 1986 ab
742 1954 1005 1985 Atheniensibus

313 2004 498 2044 recipitur.’

356 2055 408 2094 §5
437 2053 658 2094 Properatione
679 2053 812 2092 navigii,
838 2054 1006 2084 inconsulte

312 2113 400 2133 usum
426 2104 510 2134 venti
535 2104 575 2134 ad
603 2105 740 2144 Cyprum
766 2103 925 2143 appulere]
951 2103 1005 2134 Ita

315 2153 455 2185 Mediol.
473 2158 508 2184 et
525 2154 643 2183 Venet.
657 2153 869 2183 ‘inconsulte
887 2153 1005 2192 usum,'

313 2203 437 2234 subint.
469 2203 478 2220 ‘
494 2203 601 2233 ventis
615 2202 634 2232 ι’
674 2202 776 2234 Ovid.
807 2203 893 2233 Met.
923 2211 1006 2233 xur.

312 2256 387 2285 1119.
410 2252 528 2292 «jubet
544 2253 591 2283 uti
608 2252 724 2283 navita
739 2251 873 2283 ventis.'
898 2253 1007 2283 Porro

314 2308 441 2341 antem,
461 2308 498 2333 ut
514 2303 579 2341 hic,
593 2303 602 2319 ‘
615 2303 708 2333 venti
725 2302 767 2333 ad
785 2303 934 2343 Cyprum
949 2314 1007 2344 ap-

315 2354 445 2393 pulere,
463 2353 509 2383 sic
526 2361 566 2383 11.
583 2353 629 2383 1.‘
641 2356 817 2392 postquam
836 2353 877 2382 ad
891 2353 1008 2385 Moesi-

315 2413 407 2433 orum
418 2403 586 2441 regionem
599 2401 771 2431 universas
783 2402 905 2432 classes
918 2404 1008 2434 venti

315 2452 500 2492 appulere.'
546 2454 554 2469 ‘
571 2451 750 2490 Navigium
763 2451 771 2463 ’
803 2457 914 2482 autem
947 2463 1008 2492 pro

315 2505 323 2519 ‘
340 2500 599 2542 navigatione...'
617 2502 750 2541 passim.
763 2510 801 2531 11.
818 2504 868 2532 10.
881 2502 939 2533 ‘At
953 2503 1006 2532 ubi

315 2554 488 2583 instructae
502 2551 636 2581 omnino
648 2551 784 2590 classes,
796 2557 830 2581 et
848 2560 936 2581 mare
950 2561 1006 2582 na-

318 2604 394 2643 vigii
411 2602 568 2642 patiens.’
585 2604 678 2632 v.l6.
691 2602 699 2618 ‘
712 2601 866 2640 Urgente
884 2603 1008 2643 navigii

317 2651 492 2693 tempore.’
506 2655 609 2683 vr.9.‘
620 2652 880 2691 Neoptolemum
894 2653 925 2683 iu
936 2664 1009 2692 spe-

317 2703 416 2732 lunca
431 2701 606 2741 fatigatum
620 2702 752 2740 navigio
766 2703 1010 2743 somnoqueja·

318 2751 416 2782 cere!
460 2752 516 2782 lta
539 2751 639 2782 etiam
664 2751 818 2782 Scaevola
841 2753 871 2782 iu
897 2753 917 2783 l.
936 2756 1009 2786 121.

320 2801 364 2830 D.
381 2801 421 2830 ‹le
438 2801 542 2831 Verb.
562 2801 676 2840 Oblig.
693 2802 701 2818 ‘
719 2801 826 2842 quue
842 2803 1007 2835 creditum

319 2859 391 2881 esse
410 2852 442 2881 in
460 2860 574 2882 omnes
597 2851 723 2892 navigii
746 2852 838 2884 dies.’
862 2861 897 2886 et
915 2865 1009 2887 mox:

1040 320 1227 350 DlC'l'YM
1261 319 1321 349 CR
1333 318 1572 350 ETENSEM.

1050 413 1230 444 ‘redderet
1246 413 1434 444 universam
1457 412 1620 445 continuo
1641 421 1746 452 pecu-

1051 463 1153 501 niam,
1168 463 1261 503 quasi
1278 464 1432 503 perfecto
1449 462 1608 503 navigio.'
1640 464 1744 494 Forte.

1051 519 1085 543 et
1104 514 1256 544 Lucretii
1280 513 1361 544 illud
1380 513 1500 544 referri
1527 514 1590 544 huc
1607 518 1708 551 queat
1725 523 1744 543 e

1051 563 1072 594 l.
1089 572 1122 593 v.
1146 565 1156 581 ‘
1170 563 1241 593 Nec
1259 567 1394 603 poterat
1410 572 1600 603 quenquam
1618 561 1744 602 placidi

1051 614 1192 653 pellacia
1216 614 1317 644 Ponti
1342 614 1493 644 Subdola
1520 613 1681 653 pellicere
1711 613 1745 643 in

1051 661 1202 694 fraudem
1228 663 1416 694 ridentibus
1439 662 1556 694 undis:
1583 662 1745 702 Improba

1051 712 1176 751 navigii
1192 712 1278 743 ratio
1292 718 1361 743 tum
1374 711 1640 752 coecajacebat.’

1099 761 1282 793 Universum
1299 763 1419 792 domum
1434 761 1497 800 ejus
1518 762 1548 792 in
1564 761 1662 792 scelus
1673 769 1747 800 pro-

1048 812 1152 852 prium
1172 812 1341 853 cone-ertit]
1358 812 1503 843 Sceleris
1523 812 1574 842 sui
1598 811 1745 850 praedam

1051 861 1122 892 sive
1133 861 1307 891 materiam
1314 860 1407 891 fecit.
1417 861 1639 899 μετωνυμικῶς.
1651 869 1748 901 pror·

1052 920 1108 941 sus
1126 911 1207 941 utin
1224 911 1281 941 illo
1300 911 1428 941 Lucani
1456 911 1576 940 Phars.
1601 918 1642 940 11.
1668 912 1744 941 266.

1052 962 1061 978 ‘
1077 961 1160 993 Quis
1174 961 1263 991 nolet
1277 960 1321 990 ab
1335 960 1398 990 isto
1416 960 1504 990 Ense
1518 958 1616 997 mori,
1631 967 1747 998 quam-

1053 1010 1101 1041 vis
1113 1010 1221 1040 alieno
1236 1010 1374 1040 vulnere
1387 1009 1513 1047 labens,
1523 1009 1565 1039 Et
1575 1008 1685 1038 scelus
1697 1017 1747 1038 es·

1053 1069 1089 1090 se
1102 1065 1194 1090 tuum
1206 1058 1228 1089 ?‘
1240 1059 1395 1100 Itemque
1406 1057 1508 1090 ovid.
1523 1058 1660 1089 Heroid.
1671 1066 1748 1089 xvr.

1053 1113 1126 1141 294.
1138 1111 1256 1141 ‘Casta
1269 1115 1382 1141 tamen
1395 1115 1464 1141 tum
1477 1110 1520 1140 sis
1533 1119 1608 1140 curn
1623 1116 1657 1140 te
1673 1118 1749 1139 mea

1053 1160 1158 1201 Troja
1171 1160 1321 1191 tenebit:
1340 1160 1385 1190 Et
1398 1166 1454 1190 tua
1464 1159 1672 1200 sim‚quaeso,
1684 1158 1748 1189 cri-

1053 1211 1144 1242 mina
1167 1213 1256 1242 solus
1278 1210 1364 1251 ego.'
1407 1211 1549 1242 Sensum
1572 1210 1682 1241 hausit
1705 1218 1748 1239 ex

1053 1262 1192 1293 Sallust.
1211 1261 1292 1301 Jug.
1308 1271 1384 1293 xxv.
1406 1262 1416 1279 ‘
1430 1272 1472 1292 ex
1489 1262 1670 1301 improviso
1685 1261 1750 1293 Ju-

1054 1313 1185 1351 gurtha,
1199 1311 1410 1343 intoleranda
1427 1311 1581 1350 audacia,
1607 1312 1750 1351 scelere,

1055 1367 1157 1402 atque
1181 1361 1343 1401 superbia
1361 1371 1433 1392 sese
1456 1360 1615 1400 efferens,
1639 1359 1747 1392 fratre

1053 1420 1129 1441 meo
1146 1416 1248 1452 atque
1271 1410 1389 1442 eodem
1408 1411 1596 1452 propinquo
1618 1420 1678 1441 suo
1700 1411 1750 1440 in-

1054 1460 1214 1500 terfecto,
1251 1470 1388 1501 regnum
1427 1461 1497 1500 ejus
1527 1461 1664 1492 sceleris
1697 1460 1749 1491 sui

1054 1511 1202 1551 praedam
1215 1509 1324 1542 fecit.’
1342 1510 1750 1549 ImitaturSallustii‚Stil-

1056 1560 1158 1600 pitius
1180 1561 1322 1590 Severus
1341 1561 1430 1591 Hist.
1447 1560 1577 1590 Eccles.
1594 1568 1618 1590 1.
1645 1559 1747 1592 ‘Joas

1056 1609 1201 1640 Amasiae
1217 1609 1314 1639 civile
1327 1609 1451 1640 bellum
1467 1608 1595 1648 intulit,
1611 1609 1748 1640 victori-

1054 1667 1141 1698 aque
1153 1658 1294 1697 potitus,
1307 1658 1445 1688 multam
1459 1657 1606 1697 praedam
1625 1658 1657 1688 in
1675 1667 1750 1699 reg·

1054 1717 1132 1737 num
1149 1717 1243 1738 suum
1257 1707 1449 1738 convertit.'
1487 1707 1658 1738 Caeterum
1673 1717 1748 1738 sen·

1055 1757 1162 1788 tentia
1178 1758 1279 1788 etiam
1297 1756 1330 1787 in
1347 1757 1462 1796 vulgus
1477 1762 1661 1796 nota,opes
1679 1767 1747 1788 ma·

1055 1807 1140 1837 teria
1155 1807 1331 1838 scelerum.
1361 1806 1488 1838 Justiu.
1505 1815 1562 1837 nr.
1577 1809 1607 1837 2.
1624 1806 1666 1837 de
1684 1807 1749 1847 Ly-

1054 1865 1178 1896 curgo:
1207 1856 1216 1872 ‘
1230 1855 1313 1886 Auri
1345 1862 1446 1897 atque
1477 1856 1611 1896 argenti
1637 1866 1747 1896 usum,

1056 1907 1148 1936 velut
1179 1906 1326 1936 omnium
1363 1907 1529 1937 scelerum
1562 1906 1749 1946 materiam,

1055 1954 1218 1986 sustulit.’

1099 2004 1225 2045 Reliqui
1239 2005 1369 2045 praedoe]
1387 2004 1443 2035 Sic
1456 2003 1539 2045 Arg.
1557 2005 1659 2046 vulgo
1674 2006 1684 2022 ‘
1699 2016 1748 2037 re.-

1057 2054 1159 2095 liquae
1178 2054 1328 2094 praedae?

1102 2105 1181 2135 Cum
1196 2103 1347 2134 obstinate
1359 2102 1392 2133 1ιί
1410 2103 1509 2142 Regis
1526 2112 1628 2134 necem
1642 2103 1749 2142 defen·

1056 2152 1178 2192 derent]
1200 2153 1240 2183 Id
1257 2157 1323 2193 est,
1340 2162 1400 2192 pro
1417 2152 1622 2184 vindicanda
1647 2153 1749 2192 Regis

1056 2213 1140 2235 nece
1155 2209 1359 2244 pugnarent.
1407 2203 1532 2234 Noster
1549 2203 1637 2234 infra
1653 2213 1703 2235 vn.
1718 2206 1751 2234 2.

1057 2257 1067 2272 ‘
1080 2255 1215 2285 Teucer
1233 2253 1419 2294 prohibitus
1436 2254 1604 2284 Salamina
1621 2264 1640 2285 a
1653 2254 1750 2284 Tela·

1058 2314 1169 2345 mone,
1186 2303 1275 2344 qnod
1296 2302 1436 2334 fratrem
1454 2303 1584 2334 insidiis
1609 2304 1750 2334 circum-

1059 2360 1194 2384 ventum
1217 2363 1284 2384 non
1314 2352 1546 2384 defendisset!
1591 2353 1661 2384 Pro
1682 2363 1750 2394 quo

1057 2403 1222 2441 Velleius,
1237 2411 1261 2433 1.
1281 2405 1310 2434 1.
1332 2403 1482 2433 ‘Teucer
1497 2412 1562 2433 non
1578 2409 1750 2442 receptus,

1059 2454 1102 2484 ob
1133 2453 1311 2493 segnitiam
1339 2462 1406 2482 non
1431 2452 1610 2483 vindicatae
1636 2451 1751 2484 fratris

1058 2503 1210 2543 injnriae.'
1258 2502 1412 2541 Legionis
1439 2504 1486 2532 13.
1509 2502 1634 2532 milites
1659 2502 1749 2541 apud

1059 2556 1145 2585 Caes.
1171 2553 1213 2583 de
1238 2553 1277 2583 B.
1296 2553 1367 2582 Civ.
1385 2561 1410 2583 1.
1425 2555 1456 2583 7.
1486 2553 1587 2582 'Sese
1613 2558 1748 2592 paratos

1059 2611 1146 2641 esse,
1189 2601 1414 2640 conclamant,
1451 2600 1669 2639 Imperatoris
1699 2602 1748 2632 sui

1058 2653 1353 2691 Tribuuorumque
1383 2650 1490 2690 plebis
1520 2650 1660 2689 injurias
1690 2651 1749 2683 de-

1059 2701 1225 2733 fendere.'

1102 2753 1119 2792 §
1134 2755 1154 2782 6
1172 2751 1191 2781 I
1192 2749 1374 2788 nterjaciens
1387 2749 1561 2779 memoriam
1581 2750 1751 2781 discordia·

1059 2811 1128 2832 rum
1144 2800 1187 2830 Ili
1202 2803 1231 2830 et
1250 2798 1389 2838 Pelopis]
1407 2798 1537 2838 Coeptae
1553 2799 1604 2829 11ae
1621 2799 1751 2830 discor·

1059 2852 1122 2883 diae
1139 2851 1228 2882 inter
1242 2848 1363 2880 Tro'effl
1383 2853 1418 2879 et
1433 2848 1633 2888 Tantalum3
1658 2850 1750 2882 illum
