1889 3194
250 291 335 333 398

253 393 528 448 Propulsura
547 406 718 444 manus,
738 394 964 447 pinnarum
986 393 1174 434 culmine
1193 392 1328 433 denso

768 300 968 331 JOSEPHI
1004 299 1171 331 ISCANI

1610 393 1696 436 485

253 461 537 514 Conspicuos
559 461 716 502 tollunt
736 462 904 514 apices,
923 474 1004 501 nec
1021 460 1188 501 moenia
1206 461 1348 501 munit

254 529 414 569 Rarior
432 528 642 569 excubias
659 528 787 568 turris
807 529 976 568 factura
998 525 1231 568 secundas.

255 595 430 636 Celsior
449 595 493 634 in
515 607 702 647 superas
724 594 993 635 contendens
1015 593 1178 634 vertice
1197 594 1332 634 nubes

255 662 382 711 Ilios,
400 666 596 716 aequaret
616 661 776 714 gemini
797 661 1044 701 discrimina
1065 659 1230 710 mundi,

256 729 305 769 Si
326 729 473 782 spatio
494 732 698 770 contenta
716 740 814 775 suo,
834 727 979 767 minus
999 726 1201 780 improba
1222 727 1338 768 coelo

1613 727 1702 768 490

257 795 477 843 Parceret,
499 799 630 848 atque
652 795 784 835 alium
799 795 892 848 jam
912 806 997 834 non
1018 799 1302 847 praesumeret
1323 794 1487 835 orbem.

258 862 307 902 Si
328 862 558 916 Phlegram
578 862 776 903 conferre
798 861 926 911 velis,
949 861 989 901 si
1010 861 1188 914 virginis
1209 873 1332 903 arces

912 981 1053 1013 NOTAE

258 1063 368 1094 fertur
384 1063 525 1094 Pindari
550 1063 653 1104 Pyth.
669 1064 739 1096 Od.
757 1074 809 1097 rv.
831 1063 954 1107 Ῥᾴδιον

257 1114 312 1152 μὲν
326 1114 386 1153 ’γὰρ
399 1112 492 1144 πόλιν
506 1115 639 1154 σεῖ-Σαι,
652 1113 704 1145 καὶ
723 1115 955 1156 ἀφαυροτέροις·

259 1164 334 1196 ἀλλ’
360 1162 408 1194 ἐπὶ
430 1163 553 1203 >ah-Pas
576 1162 658 1196 αὖθις
677 1163 771 1196 ἕσσαι
797 1165 955 1197 δυσπαλὲς

260 1215 307 1252 Δὴ
318 1213 448 1253 γίνεται,
459 1212 599 1253 ἐξαπίνας
611 1214 647 1245 Εἴ
656 1215 698 1253 μὴ
709 1215 776 1248 θεὸς
786 1215 957 1255 ἂγεμόνεσ·

260 1276 290 1295 σι
299 1264 514 1304 κυβερ-Νατὴρ
521 1264 664 1303 γένηται.
681 1266 872 1307 Procopius
884 1266 959 1297 Cae-

263 1315 421 1346 sariensis
446 1315 543 1346 initio
568 1315 700 1346 Histor.
725 1317 887 1357 templum
911 1316 960 1347 ait

261 1364 399 1404 Sophiae
411 1369 445 1395 et
459 1363 614 1404 Byzantii
626 1374 670 1395 ex
682 1369 761 1396 voto
778 1363 960 1396 inflamma-

264 1419 337 1445 tum
355 1413 476 1454 videri,
492 1418 529 1444 ut
553 1413 674 1445 melius
699 1414 960 1446 instauraretur.

264 1468 296 1496 2.

309 1514 449 1545 Muralia
476 1513 594 1553 primas
618 1513 812 1553 propulsum
837 1511 963 1552 munus]

264 1562 551 1602 Ἀντιτειχίσματα,
576 1561 834 1604 προτειχίσματα.
878 1562 962 1593 Plu-

267 1614 384 1645 tarcho
398 1614 430 1644 in
455 1614 591 1645 Narrat.
618 1612 773 1644 Amator.
795 1611 961 1652 προμαχῶ-

267 1674 317 1694 νες
325 1663 440 1694 etiam.
456 1663 626 1694 Homerus
638 1662 682 1694 ΙΙ.
698 1667 740 1693 M.
754 1662 898 1703 Κρόο-σας
907 1661 963 1701 μὲν

267 1712 391 1753 πύργων
402 1712 488 1753 ἔρυον
497 1712 548 1743 καὶ
565 1711 686 1754 ἔρειπον
701 1711 854 1752 ἐπάλξεις.
879 1713 963 1744 Hie-

268 1773 341 1794 ron.
370 1763 502 1795 adverS.
522 1762 762 1794 Jovinianum:
790 1764 963 1794 ‘contem-

270 1814 365 1853 plare
377 1812 518 1852 gloriam
536 1821 656 1852 meam,
670 1817 706 1844 et
717 1817 826 1853 petrae
841 1812 964 1845 firmis-

270 1864 362 1894 simae
380 1867 496 1903 tegere
514 1863 723 1903 promurali,’
740 1873 764 1895 1.
795 1864 850 1895 Ita
865 1864 875 1880 ‘
889 1873 964 1904 pro-

271 1912 414 1944 cestria’
432 1918 634 1953 castrorum,
653 1918 690 1944 et
710 1913 720 1930 ‘
732 1912 965 1950 anteurbana,’

270 1961 455 2003 προάστεια.
480 1962 576 1993 Fest.

313 2015 378 2044 489
406 2013 496 2052 Ilios,
507 2015 643 2053 oequaret
655 2012 774 2052 gemini
786 2012 968 2044 discrimina

272 2062 395 2102 mundi]
432 2063 775 2104 Constantinopolim,
798 2067 896 2103 puto,
919 2063 968 2094 in-

273 2113 359 2143 nuit.

323 2164 387 2192 492
424 2161 463 2193 Si
499 2162 672 2201 Phlegram
703 2160 843 2198 conferre
878 2160 971 2200 velis]

275 2212 473 2252 Phlegraeos
489 2221 627 2252 campos
644 2211 701 2242 alii
727 2211 762 2242 in
786 2211 972 2247 Thessalia,

274 2261 330 2291 alii
347 2262 379 2291 in
396 2261 602 2292 Macedonia
614 2268 757 2302 ponunt.
803 2261 973 2292 Videatur

274 2310 397 2341 Strabo
413 2310 445 2341 in
462 2310 636 2351 excerptis
654 2319 720 2341 vn.
739 2310 972 2341 Philostratus

275 2360 310 2390 in
327 2360 495 2396 Heroicis,
519 2359 685 2398 Παλλήνη,
703 2359 742 2397 ἢν
755 2359 879 2398 ποιηταὶ
894 2358 973 2391 Φλέ-

275 2421 355 2450 ’γραν
382 2409 586 2449 ὀνομάζουσιε
622 2411 677 2441 alii
707 2415 823 2442 castra
851 2413 975 2441 vocant

277 2459 448 2500 Phlegrae,
466 2464 606 2500 propter
623 2460 811 2500 Gigantum
836 2460 974 2492 bellum.

279 2509 405 2540 Noster
426 2511 544 2541 urbem
569 2510 752 2550 Gigantum
769 2510 908 2541 innuere
926 2509 971 2541 vi-

279 2557 388 2599 detur,
415 2559 491 2600 quia
517 2569 592 2590 cum
616 2560 721 2600 Troja.
747 2558 895 2600 confert,
910 2558 975 2590 nisi

279 2608 376 2637 malis
395 2609 436 2638 ad
451 2614 656 2641 structuram
675 2614 711 2640 et
738 2610 872 2640 insanas
900 2609 971 2640 illo-

281 2665 354 2686 rmn
381 2658 585 2698 molitiones,
606 2663 768 2699 tanquam
790 2667 898 2698 arceS,
920 2667 973 2689 re—

281 2703 389 2743 ferre3
413 2716 478 2746 qua
503 2706 545 2737 de
575 2716 612 2737 re
641 2708 786 2738 Severus
811 2708 843 2738 in
872 2707 975 2738 AEtna

284 2753 426 2791 prolixe.
472 2755 633 2795 Papinius
661 2757 805 2788 Geticum
824 2757 976 2788 nominat

286 2801 465 2842 Phlegram,
482 2813 521 2835 u.
537 2805 645 2836 Theb.

1052 1065 1091 1097 Si
1111 1065 1245 1105 virginis
1266 1074 1353 1097 arces
1376 1051 1537 1106 Assyria]
1553 1063 1706 1106 Babylo-

1008 1124 1099 1154 nem,
1134 1126 1235 1156 quam
1268 1116 1476 1150 Semiramis,
1511 1119 1548 1146 ut
1577 1115 1707 1154 volunt,

1009 1169 1018 1183 ‘
1032 1166 1141 1197 cinxit
1155 1166 1336 1198 coctilibus
1348 1165 1479 1206 muris,'
1496 1169 1533 1197 ut
1544 1165 1647 1197 Ovid.
1661 1165 1709 1196 lo·

1013 1216 1139 1257 quitur.
1185 1216 1278 1257 Hyg.
1303 1216 1430 1247 ‘latere
1449 1219 1561 1255 cocto,
1583 1219 1619 1246 et
1641 1216 1710 1246 sul-

1012 1265 1142 1305 pliure,'
1153 1264 1220 1296 fab.
1229 1268 1305 1297 223.
1318 1266 1420 1305 Prop.
1436 1265 1634 1296 ‘Persarum
1645 1267 1712 1295 sta-

1014 1314 1080 1346 tuit
1091 1314 1208 1355 regina
1217 1314 1410 1346 Semiramis
1423 1314 1562 1354 urbem‚'
1577 1323 1636 1345 111.
1650 1314 1711 1346 Jo-

1013 1363 1138 1404 sephus
1155 1368 1268 1394 tamen
1283 1364 1369 1395 libro
1384 1369 1505 1394 contra
1517 1363 1712 1404 Appionem

1015 1412 1058 1444 ab
1071 1413 1130 1444 illa
1150 1413 1322 1444 conditam
1348 1418 1452 1453 negat
1465 1424 1475 1444 z
1500 1418 1539 1445 ut
1555 1419 1590 1444 et
1605 1413 1713 1444 Bero-

1015 1471 1083 1501 sus,
1098 1466 1133 1492 et
1152 1462 1297 1502 Joseph.
1320 1462 1474 1503 Scaliger
1494 1462 1580 1493 libro
1602 1462 1713 1493 Cano-

1015 1522 1095 1543 num
1121 1512 1387 1553 Isagogicorum‚
1415 1512 1458 1543 ad
1485 1512 1610 1546 Euseb.
1636 1515 1715 1546 313.

1016 1563 1103 1594 Vide
1112 1562 1225 1593 multis
1233 1567 1389 1603 agentem
1402 1562 1588 1594 Herculem
1599 1561 1714 1594 Ciofa-

1015 1621 1094 1642 num
1106 1611 1147 1642 ad
1161 1611 1264 1643 Ovid.
1276 1621 1328 1643 lv.
1342 1612 1428 1644 Met.
1444 1612 1511 1643 Sed
1525 1621 1584 1644 cur
1596 1613 1716 1654 ‘virgi-

1016 1671 1094 1692 nem
1105 1661 1113 1674 ’
1127 1661 1279 1692 nominat
1293 1671 1431 1692 uxorem
1443 1662 1539 1701 Nini,
1549 1667 1584 1693 et
1595 1662 1638 1693 de
1650 1672 1717 1703 qua

1017 1711 1086 1742 ista
1114 1710 1297 1742 Africanus
1321 1712 1355 1742 in
1389 1711 1713 1752 Chronographicis:

1017 1761 1184 1800 πολλαχοῦ
1198 1761 1254 1797 τῆς
1263 1762 1323 1800 ’γῆς
1339 1760 1436 1802 ἔγειρε
1447 1762 1580 1800 χώματα
1597 1760 1716 1802 προφά·

1017 1823 1065 1842 σει
1079 1810 1136 1850 μὲν
1160 1810 1207 1841 διὰ
1225 1810 1299 1842 τοὺς
1315 1810 1566 1852 κατακλυσμοὺς,
1580 1811 1621 1843 τὰ
1635 1811 1662 1842 δ’
1677 1811 1717 1849 ἧν

1016 1864 1079 1893 τῶν
1101 1860 1254 1902 ἐρωμένων
1283 1860 1408 1901 ζώντων
1432 1860 1719 1901 κατορυσσομένων.

1017 1912 1084 1943 Sed
1109 1913 1118 1929 ‘
1135 1911 1293 1951 virginis'
1317 1911 1516 1943 vocabulum
1539 1921 1606 1943 non
1631 1911 1717 1942 adeo

1019 1961 1169 2002 angustis
1204 1961 1326 1992 finibus
1360 1961 1719 1992 circumscribendum.

1020 2012 1114 2052 Virg.
1151 2011 1379 2043 ‘Amazonas'
1417 2012 1569 2042 nominat
1592 2013 1602 2029 ⁶
1618 2011 1720 2050 virgi·

1023 2061 1107 2098 neS‚'
1123 2071 1198 2092 cum
1216 2065 1328 2092 tamen
1350 2070 1464 2091 sexum
1487 2061 1719 2101 propagat-int.

1024 2111 1079 2142 Ita
1095 2111 1191 2142 Luna
1214 2111 1224 2127 ‘
1237 2114 1412 2141 menstrua
1427 2109 1548 2150 virgo‚'
1572 2119 1648 2150 qnae
1673 2114 1721 2140 ta·

1024 2170 1101 2192 men
1129 2160 1254 2200 conjux
1278 2159 1429 2200 Tithoni,
1444 2159 1636 2191 Memnonis
1651 2169 1721 2190 ma-

1025 2216 1090 2250 ter,
1103 2209 1324 2250 Endymionis
1336 2209 1467 2240 deliciae
1479 2219 1489 2248 3
1502 2209 1552 2240 ita
1561 2209 1721 2249 chryseis

1026 2260 1178 2292 Homero
1193 2258 1279 2300 κόρη,
1295 2258 1386 2300 quod
1402 2263 1438 2289 et
1454 2259 1652 2291 Eustathius
1664 2268 1723 2290 no-

1027 2312 1158 2349 tat‚43.
1199 2309 1289 2340 Vide
1307 2308 1484 2340 ambitiose
1503 2313 1660 2349 agentem
1677 2308 1721 2339 de

1027 2359 1090 2390 hac
1104 2368 1139 2390 re
1151 2358 1406 2389 Taubmannum
1417 2358 1495 2388 olim
1513 2362 1662 2389 nostrum
1679 2357 1722 2388 ad

1027 2409 1125 2449 Virg.
1139 2408 1289 2439 Culicem
1300 2410 1376 2438 270.
1421 2408 1477 2438 Ita
1492 2407 1501 2424 ‘
1511 2406 1621 2438 viduae
1633 2405 1642 2420 ’
1663 2415 1722 2437 vo-

1029 2458 1153 2490 cabula
1177 2462 1212 2489 et
1240 2457 1251 2474 ⁴
1263 2455 1416 2496 nubere,’
1430 2457 1543 2487 laxius
1560 2465 1652 2496 saepe
1669 2465 1724 2487 su-

1026 2512 1179 2539 muntur:
1196 2516 1262 2548 qua
1277 2506 1320 2537 de
1337 2515 1373 2536 re
1387 2505 1502 2545 Scipio
1517 2504 1619 2536 etiam
1629 2505 1723 2536 Gen-

1029 2557 1098 2588 tilis
1115 2556 1158 2588 ad
1174 2555 1313 2596 Apuleii
1331 2555 1431 2595 Apol.
1443 2557 1519 2585 762.
1549 2554 1606 2586 Ita
1619 2555 1722 2586 Silius

1028 2607 1185 2648 Pyrenen
1197 2603 1408 2643 defloratam,
1419 2604 1429 2621 ‘
1439 2604 1576 2644 virginis
1585 2603 1594 2618 '
1607 2608 1724 2636 tamen

1027 2657 1128 2688 titulo
1136 2653 1571 2693 honorat‚ru.‘Lugendam
1580 2653 1725 2693 formae,’

1028 2707 1091 2737 διο.
1135 2706 1189 2736 De
1217 2702 1437 2734 Semiramide
1462 2712 1543 2733 vero
1565 2703 1723 2744 illiusque

1028 2755 1176 2794 nomine,
1200 2752 1278 2788 vita,
1302 2751 1433 2792 prolixe
1456 2751 1597 2783 Loe'nsis
1618 2752 1724 2783 Tomo

1031 2805 1149 2845 quinto
1167 2802 1327 2835 Criticor.
1352 2810 1400 2833 vr.
1426 2803 1480 2833 22.
1506 2800 1674 2833 Herodot.
1699 2809 1722 2832 1.
