1889 3194
267 355 352 397 486

266 458 371 499 Otia
392 459 565 512 sopitus
589 461 730 514 pelagi
747 474 832 502 non
853 461 1020 502 invidet
1040 465 1193 510 aestus,

261 525 291 566 J
296 527 497 566 asonium
519 527 708 580 relegens
729 527 996 568 Philoctetes
1015 527 1209 579 praevius
1231 539 1393 580 aequor,

790 368 991 399 JoSEPffl
1027 367 1193 399 ISCANI

1619 461 1704 502 325

263 591 376 641 Has,
396 593 554 645 inquit,
577 595 699 646 passi
719 593 888 646 Syrtes,
908 593 976 634 his
997 593 1205 634 haesimus
1225 594 1353 634 undis

263 658 365 700 Hos
386 659 562 712 Cyanes
583 660 765 700 tulimus
786 659 1009 712 scopulos,
1031 659 1242 713 Phryxea
1262 660 1404 700 secuti

260 723 450 773 Vellera,
472 726 720 767 Lemniacis
741 725 896 766 domus
916 726 1025 775 haec,
1045 725 1372 767 Thracensibus
1393 726 1489 775 illa,

262 790 379 832 Haec
399 792 553 841 Paros,
572 793 665 833 haec
686 792 846 832 Naxos
865 805 875 832 :
907 793 973 833 sic
994 797 1154 833 cuncta
1173 793 1427 845 rogantibus
1448 792 1576 834 heros
1616 791 1702 833 330

261 857 482 910 Explicat,
500 871 741 911 agnoscens
762 859 923 898 veteris
945 859 1125 911 vestigia
1147 872 1314 907 cursus,

258 923 552 977 AEsoniasque
572 924 686 965 vias:
717 925 781 965 sic
803 938 902 977 quae
924 925 1168 974 subeunda,
1189 925 1446 978 magistrat:

261 989 375 1039 Quae
393 989 585 1039 vitanda,
607 989 757 1031 docet:
789 1003 886 1030 cum
909 990 1085 1032 tandem
1107 991 1284 1032 hostilis
1305 1003 1446 1032 arenae

257 1056 430 1110 Allapsi
451 1057 628 1109 gremio,
650 1057 782 1097 saevis
804 1057 1083 1109 clangoribus
1104 1061 1233 1098 urunt

259 1121 390 1173 Aera,
412 1126 456 1163 et
473 1122 597 1163 iratis
618 1123 863 1175 impingunt
882 1123 1030 1165 littora
1048 1124 1206 1164 contis.

1615 1123 1701 1165 335

908 1274 1045 1306 NOTAE

258 1356 293 1379 x.
302 1350 355 1379 26.
365 1351 402 1379 ut
411 1348 554 1379 Noster‘
565 1348 730 1389 spatiari-¹
742 1349 838 1389 Virg.
849 1349 857 1366 ‘
867 1349 951 1381 Pro-

257 1398 429 1437 gredimur
446 1398 573 1437 portu,’
588 1404 623 1430 et
637 1408 675 1430 ιι.
697 1398 825 1440 Georg.
847 1401 857 1417 4
874 1409 951 1439 spa·

255 1447 312 1478 tiis
325 1447 528 1478 confecimus
540 1448 677 1489 aequor!
691 1448 834 1479 Plautus
845 1458 950 1488 saepe,

257 1496 333 1528 ‘Sol
362 1495 456 1535 abit‚'
485 1497 494 1513 ‘
509 1497 536 1527 it
547 1496 642 1537 dies‚'
670 1498 680 1515 ‘
694 1497 761 1528 lien
779 1497 952 1528 ambulat.’

254 1546 374 1577 Florus
386 1555 426 1576 ιι.
443 1548 474 1577 1.
487 1547 496 1563 4
511 1546 544 1576 in
561 1545 714 1577 Africam
729 1547 866 1587 navigat
882 1548 948 1577 bel-

257 1596 351 1627 luni!
394 1596 449 1626 Ita
471 1596 623 1636 Plautus,
637 1596 647 1613 ⁴
662 1596 851 1636 admigrant
866 1596 949 1627 infa-

256 1643 357 1682 miae,'
383 1646 506 1675 ‘naves
531 1645 726 1684 ambulant,'
754 1646 840 1676 Cato
858 1646 946 1685 apud

257 1694 368 1733 Agell.
385 1702 422 1724 x.
442 1696 495 1724 26.
541 1694 769 1726 Dracontius:
795 1696 803 1712 ‘
821 1696 865 1727 Et
889 1705 948 1736 pe-

255 1743 331 1783 lago
349 1743 517 1782 spatiante
532 1741 629 1774 fretis
644 1748 680 1774 et
695 1744 818 1775 littoris
836 1743 946 1775 aestu.’

255 1793 421 1823 Minutius
457 1792 575 1824 Felix:
605 1796 615 1810 ‘
632 1793 766 1825 Fluvios
804 1794 947 1833 intuere,

255 1847 338 1872 eunt
353 1850 487 1882 semper
498 1842 656 1874 exercitis
666 1843 839 1883 lapsibus!
864 1843 946 1875 Pro-

256 1891 405 1931 pertius:
431 1893 440 1909 ‘
455 1892 500 1922 Et
524 1892 622 1923 modo
647 1897 715 1923 tam
743 1894 870 1923 celeres
887 1893 948 1924 mi-

256 1941 341 1972 reris
373 1950 508 1972 currere
536 1941 676 1972 lintres!
722 1942 806 1974 Cato
836 1943 878 1973 de
908 1952 944 1974 re

255 1995 337 2022 rust.
354 2000 379 2022 1.
400 1992 409 2008 ‘
428 2000 533 2031 prope
549 1991 615 2022 siet
637 2001 741 2031 mare,
756 1997 812 2023 aut
827 1993 946 2032 amnis,

256 2050 321 2081 qua
336 2050 437 2071 naves
451 2040 645 2071 ambulent!
686 2041 814 2072 Seneca
830 2042 872 2072 de
889 2042 946 2073 Ira

254 2098 309 2121 111.
323 2092 374 2120 10.
399 2091 408 2107 4
426 2089 584 2120 Proderit
595 2090 747 2121 morbum
761 2101 856 2121 snum
869 2100 945 2122 nos-

255 2149 304 2178 se,
324 2144 359 2171 et
383 2140 472 2170 vires
496 2142 580 2180 ejus,
597 2146 773 2181 antequam
799 2140 944 2179 spatien-

254 2193 322 2228 tur,
338 2188 552 2230 opprimere.'
576 2189 773 2229 Propertius
790 2198 830 2220 11.
844 2189 853 2205 ‘
869 2190 943 2220 Nec

254 2247 328 2269 mea
361 2244 430 2269 tam
465 2238 566 2278 longa
601 2238 769 2279 spatietur
798 2238 944 2278 imagine

253 2289 398 2329 pompa?

297 2342 360 2370 326
386 2339 548 2370 Jasonium
582 2340 718 2378 relegens
755 2338 946 2371 Philoctetes

254 2389 380 2420 naribus
394 2388 515 2429 aequor]
526 2388 711 2426 Jasonium,
720 2391 759 2419 ut
770 2389 889 2429 Papin.
903 2397 943 2420 11.

254 2439 288 2469 in
305 2438 393 2470 fine:
417 2441 426 2455 ‘
444 2438 593 2478 Japeton
617 2442 676 2468 aut
700 2436 799 2468 fixam
825 2446 946 2477 supera

254 2488 296 2518 ad
319 2497 471 2519 convexa
493 2487 596 2518 levari
620 2486 814 2518 1narimen.’
857 2487 946 2518 Vide

255 2537 445 2577 Baptistam
463 2536 562 2567 Pium
586 2544 642 2567 111.
669 2536 807 2576 Sylloge
821 2537 894 2566 155.
913 2545 946 2576 p.

254 2589 328 2616 540.
350 2585 537 2616 Secundam
550 2584 676 2615 veroin
692 2586 701 2601 ‘
716 2584 945 2615 Philoctetes’

255 2635 444 2673 abbreviat,
468 2639 506 2665 ut
535 2634 711 2675 Oppianus
742 2635 774 2665 in
796 2634 947 2676 ἀσκαρδα-

254 2682 414 2720 μύκτοισιν
429 2683 573 2718 ὀπωπαῖς,
587 2689 624 2714 ut
637 2684 835 2724 Propertius
851 2695 858 2715 t
876 2687 885 2702 ⁴
899 2686 946 2715 Te

256 2734 365 2763 scelus
380 2739 522 2774 accepto
532 2734 671 2764 Thracis
684 2734 946 2775 Polymnestoris

255 2781 358 2812 auro.’
401 2783 488 2813 Vide
503 2782 634 2814 Gifanii
646 2783 791 2815 indicem
807 2785 945 2816 Lucret.

258 2832 290 2861 in
307 2832 423 2861 vocab.
438 2833 447 2849 4
465 2831 634 2863 omnium.’

301 2881 362 2910 329
387 2880 606 2912 Thracensibus
627 2881 698 2922 illa]
725 2883 884 2915 Thracius
909 2888 945 2915 et

1003 1349 1178 1380 Threicius
1201 1348 1422 1389 ποιητικώτερα
1446 1350 1548 1379 sunt:
1572 1351 1606 1378 et
1632 1346 1700 1378 for-

1004 1403 1095 1430 tasse
1117 1399 1223 1439 magis
1245 1400 1377 1437 Latina,
1395 1407 1520 1438 usuque
1542 1395 1700 1437 frequen-

1005 1448 1101 1479 tiora.
1143 1448 1272 1479 Seneca
1288 1457 1344 1479 111.
1365 1448 1525 1479 Controv.
1537 1449 1566 1478 1.
1589 1448 1599 1464 ‘
1616 1447 1699 1479 Qui·

1004 1497 1080 1528 dam
1097 1508 1170 1528 cnm
1197 1497 1449 1538 Hoplomachis,
1471 1496 1605 1537 quidam
1621 1506 1697 1527 cum

1003 1546 1189 1577 Thracibus
1219 1547 1345 1587 optime
1377 1545 1554 1586 pugnant.'
1575 1546 1699 1586 Papin-

1003 1604 1037 1625 ν.
1058 1596 1068 1612 4
1086 1600 1242 1635 spectant
1256 1600 1350 1626 trans
1364 1604 1498 1636 aequora
1509 1595 1698 1627 Thracem!

1002 1644 1051 1675 Ut
1078 1645 1188 1676 Latini
1205 1646 1214 1662 ‘
1231 1644 1504 1676 Ambraciensis'
1527 1648 1564 1675 et
1591 1645 1601 1662 4
1615 1644 1696 1675 Am-

1001 1693 1174 1729 braciota,’
1191 1692 1388 1734 Ἀμπρακιεὺς
1405 1698 1440 1724 et
1467 1693 1697 1733 Ἀμπρακιώτης

998 1741 1093 1783 (vide
1110 1742 1246 1774 doctiss.
1265 1744 1409 1775 Casaub.
1422 1743 1463 1774 ad
1482 1743 1696 1785 Apuleium),

999 1791 1048 1822 ita
1063 1797 1072 1810 ‘
1084 1792 1282 1824 Thracensis
1293 1792 1301 1806 '
1317 1792 1485 1823 formavit.
1508 1792 1619 1824 Julius
1631 1794 1696 1825 Ca-

1001 1841 1176 1881 pitolinus,
1193 1846 1201 1860 ⁶
1212 1841 1433 1881 Threciscus,'
1450 1841 1629 1881 Θρηκίσκος.

1043 1893 1108 1921 332
1131 1890 1186 1921 Sic
1221 1901 1288 1931 quoe
1323 1891 1478 1923 mbeuncta
1514 1892 1696 1933 magistrat]

999 1940 1125 1971 Paulus
1148 1950 1191 1971 ex
1213 1941 1334 1972 Festo:
1356 1943 1366 1958 4
1383 1941 1626 1982 Magisterare,
1641 1951 1695 1973 re·

1000 1999 1094 2029 gere,
1108 1995 1143 2021 et
1159 1995 1347 2030 temperare
1363 1995 1436 2022 est:
1461 1990 1551 2022 unde
1573 1992 1695 2033 magis-

1000 2039 1043 2069 tri
1070 2049 1136 2070 uon
1163 2040 1269 2070 solum
1295 2040 1450 2071 doctores
1475 2041 1609 2082 artium,
1633 2042 1694 2073 sed

999 2089 1100 2120 etiam
1115 2099 1291 2130 pagorum,
1306 2090 1520 2127 societatum,
1537 2090 1694 2129 virorum,

998 2138 1230 2178 collegiorum,
1240 2139 1389 2176 equitum
1402 2138 1583 2170 dicuntur-⁹
1594 2140 1694 2172 Glos-

997 2188 1140 2219 sarium:
1162 2189 1172 2206 4
1190 2190 1351 2230 magister
1381 2191 1488 2231 navis,
1508 2191 1525 2221 ὁ
1546 2190 1695 2232 κυβερνή·

997 2240 1077 2277 της.’
1112 2241 1187 2272 Tib.
1214 2241 1319 2273 Ovid.
1340 2243 1350 2259 4
1365 2251 1423 2272 vos
1446 2251 1500 2272 me
1523 2242 1694 2274 celebrate

998 2290 1207 2330 magistrum,
1234 2290 1319 2321 Cum
1342 2299 1418 2321 mea
1435 2290 1595 2322 ridebunt
1610 2300 1696 2323 vana

999 2341 1190 2379 magisteria
1203 2339 1224 2371 :’
1245 2345 1256 2359 ‘
1267 2341 1368 2380 culpa
1378 2344 1497 2381 potare
1508 2341 1695 2382 magistra‚’

999 2389 1121 2421 Horat.
1166 2389 1266 2423 Quod
1296 2399 1377 2421 vero
1411 2390 1622 2422 Philoctetes
1659 2391 1693 2422 in

1001 2439 1116 2480 ἐξουρίᾳ
1129 2439 1182 2470 hic
1197 2441 1206 2456 ‘
1218 2438 1421 2480 magistrat,'
1437 2439 1470 2470 id
1486 2439 1561 2471 Val.
1576 2440 1692 2471 Flaec.

999 2497 1056 2519 ιιι.
1072 2489 1171 2528 paulo
1194 2488 1293 2519 aliter
1309 2499 1316 2517 :
1342 2492 1351 2506 ¹
1368 2488 1440 2528 ipse
1465 2493 1571 2519 ratem
1588 2491 1691 2519 vento

999 2537 1172 2578 stellisque
1186 2536 1378 2568 ministrat.’

1041 2589 1104 2618 334
1126 2587 1228 2618 Soevz's
1254 2585 1448 2626 clangoribus
1473 2588 1565 2616 urunt
1588 2584 1692 2626 A'e'm]

1000 2636 1056 2667 Sic
1081 2645 1130 2667 vr.
1151 2637 1160 2653 ‘
1178 2636 1363 2676 Postquam
1390 2634 1557 2664 Helenem
1584 2635 1689 2675 trepi-

1001 2685 1061 2716 das
1077 2695 1220 2717 exurens
1241 2685 1380 2716 numius
1394 2692 1489 2714 aures
1506 2684 1659 2715 Perculit
1670 2684 1693 2716 :²

998 2735 1052 2766 hic
1079 2735 1122 2766 de
1149 2735 1322 2776 Tyrrheno
1348 2733 1506 2772 clangore
1533 2733 1687 2764 tubarum

1001 2781 1689 2823 intelligendumffpohfnpecpoetica.‘Ure-

1001 2834 1054 2865 re'
1071 2844 1161 2874 vero,
1175 2832 1304 2869 δάκνειν,
1319 2841 1385 2863 non
1397 2836 1526 2863 tantum
1542 2831 1585 2863 ad
1596 2832 1689 2864 dicta

998 2889 1033 2915 et
1062 2888 1254 2923 scommata,
1281 2881 1339 2913 sed
1368 2880 1488 2913 famam
1514 2886 1549 2913 et
1575 2881 1688 2915 nivem
