1889 3194
546 340 607 369 DE
640 339 796 370 BELLO
828 338 1055 370 TROJANO
1091 339 1183 369 LIB.
1215 339 1282 370 lv.

1545 329 1629 371 481

191 432 402 474 AEacides
424 432 700 487 Calchasque
721 446 849 487 pares
871 448 881 476 ε
914 433 1080 488 quippe
1102 433 1218 474 altus
1239 433 1412 487 utrique

190 499 347 540 Gentis
366 500 520 549 honos,
541 501 661 553 regni
679 513 832 554 aequus
849 513 989 555 apex:
1020 506 1065 541 at
1082 500 1222 554 major
1239 499 1403 542 Achilli

189 565 339 618 Spirat
351 579 472 608 amor
491 567 605 616 belli,
628 566 815 608 Calchas
835 567 1109 621 tranquillior
1130 567 1247 608 extis

189 632 418 674 Evolvisse
441 634 582 683 Deos,
603 639 647 674 et
668 634 771 674 coeli
797 646 926 674 nosse
946 638 1133 674 meatus.

189 698 299 739 Tres
320 700 414 740 unit
425 699 571 753 jurata
590 700 718 750 fides,
737 701 961 741 consortia
979 699 1121 753 prima

185 764 365 806 Tertius
387 771 515 818 auget
531 779 666 817 amor,
686 779 766 807 nec
776 767 872 820 Jam
890 767 1080 820 partitus
1101 766 1289 807 amicum

186 830 358 873 Invidet
379 832 627 883 Actorides,
646 833 722 874 sed
743 837 921 885 pontum
942 833 1082 874 lenior
1101 834 1243 874 haurit

186 897 244 940 Et
263 899 462 940 reducem
485 904 662 953 torquet
676 900 798 940 socio
821 899 1068 941 Calchante
1090 900 1294 940 carinam.

243 964 305 1006 Ut
324 966 545 1019 tripodum
568 966 746 1018 vulgata
766 966 874 1007 fides
895 979 973 1020 per
992 970 1149 1016 castra,
1173 980 1252 1020 per
1270 966 1438 1016 urbem,

186 1031 273 1072 Per
294 1044 486 1085 puppes,
507 1036 625 1074 certo
649 1033 746 1086 jam
768 1033 927 1074 claruit
947 1033 1107 1083 indice,
1130 1037 1311 1074 cunctos

1547 1032 1631 1075 275

186 1098 312 1139 Bella
325 1098 500 1152 juvant,
522 1099 694 1139 cunctis
709 1099 805 1153 Jam
827 1100 1058 1153 pulchrum
1079 1100 1279 1151 vincere3
1310 1098 1479 1140 tardum

194 1164 340 1206 Marte
361 1165 448 1206 frui
466 1178 476 1204 z
506 1166 644 1207 munit
664 1178 798 1219 eques
819 1166 965 1215 armis,
986 1170 1120 1207 nauta
1142 1165 1355 1212 ceruchis,

193 1230 316 1272 Civis
333 1245 474 1273 messe
489 1237 631 1273 rates:
663 1232 809 1284 pauci,
831 1245 942 1285 quos
964 1232 1109 1272 debile
1131 1237 1290 1286 pectus

188 1297 320 1339 Mens
341 1299 528 1352 plebeia,
552 1298 706 1352 jacens
726 1298 915 1348 animus,
937 1299 1108 1340 nescire
1129 1298 1373 1352 triumphos

193 1364 224 1405 J
228 1365 354 1415 ussit,
369 1370 414 1406 et
433 1365 594 1419 abjecti
612 1364 766 1405 mersit
786 1365 969 1417 caligine
984 1364 1080 1415 fati,

188 1429 282 1472 Aut
301 1432 419 1472 acies
438 1435 655 1481 metuunt,
676 1435 751 1472 aut
771 1431 883 1471 lente
904 1432 1075 1473 vincere
1090 1431 1300 1472 damnant

186 1497 341 1551 Longa
360 1498 614 1539 decennalis
634 1497 774 1539 mensi
797 1496 1029 1550 dispendia
1043 1498 1149 1539 belli
1167 1511 1177 1539 :

190 1563 301 1605 Cum
321 1577 455 1605 casus
468 1563 629 1605 cedant
647 1564 772 1614 varii,
794 1576 894 1604 cum
915 1564 1068 1617 praelia
1089 1564 1214 1613 nulli,

186 1628 407 1683 Sanguine
433 1643 531 1672 cum
547 1631 685 1672 multo
705 1642 948 1684 paucorum
969 1630 1108 1684 gloria
1128 1630 1289 1672 vincat.
1338 1677 1341 1680 Α

788 1770 804 1782 θ
810 1769 1024 1782 θΙθΟΟΜΟΝ

223 1825 287 1856 272
309 1823 428 1856 Laetz‘or
444 1824 512 1856 Ms.
539 1834 647 1865 marg.

835 1899 978 1931 NOTAE

224 1976 287 2005 277
311 1974 421 2005 Nauta
435 1973 588 2014 ceruchis]
612 1972 792 2005 Antennis.
815 1973 882 2004 Lu-

182 2032 306 2055 canus:
330 2024 496 2055 ‘instabit
519 2024 656 2055 summis
682 2023 791 2054 minor
806 2033 883 2055 ursa

184 2073 362 2113 ceruchis,’
371 2074 429 2105 lib.
441 2082 524 2104 vm.
537 2078 571 2104 et
584 2083 619 2104 x.
629 2073 639 2090 ‘
654 2074 882 2114 Transtraque

184 2127 362 2154 nautarum
379 2123 564 2163 summique
581 2132 693 2154 arsere
721 2123 882 2154 ceruchi.'

182 2172 258 2202 Val.
272 2172 381 2203 Flacc.
397 2181 422 2203 1.
445 2176 454 2189 ‘
470 2173 652 2212 Temperet
667 2176 704 2203 ut
720 2172 881 2203 tremulos

184 2221 310 2252 Zethes
324 2220 497 2262 fraterque
513 2220 696 2252 ceruchos.’
741 2220 881 2251 Grotius

184 2269 227 2301 de
243 2279 347 2301 cavea
361 2271 395 2301 in
412 2271 604 2302 summitate
620 2270 699 2301 mali
713 2270 803 2311 apud
819 2271 881 2301 Lu-

184 2329 303 2352 canum
323 2319 503 2360 intelligit3
527 2329 604 2360 ego,
617 2329 742 2350 cornua
764 2324 882 2350 anten-

183 2379 316 2411 narum,
344 2370 433 2411 quod
454 2370 596 2400 nominis
621 2369 744 2410 probat
769 2370 884 2401 conci-

185 2419 279 2451 lium.
323 2419 421 2460 virg.
443 2419 452 2436 ‘
467 2420 603 2451 Cornua
617 2419 807 2449 velatarum
823 2419 883 2450 ob-

183 2469 346 2501 vertimus
365 2468 609 2500 antennarum.'
652 2467 883 2500 Glossarium:

182 2524 192 2538 (
203 2519 294 2561 κέρας
308 2519 430 2559 πλοίου,
448 2517 619 2551 antenna.’

224 2572 288 2602 283
314 2570 393 2600 Cum
403 2578 490 2600 casus
500 2569 608 2599 cedant
622 2566 716 2608 varii,
725 2576 792 2598 cum
798 2576 882 2607 prae-

182 2620 226 2651 lia
249 2619 343 2659 nulli]
368 2619 469 2650 Prius
496 2617 671 2658 AEschylus
700 2617 822 2658 probat
847 2618 881 2648 iu

181 2670 282 2709 Trag.
298 2672 429 2709 septem
448 2673 566 2699 contra
580 2668 683 2700 Theb.
706 2667 798 2708 ἔργον
810 2668 835 2698 δ’
849 2668 884 2699 ἐν

182 2718 289 2754 κύβοις
312 2718 408 2759 Ἀρης
434 2719 538 2758 κρινεῖ.
583 2722 592 2736 ¹
607 2717 638 2749 O
662 2718 756 2748 varia
779 2721 881 2758 atque

180 2768 326 2807 incerta,
338 2769 431 2799 velut
444 2767 600 2809 quaedam
611 2767 775 2799 bellorum
787 2765 882 2806 alea,'

181 2820 244 2849 διο.
289 2817 453 2858 Hegesip.
482 2827 516 2849 v.
543 2819 595 2848 30.
630 2817 671 2848 In
701 2814 882 2856 posteriori

181 2868 313 2907 praemia
338 2867 474 2898 malim:
497 2867 560 2898 nisi
581 2867 690 2898 cedant
719 2875 781 2907 pro
807 2874 881 2896 suc·

266 2921 382 2962 Delph.
396 2924 428 2953 et
444 2921 516 2953 ναν.
530 2921 619 2952 Clas.

774 2918 862 2950 Dict.
880 2918 966 2949 Cret.
979 2918 1032 2957 dfe.

937 1972 1074 2013 cedant,
1092 1972 1181 2013 quod
1196 1972 1323 2004 Nostro
1339 1970 1511 2014 frequem,
1524 1982 1634 2004 suma-

937 2029 1003 2055 tur.

977 2075 1040 2103 284
1064 2072 1225 2112 Sanguine
1255 2082 1323 2103 cum
1351 2073 1447 2103 multo
1465 2082 1634 2112 paucorum

932 2123 1034 2161 gloria
1068 2122 1188 2162 vincat]
1234 2121 1455 2152 Verissimum
1492 2122 1634 2152 dictum.

936 2172 1014 2203 Hoc
1044 2177 1097 2203 est
1122 2171 1211 2212 quod
1239 2172 1347 2203 Clitus
1370 2171 1461 2211 apud
1479 2171 1633 2203 Curtium
1668 2199 1671 2201 .

934 2221 993 2253 lib.
1011 2230 1094 2253 vm.
1128 2222 1137 2238 ‘
1152 2221 1244 2251 Male
1268 2220 1452 2251 instituisse
1478 2219 1634 2260 Graecos,

935 2269 1025 2311 quod
1044 2269 1180 2310 tropaeis
1205 2278 1321 2309 regum
1338 2268 1506 2299 duntaxat
1530 2269 1634 2299 nomi-

935 2330 979 2351 na
995 2320 1231 2358 inscriberent,
1244 2319 1354 2349 alieno
1367 2318 1455 2349 enim
1471 2318 1633 2357 sanguine

934 2374 1067 2410 partam
1098 2368 1236 2409 gloriam
1267 2367 1427 2408 intercipi
1441 2367 1463 2398 ι’
1484 2377 1560 2408 quae
1591 2377 1634 2398 ex

936 2418 1098 2459 Euripide
1115 2427 1180 2449 non
1197 2418 1238 2448 ad
1253 2417 1394 2448 verbum
1408 2421 1487 2448 sunt
1502 2416 1633 2448 desum-

934 2474 981 2509 ta,
1010 2468 1070 2499 sed
1097 2468 1140 2499 ad
1172 2476 1322 2509 personae
1350 2466 1579 2498 conditionem
1598 2474 1634 2498 et

934 2528 1007 2550 rem
1037 2518 1212 2549 commode
1241 2520 1447 2548 transsumta
1463 2526 1473 2554 ;
1511 2516 1559 2547 ita
1597 2520 1634 2547 ut

933 2566 1063 2599 frustra
1109 2566 1248 2598 Loe'nsis
1284 2566 1438 2598 Curtium
1485 2566 1634 2597 lancInet

934 2617 1073 2648 Miscel.
1090 2626 1126 2648 v.
1143 2619 1193 2648 17.
1238 2616 1328 2646 Vide
1352 2616 1571 2646 Plutarchum
1597 2617 1632 2646 in

936 2666 1007 2697 vita
1019 2665 1118 2698 Alex.
1130 2666 1322 2696 Victorium
1335 2673 1468 2695 xxvru.
1481 2666 1535 2696 22.
1560 2664 1632 2696 Ho-

936 2716 1012 2748 ratii
1029 2717 1061 2748 in
1076 2715 1250 2747 adversam
1269 2720 1400 2755 partem
1416 2715 1499 2746 illud
1516 2719 1632 2746 notum

936 2769 987 2797 est
1003 2776 1010 2795 ε
1034 2766 1044 2783 ‘
1060 2764 1229 2806 Quicquid
1246 2763 1412 2804 delirant‚'
1425 2766 1487 2795 &c.
1519 2764 1572 2794 De
1584 2763 1631 2795 A-

935 2814 1056 2855 grippa
1066 2815 1171 2846 simile
1186 2813 1264 2855 quid
1276 2814 1310 2844 in
1322 2813 1550 2854 praerogativa
1561 2814 1631 2853 glo-

935 2865 994 2894 riae
1007 2868 1142 2896 enarrat
1153 2863 1348 2905 Xiphilinus
1358 2872 1400 2894 ex
1410 2862 1519 2893 Dione
1530 2871 1632 2894 xmx.

1467 2917 1487 2945 2
1510 2914 1544 2945 H
