1889 3194
229 332 315 375 508

761 340 961 371 JOSEPffl
997 339 1161 370 ISCANI

231 435 503 478 Dissimilem
525 439 691 490 sperat,
710 433 889 482 haerent,
911 433 1160 486 audentque
1183 437 1446 489 paventque,

231 503 501 556 Alternoque
521 506 672 543 truces
693 502 925 554 obliquant
944 500 1109 540 lumine
1129 500 1290 542 vultus.

289 569 415 610 Ilicet
435 570 479 610 in
498 569 677 623 patulos
699 569 819 610 acies
836 567 1087 609 diffunditur
1108 580 1234 619 agros

229 636 455 690 Argolica,
477 641 521 678 et
541 649 628 690 quo
650 639 795 677 castra
814 634 913 685 situ,
935 646 1025 688 quo
1046 634 1179 674 milite
1202 639 1310 685 tuta,

232 702 322 753 Qui
341 707 518 745 teneant
532 707 705 757 portus,
724 701 826 743 belli
845 701 1093 742 moderator
1112 700 1296 742 Atrides

231 769 427 822 Digerit:
456 770 530 811 ille
551 770 708 810 iterum
728 769 870 822 raptis
891 768 947 810 ad
970 769 1162 810 classica
1182 768 1336 809 turmis

232 835 417 877 Orditur
434 848 620 890 pugnaS‚
634 836 819 890 jamque
838 836 999 878 aemula
1020 834 1170 888 prodit
1190 836 1234 876 in
1257 847 1361 877 arva

232 902 460 945 Bellatura
479 903 659 944 cohors:
691 907 846 944 contra
864 902 953 957 (sic
971 902 1164 956 impetus
1186 899 1331 955 urget)

234 969 277 1010 N
282 982 338 1010 on
359 969 579 1012 defensuri
594 973 832 1024 properant
851 969 1061 1023 Phryges,
1085 972 1219 1022 atque
1242 980 1326 1021 ope
1344 971 1492 1021 spreta

232 1035 377 1086 Quam
392 1039 529 1078 turres
550 1037 755 1091 murique
775 1037 954 1085 dabant,
977 1047 1076 1077 sese
1095 1034 1298 1077 hostibus
1317 1035 1432 1076 ultro

231 1103 532 1146 Dardanidum
552 1105 693 1158 pubes
713 1107 877 1158 aequat,
896 1102 1148 1156 bellumque
1163 1101 1350 1143 lacessit

233 1169 345 1224 Ipsa
363 1171 497 1224 prior,
518 1171 632 1213 nulli
644 1170 739 1225 J‘am
753 1182 1021 1224 responsura
1040 1169 1230 1211 vocanti.

289 1236 352 1279 Ut
371 1238 457 1279 sibi
477 1237 656 1280 distitiis
679 1239 803 1279 acies
824 1237 972 1279 vicina
992 1237 1252 1291 propinquis

233 1302 288 1346 Et
308 1316 467 1358 campo
486 1306 694 1359 propiore
714 1305 854 1356 stetit,
874 1317 958 1345 non
974 1304 1150 1357 ignibus
1172 1304 1305 1345 AEtna

232 1370 411 1424 Ruptis‚
427 1384 510 1413 non
532 1372 718 1425 geminis
740 1372 938 1414 Isthmos
958 1372 1153 1413 lacerata
1174 1371 1399 1425 procellis,

233 1436 338 1479 Non
359 1438 424 1479 sic
447 1438 736 1493 Hippotades
758 1440 894 1480 antris
913 1439 1068 1480 fremit.

231 1503 389 1558 Auget,
409 1510 454 1546 et
469 1505 667 1547 accendit
680 1507 788 1547 iram
809 1505 978 1558 fragor:
1010 1506 1213 1559 improba
1232 1506 1396 1546 nullum

234 1571 483 1614 Frustratur
504 1573 606 1614 belli
624 1573 776 1614 virtus.

233 1637 381 1691 Seque
401 1639 539 1693 pedes
560 1639 785 1680 stimulat:
809 1639 905 1693 jam
926 1639 1101 1680 dextras
1122 1639 1311 1692 undique
1331 1638 1536 1688 miscent,

233 1702 293 1744 Et
309 1705 468 1758 quaerit
487 1705 572 1746 sibi
591 1706 776 1760 quisque
797 1718 973 1759 parem:
1004 1718 1125 1760 saepe
1147 1706 1314 1759 impare
1335 1719 1485 1759 pugna

234 1768 326 1811 Aut
344 1771 420 1812 uni
436 1771 601 1825 plures,
622 1774 700 1813 aut
714 1771 914 1825 pluribus
936 1773 1089 1814 obviat
1109 1784 1241 1813 unus.

232 1836 410 1891 Aspera
424 1838 519 1892 Jam
541 1837 713 1880 cunctis
729 1839 846 1881 calet
865 1840 946 1890 ira,
968 1840 1230 1894 bipennibus
1248 1852 1374 1880 enses

235 1903 526 1956 Contendunt,
547 1906 686 1948 hastae
695 1906 879 1960 jaculis,
899 1907 1164 1961 glandesque
1187 1907 1371 1959 sagittis.

1589 568 1675 611 220

1588 901 1675 944 225

1590 1235 1676 1278 230

1128 1439 1345 1479 Omnibus
1367 1451 1504 1480 ausus

833 1572 1003 1625 Auriga
1018 1573 1211 1626 jugales,
1589 1571 1676 1614 235

1589 1904 1674 1945 240

289 1970 407 2013 Ecce
429 1972 726 2016 Menoetiades
748 1972 947 2015 Chironis
969 1987 1072 2015 cura
1094 1973 1305 2023 secunda,

878 2094 1023 2127 NOTAE

274 2168 337 2198 230
364 2165 407 2198 Ut
432 2166 493 2198 sibi
516 2166 665 2208 distieiis]
696 2168 746 2201 Ut
773 2169 924 2201 intersti-

232 2216 330 2257 tium,
354 2217 401 2248 ita
425 2216 593 2249 distitium
618 2217 755 2252 format.
799 2220 925 2251 Lucre-

230 2266 315 2297 tius:
340 2270 348 2284 ‘
362 2267 536 2308 Tantaque
560 2267 594 2298 in
618 2267 668 2300 his
683 2269 782 2301 rebus
798 2269 925 2302 distan-

231 2316 278 2347 tia
291 2315 525 2358 differitasque
541 2317 618 2349 est.’

273 2368 335 2396 231
362 2366 407 2397 Et
430 2377 535 2407 campo
561 2367 704 2408 propiore
725 2369 830 2410 stetit]
871 2369 926 2401 Sic

231 2424 281 2447 vr.
296 2415 305 2432 ‘
320 2416 364 2446 Et
381 2416 512 2447 medius
527 2416 697 2449 decrescit
713 2418 817 2458 ager.’
859 2419 926 2450 Pa·

232 2464 301 2504 pin.
319 2474 397 2497 vm.
411 2467 419 2482 ‘
432 2465 646 2507 mediumque
660 2467 778 2500 vident
793 2468 927 2499 decres-

229 2523 307 2545 cere
332 2515 508 2555 cmnpum!
567 2516 774 2549 Claudianus
801 2517 925 2549 Rnffin.

231 2572 273 2594 ιι.
296 2565 305 2581 ⁴
319 2564 516 2596 decrescere
532 2575 669 2606 campus
686 2566 839 2608 Incipit:

272 2616 335 2644 232
368 2614 442 2646 Non
468 2615 604 2654 geminis
628 2616 764 2648 Isthmos
789 2619 926 2649 lacerata

229 2664 382 2704 procellis]
406 2665 530 2705 Papin.
554 2674 579 2696 1.
602 2666 707 2698 Theb.
732 2668 839 2699 ‘etin
855 2677 923 2699 me-

229 2714 292 2745 diis
309 2715 401 2746 audit
416 2715 482 2746 duo
498 2716 616 2747 littora
630 2718 782 2758 campis.’

273 2766 335 2793 238
357 2764 422 2795 Aut
445 2765 501 2795 um*
522 2767 637 2806 plures,
652 2771 706 2798 aut
719 2768 857 2808 pluribus
872 2769 922 2799 ob-

231 2813 295 2843 riat
321 2813 413 2853 unus]
452 2815 714 2856 Ἀναστροφοίδην,
741 2823 777 2849 ut
805 2818 921 2850 Ovidii

230 2862 331 2893 illud:
351 2866 359 2881 ‘
371 2863 608 2905 Cederejussit
620 2877 753 2908 aquam,
763 2869 861 2909 jussa
872 2879 923 2901 re-

979 2168 1083 2201 cessit
1100 2167 1210 2210 aqua.'
1245 2167 1430 2209 Papinius:
1448 2168 1456 2187 ‘
1475 2166 1596 2198 Cultor
1611 2165 1675 2197 Ion

979 2220 1083 2255 Pisae,
1118 2221 1284 2251 cultorem
1321 2219 1485 2259 Daphnea
1512 2215 1677 2258 Cyrrhae.'

979 2271 1133 2312 Uterque
1180 2279 1295 2300 versus
1342 2278 1461 2308 magno
1498 2267 1675 2306 Scaligero

979 2319 1145 2350 laudatus.
1188 2320 1287 2350 Tales
1303 2319 1401 2349 multi
1424 2317 1571 2348 fornacis
1591 2315 1676 2348 Ovi-

977 2369 1100 2409 dianae,
1126 2369 1159 2400 in
1186 2369 1307 2410 quibus
1331 2368 1477 2399 rotunda
1499 2364 1676 2405 συμπλοκή.

978 2420 1121 2451 Metam.
1144 2428 1192 2451 iv.
1217 2421 1226 2435 ‘
1240 2418 1368 2449 Umbra
1383 2418 1444 2449 viri
1461 2418 1530 2448 visa
1546 2422 1611 2455 est,
1626 2416 1676 2447 vi-

977 2480 1048 2501 sam
1066 2470 1140 2501 fera
1156 2469 1253 2500 saevit
1270 2470 1302 2499 in
1321 2466 1494 2499 umbram?
1531 2467 1674 2498 Metam.

976 2529 1028 2553 rx.
1044 2521 1053 2537 ‘
1066 2520 1202 2551 Somnia
1219 2519 1348 2560 pondus
1375 2517 1522 2548 babent?
1552 2525 1595 2547 an
1619 2516 1675 2546 ha-

977 2569 1060 2601 bent
1084 2574 1120 2601 et
1146 2569 1272 2601 somnia
1297 2568 1426 2608 pondus
1439 2566 1462 2597 ?’
1484 2566 1517 2597 in
1543 2566 1673 2597 Fastis:

978 2622 987 2639 ‘
1003 2621 1079 2652 Una
1095 2620 1167 2651 dies
1184 2619 1305 2651 Fabios
1331 2617 1373 2648 ad
1391 2616 1515 2648 benum
1532 2616 1674 2647 miserat

978 2679 1104 2701 omnes.
1121 2668 1174 2699 Ad
1187 2669 1309 2700 bellum
1323 2666 1439 2698 missos
1451 2664 1674 2706 perdidituna

978 2719 1075 2751 dies!
1104 2721 1113 2737 ‘
1133 2719 1241 2749 Instat
1272 2726 1384 2748 amans
1413 2715 1516 2746 hostis
1546 2716 1671 2755 pretio,

979 2770 1218 2811 precibusque,
1244 2767 1428 2807 minisque:
1455 2765 1528 2796 Nec
1554 2774 1670 2805 prece,

976 2830 1041 2852 nec
1059 2820 1180 2861 pretio,
1200 2827 1263 2850 uec
1277 2821 1389 2849 movet
1405 2816 1461 2848 ille
1478 2816 1599 2848 minis-¹
