1889 3194
231 374 317 416 454

233 478 360 529 Quas
380 479 522 521 nollet
543 479 781 534 peperisse,
800 480 948 520 faces:

760 385 961 417 JoSEPHl
997 383 1163 415 lscANl

978 478 1076 528 heu,
1098 477 1281 530 perdite,
1302 477 1449 519 nescis

232 545 360 596 Quas
381 550 528 588 tecum
549 547 716 596 clades,
740 550 930 599 quantos
952 545 1146 597 fugiente
1168 545 1381 585 tumultus

233 612 389 654 Classe
407 614 545 655 refers
562 614 578 656 !'
601 618 734 668 tuque
756 613 987 654 Herculea
1008 612 1250 664 corruptior
1270 611 1406 661 unda,

233 680 602 734 Bellerophonteo
623 680 875 733 flagrantior
895 679 1013 731 igne,
1035 691 1191 720 sereno

1599 677 1684 718 290

234 747 365 788 Certa
380 748 537 797 minus,
559 748 779 788 thalamos
800 747 980 800 linquis,
1002 745 1181 795 Ledaea,
1197 744 1398 798 jugales:

233 813 294 854 Et
314 817 463 867 spreto
480 814 607 855 toties
626 815 780 855 iterum
803 812 1040 866 quaerenda
1059 813 1228 861 marito,

235 880 478 934 Nunquam
496 885 627 934 rapta
646 880 762 932 fugis
781 893 791 919 ε
821 893 932 921 nunc
953 893 1038 921 non
1059 880 1258 933 Lilybaea
1277 890 1454 932 vorago,

235 947 440 988 Latratus
463 947 614 996 Siculi,
637 947 832 1002 Libycus
853 952 992 997 tenor,
1013 950 1058 988 et
1079 946 1197 1000 quod
1216 947 1261 986 in
1283 946 1401 987 omni

234 1013 378 1055 Saevit
395 1014 516 1054 triste
535 1015 661 1064 mari,
681 1014 836 1055 mixtis
855 1014 940 1055 huc
959 1013 1154 1055 confluat
1174 1012 1317 1062 undis,

1601 1011 1686 1054 295

237 1080 339 1121 Has
354 1080 528 1122 infestet
548 1094 703 1134 aquas,
723 1081 978 1134 primosque
1000 1080 1158 1121 ultrice
1180 1080 1376 1133 procella

236 1146 489 1201 Amplexus
510 1147 700 1188 medium
721 1147 866 1189 solvat
885 1159 1003 1188 mare
1020 1159 1030 1188 :
1062 1146 1199 1187 multa
1219 1150 1427 1188 nocentes

238 1213 401 1266 Mutat,
421 1215 460 1257 si
491 1215 636 1257 vetitis
651 1214 786 1257 velox
807 1213 1044 1255 occurrerit
1067 1212 1205 1254 ausis.

835 1333 915 1346 ΝΜ
919 1332 1076 1345 ”eme

280 1402 342 1431 293
366 1399 434 1431 Pro
449 1409 510 1431 non
525 1399 593 1431 Ms.
606 1409 634 1430 o.

890 1485 1031 1518 NO'I'AE

239 1559 348 1592 exitio
362 1559 444 1591 fuit:
455 1559 542 1600 lego,
557 1560 665 1590 literae
679 1559 877 1598 mutatione,
890 1560 934 1590 ln-

239 1613 366 1646 eratum
382 1609 469 1650 quod
481 1609 592 1650 Paris,
604 1610 663 1647 ait,
678 1610 710 1640 in
724 1610 817 1640 lucro
830 1609 937 1649 ponit,

241 1659 276 1690 id
308 1659 412 1689 vertit
429 1659 462 1689 in
479 1658 618 1689 exitium
633 1668 643 1696 3
658 1658 667 1674 ‘
680 1658 828 1698 perfidus
845 1658 935 1689 enim

241 1708 341 1740 alteri
361 1706 513 1739 fraudem
538 1706 654 1746 infert,
675 1707 833 1738 damnum
850 1707 939 1745 sibi:

242 1763 283 1789 ut
319 1758 368 1789 ait
401 1761 520 1788 auctor
548 1757 699 1789 Queroli.
725 1757 938 1797 Injuriaque,

234 1809 338 1849 juxta
358 1808 542 1839 Lucret.v.
554 1807 660 1838 ‘unde
678 1813 800 1838 exorta
821 1813 885 1844 est,
897 1806 938 1837 ad

243 1868 320 1890 euni
335 1859 532 1899 plerumque
549 1857 714 1888 revertit!
743 1857 799 1888 Sic
816 1857 940 1896 Papin-

243 1908 254 1925 ‘
266 1908 329 1939 fati
346 1916 471 1938 moram
487 1906 635 1942 lucrari‚'
652 1916 703 1938 1x.
720 1913 754 1937 et
772 1916 806 1938 x.
829 1906 839 1922 ⁴
853 1916 939 1937 mor-

244 1959 357 1999 tisque
367 1957 585 1988 feraelucrata
598 1956 756 1988 dolores!
774 1956 940 1988 Proverb.

245 2012 261 2040 1
269 2031 276 2040 .
287 2007 521 2049 θησαυρίζουσιν
531 2007 650 2038 ἑαυτοῖς
660 2006 764 2038 κακόν.
778 2007 874 2038 Philo
886 2016 943 2037 vo-

245 2063 303 2089 cat
318 2059 373 2088 iil).
387 2058 429 2088 de
443 2058 594 2097 Joseplio
606 2068 638 2097 p.
650 2060 725 2088 431.
739 2058 943 2097 καρποῦσθαι;

245 2110 302 2146 τῆς
318 2108 476 2140 αὐθαδείας
489 2108 540 2139 καὶ
555 2107 700 2144 ἀσεβείας
723 2107 862 2148 ἐπίχειρα
876 2119 941 2147 κερ-

245 2160 416 2197 δανούμεθα
431 2157 575 2196 ἐπιτίμια,
593 2168 626 2198 p.
645 2160 719 2189 397.
735 2158 873 2188 Hesiod.
891 2156 942 2194 Μὴ

247 2209 328 2240 κακὰ
343 2209 523 2250 κερδαίνειν,
539 2209 619 2240 κακὰ
636 2207 744 2248 κέρδεα
757 2207 799 2239 iu’
822 2207 944 2250 ἄτῃσιν.

246 2260 304 2291 Ita
322 2261 362 2291 D.
380 2260 504 2290 Petrus
519 2260 630 2300 Epist.
645 2268 686 2290 11.
701 2262 732 2290 2.
751 2258 945 2298 κομιούμενοι

246 2310 358 2349 μισθὸν
382 2309 496 2341 ἀδικίας
528 2308 679 2349 δανείζειν
704 2309 762 2341 τὰς
788 2310 944 2351 τιμωρίας.

248 2362 349 2392 Philo
364 2370 398 2401 p.
409 2363 484 2392 585.
507 2360 706 2400 Fulgentius
721 2359 807 2391 bene
821 2360 854 2391 in
871 2360 948 2399 My·

249 2410 419 2450 thologico
443 2412 496 2441 96.
528 2409 538 2426 ‘
551 2409 658 2440 omnis
692 2409 797 2440 libido
835 2419 948 2440 rerum

249 2462 384 2501 patitur
407 2459 586 2499 naufragia
600 2458 620 2490 :’
652 2459 782 2491 Noster
811 2468 845 2491 v.
873 2461 948 2491 271.

250 2512 260 2528 ‘
279 2511 470 2552 Cognatum
486 2510 616 2541 lucrata
631 2508 745 2541 nefas.'

294 2563 358 2592 289
382 2561 538 2592 Herculea
549 2560 724 2600 corruptior
740 2561 838 2601 unda]
864 2560 949 2591 Cum

252 2611 366 2642 Lerna
380 2615 417 2642 et
431 2610 600 2641 Chimaera
617 2610 786 2640 Heienem
803 2608 951 2649 confert,

254 2666 292 2692 ut
314 2666 350 2692 et
372 2659 460 2691 infra
482 2661 615 2700 Syrtes,
635 2659 785 2700 Scyllam
808 2664 844 2690 et
864 2659 948 2690 Cha—

255 2710 389 2751 rybdin,
401 2710 644 2750 περιφραστικῶς
660 2709 692 2739 in
714 2709 807 2740 illam
823 2713 949 2740 movet.

297 2761 360 2790 297
385 2759 491 2790 Multa
505 2761 649 2790 nocentes
665 2759 788 2798 Mutae,
803 2758 831 2789 si
843 2757 950 2789 vetitis

255 2810 346 2840 velox
367 2808 534 2840 occurrerit
554 2807 654 2847 ausis]
684 2808 740 2839 Sic
762 2807 820 2838 lib.
836 2816 860 2840 1.
875 2810 950 2839 378.

256 2858 424 2888 ‘Pronius
446 2857 481 2887 in
502 2856 631 2888 facinus
655 2856 761 2888 tardis
783 2857 949 2888 ultoribus

258 2906 350 2941 itur.’
373 2907 465 2939 Talis
480 2906 650 2939 sententia
666 2905 828 2947 Prosperi
844 2905 950 2948 Aqui-

991 1558 1112 1590 tanici:
1148 1556 1307 1589 ‘Crescit
1335 1556 1423 1588 enim
1452 1557 1585 1589 occulte
1611 1566 1688 1590 cnm

989 1611 1090 1651 longo
1106 1619 1208 1651 poena
1222 1613 1333 1646 reatu,
1349 1608 1498 1639 Ausibus
1520 1609 1647 1640 illicitis
1661 1609 1690 1640 si

990 1659 1073 1690 nihil
1101 1656 1301 1690 obstiterit-⁹
1345 1657 1432 1688 Cato
1457 1658 1489 1687 in
1512 1657 1612 1688 Orat.
1629 1667 1691 1698 pro

991 1708 1127 1739 Rhodiis
1144 1707 1234 1747 apud
1259 1705 1356 1745 Agel.
1387 1714 1453 1736 vn.
1481 1708 1512 1737 3.
1535 1706 1692 1737 ‘Summa

994 1757 1161 1799 professio
1172 1757 1326 1788 stultitiae
1336 1760 1401 1794 est,
1413 1765 1480 1787 non
1492 1756 1541 1787 ire
1558 1757 1691 1788 obviam

995 1809 1181 1839 sceleribus
1203 1806 1374 1846 cogitatis,
1390 1805 1448 1837 sed
1466 1816 1618 1846 manere,
1632 1816 1693 1847 op·

993 1858 1177 1899 peririque,
1199 1861 1237 1887 ut
1256 1866 1333 1887 cum
1357 1856 1503 1886 admissa
1517 1861 1554 1887 et
1571 1865 1694 1897 perpe-

995 1913 1087 1940 trata
1108 1906 1250 1946 fuerint,
1274 1910 1344 1937 tum
1367 1905 1527 1946 denique,
1543 1906 1598 1936 ubi
1615 1916 1692 1947 quae

995 1957 1091 1989 sacta
1106 1960 1197 1996 sunt,
1212 1955 1342 1986 infecta
1356 1954 1429 1985 fieri
1452 1963 1518 1984 non
1538 1959 1693 1994 possunt,

996 2005 1199 2048 puniantur!
1223 2005 1367 2036 Gemina
1390 2004 1423 2034 in
1448 2004 1546 2035 Orat.
1569 2003 1695 2036 Dinar-

997 2058 1104 2089 chin.
1121 2066 1155 2097 p.
1175 2058 1247 2086 105.
1293 2054 1416 2085 Similis
1435 2052 1506 2084 fere
1519 2053 1553 2085 in
1564 2053 1696 2086 Juliani

998 2106 1146 2147 epistola
1162 2104 1203 2135 ad
1221 2103 1469 2135 Alexandrinos
1485 2113 1518 2143 p.
1537 2105 1612 2134 171.
1637 2104 1696 2135 Se·

997 2166 1083 2188 neca
1093 2156 1205 2196 Epist.
1217 2164 1258 2185 u.
1285 2154 1295 2170 ⁴
1309 2154 1437 2193 Magna
1449 2163 1526 2193 pars
1541 2158 1698 2195 peccato-

998 2216 1072 2237 rum
1095 2204 1238 2238 tollitur,
1262 2203 1290 2234 si
1314 2203 1506 2243 peccaturis
1529 2203 1627 2234 testis
1645 2213 1698 2234 as—

1000 2255 1125 2288 sistat.’
1149 2252 1370 2286 Cassiodorus
1381 2261 1437 2284 111.
1450 2253 1513 2293 Ep.
1526 2255 1577 2284 14.
1601 2253 1611 2270 ‘
1622 2253 1699 2285 Ma·

999 2307 1067 2337 lum
1085 2315 1162 2337 cum
1178 2307 1386 2345 perseverat,
1404 2308 1572 2343 augetur;
1595 2308 1632 2334 et
1647 2312 1700 2334 re-

1001 2356 1184 2388 mediabile
1211 2354 1334 2386 bonum
1365 2357 1417 2383 est
1445 2352 1478 2383 in
1507 2357 1700 2392 peccatum,

1002 2407 1193 2438 accelerata
1209 2400 1400 2435 correctio.'
1433 2402 1609 2442 chrysost.
1625 2402 1658 2432 in
1674 2411 1700 2434 1.

1003 2457 1045 2487 ad
1064 2454 1218 2487 Corinth.
1234 2453 1338 2485 Hom.
1362 2461 1426 2483 xv.
1442 2462 1475 2493 p.
1492 2454 1568 2483 452.
1589 2451 1666 2483 ὅταν
1680 2452 1698 2482 ὁ

1003 2508 1122 2547 πρῶτος
1138 2504 1280 2545 ἃμαρτῶν
1289 2502 1333 2542 μὴ
1348 2503 1390 2541 δῷ
1403 2501 1502 2541 δίκην,
1513 2500 1634 2540 ταχέως
1647 2500 1699 2533 καὶ

1004 2558 1100 2597 ἕτεροι
1114 2556 1215 2587 ταῦτα
1232 2553 1503 2592 πλημμελήσουσι.
1553 2552 1700 2583 Gemina

1003 2614 1057 2639 est
1085 2607 1238 2639 Philonis
1261 2604 1380 2644 γνώμη,
1415 2604 1467 2634 De
1493 2602 1698 2642 specialibus

1001 2658 1134 2698 legibus
1151 2666 1184 2697 p.
1199 2658 1274 2687 604.
1319 2653 1435 2685 Nostri
1452 2651 1571 2683 Poetae
1593 2651 1700 2695 γνώμῃ

1003 2712 1196 2748 opponatur
1219 2706 1275 2735 illa
1298 2702 1443 2734 Leonis:
1474 2701 1575 2733 ‘dum
1597 2703 1701 2743 justi-

1004 2755 1241 2790 tiaesententia
1251 2752 1479 2794 suspenditur,
1488 2752 1698 2792 poenitentiae

1003 2807 1173 2839 medicina
1196 2801 1386 2846 quaeritur,’
1410 2805 1446 2832 et
1472 2801 1543 2833 Nili
1565 2802 1697 2836 altera:

1005 2857 1048 2896 μὴ
1075 2856 1199 2896 μέμφου
1222 2855 1282 2890 τὴν
1305 2852 1361 2883 τοῦ
1386 2851 1455 2882 θεοῦ
1482 2852 1699 2893 μακροθυμίαν,

1005 2907 1104 2940 κοινὸν
1114 2905 1176 2947 γάρ
1190 2905 1256 2937 ἐστι
1272 2900 1444 2944 φάρμακον,
1463 2904 1517 2934 37.
1531 2902 1649 2943 Chrys.
1665 2903 1700 2934 in
