1889 3194
477 339 624 371 JOSlAE
657 338 879 369 MERcER1
915 338 1055 369 NOTAE
1088 338 1139 369 IN
1174 338 1270 369 LIB.
1302 340 1358 369 11.

193 432 349 474 fulguris,
365 443 386 464 a
399 432 540 464 fulmine
554 431 655 464 orta!

236 484 255 523 ξ
267 485 308 514 23
322 483 521 523 Aliequecibi
532 481 719 522 necessaria]
731 481 785 512 Ita
794 480 887 522 libri,

193 538 308 565 recte:
324 534 469 565 diximus
478 543 592 574 supra.
615 534 698 565 Mox
710 532 886 574 rescripsi-

192 591 279 621 mus,
292 586 302 600 '
315 592 390 623 quae
407 583 605 624 OEnotropae
621 587 656 614 et
671 582 792 613 divinae
809 581 887 613 reli-

193 632 301 672 gionis
316 633 487 663 antistites
499 631 794 663 memorabantur.’
824 632 885 662 Fa-

191 681 306 713 bulam
322 681 366 713 de
382 681 469 712 Anio
484 682 566 713 Deli
581 691 660 721 rege
677 686 713 713 et
730 680 885 712 sacerdo-

191 735 238 770 te,
251 735 287 762 et
302 731 377 771 ejus
389 730 521 762 filiabus
537 740 612 772 quae
627 731 752 771 vinum,
763 730 887 769 oleum,

191 785 227 811 et
254 789 351 811 omne
379 780 484 812 tritici
509 790 615 821 genus
645 781 736 812 ultro
765 779 885 810 funde-

190 836 280 868 rent,
295 831 399 863 babes
415 832 505 872 apud
528 836 660 863 veteres
681 831 885 863 Grammati-

171 890 259 920 ·cos,
271 891 290 913 e
307 881 430 922 quibus
444 886 619 913 enarrator
630 881 862 922 Lycophronis
875 891 884 912 z

183 929 292 961 Ἄνιον
309 928 472 961 Ἀπόλλων
491 930 624 969 ἤνεγκεν
648 929 691 961 εἷς
711 930 832 967 Δῆλον,
852 928 887 960 ὃς

188 977 356 1019 Ampium-nv
374 979 480 1018 ’γήμας
500 981 597 1022 ’γεννᾷ
619 980 677 1012 τὰς
699 979 887 1020 οἷνοτρόπας,

189 1026 282 1064 Οἶνῶ.
307 1029 448 1068 Σπερμὼ,
469 1028 607 1064 Ἐλαΐδα,
630 1027 677 1060 αῖς
701 1029 718 1059 ὅ
739 1028 887 1059 Διόνυσος

188 1076 358 1118 ἐχαρίσατο
369 1076 464 1109 ὁπότε
475 1077 640 1114 βούλοιντο
649 1077 740 1118 οἶνον,
752 1077 883 1119 σπέρμα-

187 1138 241 1164 τα,
257 1127 308 1158 καὶ
323 1126 429 1159 ἔλαιον
442 1127 615 1167 λαμβάνειν
640 1127 721 1159 κατὰ
743 1128 802 1160 τὰς
825 1130 889 1158 τῶν

188 1175 345 1216 ὀνομάτων
359 1176 468 1208 θέσεις.
505 1176 673 1218 Φερεκύδης
686 1176 722 1208 δέ
731 1183 825 1217 φησιν
840 1177 889 1208 ὅτι

182 1225 285 1258 ’Anam
300 1225 404 1258 ἔπεισε
430 1226 502 1259 τοὺς
518 1226 690 1266 Ἕλληνας,
717 1238 888 1268 παραγενο·

187 1275 298 1314 μένους
306 1275 382 1315 πρὸς
393 1276 499 1316 αὐτὸν,
515 1276 608 1308 αὐτοῦ
619 1275 725 1315 μένειν
736 1276 777 1307 τὰ
800 1276 888 1308 ἐννέα

189 1326 258 1365 ἔτη,
281 1325 424 1358 δεδόσθαι
444 1326 469 1357 δ’
492 1327 597 1358 αὐτοῖς
615 1328 660 1366 τῷ
684 1325 802 1358 δεκάτω
824 1326 888 1357 ἔτει

188 1377 401 1413 ναυπολῆσαι
415 1375 465 1407 ἐπὶ
484 1376 544 1414 τὴν
553 1376 653 1407 Ἴλιον
667 1376 717 1407 καὶ
736 1377 887 1416 πορθῆσαι

188 1424 295 1463 αιήήν·
310 1425 453 1467 χρησμὸς
466 1425 529 1466 ’γὰρ
542 1427 609 1458 τοῖς
624 1425 782 1463 ’Ἐλλησιν
797 1425 887 1463 ἐδόθη

186 1474 296 1516 Τροίας
310 1477 461 1516 κρατῆσαι
476 1477 521 1515 τῷ
536 1474 654 1506 δεκάτω
665 1474 778 1516 χρόνῳ,
792 1474 886 1506 ὑπέσ-

187 1536 267 1565 χετο
287 1525 312 1557 δ’
337 1525 444 1556 αὐτοῖς
465 1524 517 1556 καὶ
539 1524 598 1555 ὑπὸ
623 1527 686 1556 τῶν
713 1524 888 1565 θυγατέρων

187 1575 285 1606 αὐτοῦ
297 1573 476 1615 τρέφεσθαι.
519 1574 607 1606 Vide
623 1579 659 1606 et
674 1585 749 1616 quae
766 1575 886 1606 Gram-

186 1624 305 1656 matici
321 1623 362 1655 ad
376 1633 434 1655 ιιι.
451 1623 618 1664 AEneidos‚
632 1624 690 1656 ubi
708 1624 816 1656 Anius
832 1625 886 1656 hie

188 1679 287 1706 vetus
301 1673 462 1706 Anchisae
484 1674 637 1707 amicus:
661 1681 695 1706 et
713 1675 885 1706 ibiServi·

187 1736 227 1758 us
247 1726 403 1758 Danielis
417 1736 426 1757 ε
449 1727 459 1745 ‘
473 1725 580 1758 Anius
594 1726 668 1757 Rex
679 1726 886 1767 Deli‚Apol-

187 1775 264 1807 linis
280 1775 450 1811 sacerdos,
466 1785 541 1806 cum
556 1775 657 1806 trium
673 1775 816 1807 filiarum
833 1785 885 1807 es-

188 1830 242 1857 set
258 1835 391 1866 parens,
402 1834 444 1856 ne
455 1825 553 1856 unius
567 1829 696 1856 tantum
710 1826 778 1856 Dei
795 1830 885 1857 esset

188 1879 283 1907 tutus
301 1874 442 1914 auxilio,
458 1873 525 1916 (ita
540 1874 785 1916 scribendum),
800 1875 886 1906 filias

188 1925 317 1957 numini
330 1924 442 1956 Liberi
459 1925 567 1966 patris
579 1925 728 1964 devovit,
743 1926 814 1966 qui,
828 1935 886 1966 pa-

190 1986 262 2009 rem
287 1976 320 2008 ei
348 1976 493 2016 gratiam
519 1975 686 2015 referens,
710 1975 825 2008 effecit
847 1981 887 2008 ut

188 2026 352 2068 quicquid
368 2035 435 2058 una
451 2025 626 2066 attigisset
644 2031 839 2058 verteretur
852 2027 886 2058 in

186 2075 317 2117 fruges,
331 2076 443 2107 altera
458 2075 492 2106 in
510 2075 636 2115 vinum,
651 2075 756 2106 tertia
769 2076 802 2106 in
818 2076 886 2107 ole-

188 2134 266 2157 um:
284 2125 318 2156 id
334 2134 409 2156 cum
421 2124 642 2165 comperisset
655 2123 885 2164 Agamemnon

189 2175 259 2207 dux
288 2174 507 2216 Argivorum,
530 2183 606 2205 cum
628 2174 720 2206 mille
743 2174 885 2205 navibus

188 2231 421 2267 oppugnatum
448 2225 514 2256 iret
535 2225 685 2265 Trojam,
712 2224 802 2255 misit
829 2224 887 2265 qui

188 2286 247 2308 eas
263 2279 492 2310 accerserent,
505 2278 544 2305 ut
559 2279 675 2314 posset
689 2273 780 2304 alere
791 2273 888 2305 Grae·

189 2328 251 2359 ciae
278 2324 488 2357 exercitum-²
532 2323 724 2355 Verisimile
749 2328 801 2354 est
818 2323 887 2354 De-

191 2377 257 2407 lum
280 2377 426 2407 electam
448 2385 469 2405 a
493 2373 626 2406 Graecis
650 2372 803 2412 ducibus,
823 2382 889 2414 quo

190 2434 356 2457 annonam
374 2433 415 2454 ex
432 2423 523 2455 omni
543 2423 679 2455 Graecia
698 2427 889 2464 comporta-

189 2479 266 2507 rent
293 2474 335 2505 ad
363 2472 571 2505 necessarios
607 2482 686 2503 usus
716 2472 888 2503 exercitus

188 2523 484 2563 transvehendam‚
496 2522 634 2563 ejusque
648 2531 761 2553 curam
775 2522 888 2552 datam

188 2573 290 2615 Aulo,
301 2573 359 2615 qui
371 2572 512 2612 siugulis
524 2571 672 2603 filiarum
690 2580 763 2602 eam
778 2576 888 2602 custo—

191 2623 280 2655 diam
297 2621 520 2654 distribuerit.

455 2705 548 2737 LIB.
571 2704 622 2736 11.

234 2773 253 2814 ς
265 2774 284 2804 1
297 2772 349 2803 Aa
361 2771 544 2803 Moesiorum
555 2768 729 2809 regionem]
741 2768 796 2800 Ita
811 2768 888 2800 libri

192 2826 338 2854 veteres.
383 2820 462 2852 Scio
477 2819 625 2860 Mysiam
650 2828 724 2850 esse
745 2818 778 2849 in
793 2818 887 2854 Asia,

190 2870 346 2903 Moesiam
357 2870 391 2902 in
401 2870 539 2911 Europa
546 2868 702 2901 Thraciae
717 2868 860 2900 vicinam
876 2879 884 2899 :

1546 328 1630 370 585

937 432 996 464 sed
1013 438 1047 464 et
1064 433 1127 464 hoc
1152 433 1234 472 scio,
1259 432 1465 474 posteriores
1488 432 1630 464 Graecos

935 487 972 513 et
997 482 1131 514 Latinos
1157 488 1337 523 utrumque
1360 492 1482 513 nomen
1508 482 1627 514 confu-

936 532 1036 563 disse.
1058 532 1180 573 Itaque
1194 533 1348 563 Moesiam
1365 532 1449 563 hanc
1467 533 1629 572 Europae-

934 591 986 612 am
1003 582 1124 622 passim
1139 582 1253 613 videas
1269 583 1303 612 in
1319 581 1631 622 Constantinopoli-

934 636 1012 662 tana
1021 631 1163 662 historia
1176 632 1342 673 appellari
1351 632 1498 672 Mysiam
1513 643 1521 662 :
1539 632 1628 662 Μω-

934 682 1016 712 siam
1028 686 1149 712 contra
1162 681 1347 713 Asiaticam
1359 682 1391 712 iu
1405 681 1535 713 Latinis
1549 691 1626 722 pos-

936 731 1067 762 terioris
1080 731 1143 761 aevi
1158 731 1394 772 scriptoribus.
1419 731 1504 762 Haec
1516 731 1631 772 Mysia

936 780 978 811 ad
991 790 1082 812 mare
1096 780 1160 812 fuit
1173 781 1474 822 proxima'l‘roadi.
1498 782 1632 813 Plinius

937 839 971 862 v.
988 833 1038 861 30.
1055 831 1159 863 Mela.

980 881 998 920 ᾧ
1020 883 1039 911 3
1065 881 1174 911 Instar
1193 880 1290 920 muri]
1318 881 1374 912 Ita
1403 885 1498 912 recte
1528 879 1627 911 libri:

937 931 1023 960 male
1040 930 1215 965 edebatur,
1227 931 1237 948 ‘
1251 929 1399 962 montis.'

983 980 1182 1020 Teutram'us]
1204 980 1260 1011 Ita
1283 979 1360 1010 libri
1384 984 1530 1016 veteres,
1564 987 1631 1009 non

937 1028 947 1045 ‘
958 1029 1181 1060 Teutratiusss
1223 1029 1339 1060 Finxit
1351 1038 1471 1060 nomen
1487 1032 1600 1059 noster
1613 1037 1634 1058 a

937 1078 1118 1109 Teutrania
1135 1078 1218 1109 urbe
1233 1079 1376 1119 Mysiae:
1399 1087 1477 1109 nam
1502 1077 1545 1109 de
1569 1077 1633 1108 hoc

937 1128 971 1159 in
984 1129 1155 1159 veteribus
1171 1130 1275 1160 altum
1294 1129 1484 1160 silentium:
1503 1137 1565 1158 nec
1579 1136 1634 1158 ve·

938 1178 1073 1209 risimile
1089 1179 1333 1210 Teuthrantem
1358 1178 1508 1218 Telepho
1534 1177 1633 1208 relic-

938 1231 1050 1258 turum
1080 1227 1183 1258 fuisse
1206 1228 1330 1268 Mysiae
1361 1237 1512 1267 regnum,
1536 1227 1563 1258 si
1589 1236 1632 1259 ex

936 1277 1036 1318 Auge
1052 1278 1174 1309 liberos
1189 1279 1335 1309 tulisset.

978 1327 1032 1358 Ad
1051 1337 1119 1358 eum
1140 1328 1309 1369 convertit]
1339 1327 1394 1358 Ita
1418 1331 1513 1358 recte
1543 1325 1632 1357 libri.

938 1377 1070 1408 Gellius
1093 1387 1118 1409 1.
1134 1381 1187 1409 26.
1211 1378 1410 1409 ‘Convertit
1433 1377 1475 1408 ad
1499 1385 1552 1407 me
1575 1375 1634 1416 qui

938 1426 1250 1467 interrogaveram.’
1295 1427 1391 1458 Idem
1407 1436 1433 1458 1.
1456 1429 1487 1457 8.
1531 1425 1634 1456 ‘Tali

938 1477 1128 1515 petulantia
1167 1476 1316 1507 mulieris
1345 1481 1449 1517 atque
1480 1474 1633 1515 pecuniae

937 1525 1171 1565 magnitudine
1184 1525 1273 1556 ictus
1290 1524 1549 1565 expavidusque
1565 1524 1634 1555 De-

937 1575 1132 1606 mosthenes
1164 1574 1313 1606 avertit.¹
1346 1574 1427 1605 Tac.
1459 1572 1549 1604 Ann.
1578 1581 1632 1603 lv.

936 1628 1082 1655 ‘cuncta
1106 1623 1254 1655 tentanti
1281 1623 1567 1663 promptissimum
1583 1620 1631 1651 vi-

935 1683 1007 1704 sum
1023 1674 1064 1705 ad
1081 1683 1222 1705 uxorem
1243 1673 1314 1713 ejus
1335 1672 1465 1704 Liviam
1489 1679 1633 1703 conver-

936 1724 1035 1756 tere.'

977 1774 1086 1806 Aciem
1101 1772 1240 1813 invadit]
1262 1772 1319 1804 Ita
1333 1772 1425 1812 libri,
1447 1781 1512 1803 non
1528 1770 1631 1813 ‘Aja-

935 1823 1035 1855 cem.’

981 1874 1067 1909 Quos
1089 1874 1252 1904 adversum
1279 1871 1376 1912 ierat]
1403 1871 1544 1903 Sallust.
1570 1870 1632 1902 Ju-

936 1923 1049 1963 gurth.
1065 1923 1075 1942 ‘
1088 1922 1285 1964 Profligatis
1301 1922 1341 1953 iis
1356 1931 1440 1962 qnos
1453 1921 1632 1951 adversum

935 1973 1035 2013 ierat,
1052 1973 1186 2004 rediens
1201 1983 1220 2004 a
1234 1972 1341 2003 latere
1363 1971 1502 2002 Mauros
1522 1970 1634 2001 incur-

936 2022 1002 2055 rit.'

978 2073 993 2111 ᾧ
1012 2074 1032 2102 4
1051 2072 1091 2102 In
1106 2070 1314 2112 aliquantum]
1339 2071 1395 2102 Ita
1411 2070 1488 2101 libri
1511 2069 1634 2109 nostri,

935 2120 1095 2152 familiari
1125 2121 1298 2152 locutione
1322 2125 1436 2151 nostro
1464 2119 1635 2159 scriptori.

936 2172 1032 2211 Mox,
1044 2175 1052 2188 ⁸
1067 2169 1336 2209 debilitaverat‚'
1353 2169 1474 2209 scripsi
1493 2179 1513 2200 e
1529 2169 1632 2200 Peta-

936 2221 1056 2251 viano:
1070 2220 1169 2259 male,
1181 2219 1214 2250 in
1228 2219 1350 2257 altero,
1360 2218 1596 2249 ‘dubitaverat
1610 2217 1633 2257 ;’

936 2271 971 2302 in
989 2270 1148 2310 vulgatis,
1164 2267 1463 2300 ‘exanimaveraff

979 2320 1074 2351 Moesi
1088 2320 1129 2349 ad
1143 2328 1174 2349 se
1187 2319 1325 2359 domum]
1350 2318 1406 2348 Ita
1422 2320 1516 2348 recte
1540 2316 1630 2350 libri.

938 2369 1111 2401 Catullus:
1129 2369 1138 2386 ‘
1148 2367 1202 2399 Ad
1214 2377 1249 2399 se
1259 2369 1401 2408 quisque
1411 2375 1494 2407 vago
1507 2367 1630 2407 passim

939 2418 1026 2459 pede
1042 2416 1292 2449 discedebant.'

980 2469 998 2508 ᾧ
1014 2471 1033 2499 7
1050 2469 1105 2499 Ex
1115 2468 1165 2498 his
1176 2467 1250 2498 locis
1257 2467 1297 2497 ud
1309 2464 1434 2504 Trojam
1446 2464 1635 2505 navigandi]

940 2519 1026 2549 Haec
1043 2527 1124 2549 vero
1141 2527 1261 2557 magna
1287 2516 1513 2555 Geographiae
1540 2516 1633 2555 igno-

938 2569 1036 2600 ratio.
1082 2567 1193 2608 Mysia
1215 2566 1318 2606 enim,
1341 2565 1375 2596 in
1400 2575 1464 2606 qua
1479 2566 1635 2606 regnavit

938 2618 1120 2658 Telephus,
1132 2614 1474 2657 proximaTroadi,ut
1488 2615 1634 2646 diximus

938 2676 1064 2707 supra:
1088 2675 1153 2697 nec
1178 2665 1314 2705 navigio
1338 2673 1435 2704 opus,
1459 2668 1497 2695 ut
1523 2673 1566 2694 ex
1592 2674 1634 2695 ea

939 2718 1027 2748 illam
1054 2717 1286 2756 attingerent3
1315 2719 1351 2746 et
1375 2714 1402 2745 si
1423 2713 1559 2754 navigio
1581 2715 1633 2746 uti

939 2767 1079 2805 vellent,
1112 2775 1170 2797 ora
1201 2768 1332 2796 tantum
1365 2763 1521 2803 legenda.
1565 2763 1634 2794 Sed

937 2817 1009 2847 haec
1025 2816 1072 2847 ita
1085 2814 1197 2854 finxit,
1221 2818 1259 2845 ut
1276 2812 1479 2844 novennium
1495 2812 1633 2853 expedi-

938 2866 1037 2898 tionis
1053 2864 1224 2906 impleret,
1239 2866 1274 2895 et
1289 2861 1491 2895 decennium
1517 2862 1632 2904 vulga-
