1889 3194
514 324 577 354 DE
610 324 768 355 BELLO
801 323 1030 355 TROJANO
1065 324 1158 355 LIB.
1191 324 1244 354 ΙΙ.

171 414 335 456 Saucia
349 415 628 469 proximitas.

171 481 272 531 Ibo,
293 481 394 524 ibo:
425 495 513 523 non
533 496 618 534 me,
639 484 829 537 pavidus
848 496 961 537 quas
982 483 1137 537 objicit
1158 483 1347 530 Hector,

169 548 418 590 Terruerint
434 549 601 602 Syrtes,
616 564 704 592 non
722 564 843 592 arma
863 551 1065 601 adversa,
1086 550 1160 591 vel
1180 550 1349 598 hostes,

170 614 276 656 Non
300 615 443 656 aditus
463 617 508 656 in
528 629 655 669 regna
675 629 832 669 graves
849 630 860 658 :
890 616 997 657 mihi
1013 629 1171 656 numen
1190 616 1246 656 ab
1267 615 1358 656 alto

687 416 803 457 Mihi
819 417 1006 458 classem
1030 429 1083 457 ac
1101 417 1197 457 vela
1212 419 1362 469 parate
1379 430 1388 457 :

1527 313 1613 354 415

1528 614 1613 655 200

167 680 386 735 Indulget,
404 683 629 737 dictatque
645 685 756 732 vias,
779 696 993 737 spemque
1016 682 1141 723 addit
1160 683 1289 723 ituro.

169 748 285 789 Mira
305 749 497 802 quidem,
520 750 597 790 sed
620 763 737 800 vera,
759 750 911 798 duces,
934 749 1162 798 advertite,
1180 748 1383 801 pandam.

226 814 472 856 Desertura
493 816 632 856 virum
651 816 784 856 fiebat
805 816 1055 856 Pallantias
1071 819 1210 856 ortum

166 880 446 922 Processisse
463 881 591 932 diem,
613 882 693 922 sed
707 881 802 935 jam
823 882 1035 922 maturior
1054 886 1188 922 aestus

167 947 366 989 Solverat
385 949 578 1001 algentes
597 949 813 1002 lacrymas
833 962 843 999 ;
864 961 931 988 me
951 947 1079 988 dulce
1098 947 1301 988 trahebat

1529 946 1613 987 205

166 1012 397 1055 Certamen
418 1028 656 1063 nemorum,
678 1015 882 1068 populari
903 1015 1055 1063 lustra,
1076 1014 1258 1066 fugaces

165 1079 386 1133 Indagare
407 1081 538 1130 feras,
560 1081 769 1134 facilique
790 1081 954 1120 instare
975 1080 1187 1121 molosso.

167 1144 322 1199 Ocyus
342 1147 493 1196 exciti,
514 1148 591 1200 qui
612 1160 755 1196 casse,
776 1146 848 1187 vel
870 1159 956 1195 ore,
976 1145 1046 1186 vel
1067 1159 1184 1196 aure,

166 1212 356 1262 Fraude,
377 1226 501 1263 sono,
524 1227 670 1261 sensu,
693 1212 892 1253 ludentes
912 1212 1086 1265 praelia,
1111 1225 1240 1253 casse

166 1278 363 1326 Fallunt,
386 1292 459 1320 ore
480 1280 606 1330 cient,
630 1280 849 1331 vestigant
869 1291 1004 1329 aure3
1035 1279 1254 1332 simulque

164 1343 388 1388 Invadunt
408 1347 566 1387 saltus:
597 1359 666 1387 me
688 1350 791 1386 nutu
811 1345 1001 1385 numinis
1022 1357 1138 1385 error

164 1410 338 1453 Devius
358 1413 403 1453 in
424 1414 614 1466 spatium
637 1413 879 1461 seductius,
901 1412 946 1452 in
962 1424 1113 1452 nemus
1135 1412 1274 1452 altum

163 1477 281 1531 Egit,
296 1481 533 1533 venarique
555 1479 673 1521 dedit
693 1486 861 1520 secreta
886 1479 1094 1519 Dearum.

221 1544 336 1586 Idaei
356 1546 508 1597 regina
528 1546 653 1586 sinus
672 1545 927 1598 dignissima
948 1544 1123 1585 Phoebo

161 1609 336 1652 Laurus
354 1612 569 1653 inoffenso
589 1611 849 1652 frondosum
870 1611 1034 1651 vertice
1056 1610 1217 1651 crinem

160 1676 387 1731 Explicat,
407 1681 450 1720 et
469 1678 657 1720 nemoris
671 1678 922 1732 proscripta
943 1677 1072 1731 plebe
1091 1677 1289 1726 minoris,

797 1775 938 1808 NOTAE

203 1842 265 1871 203
284 1839 460 1872 Desertum
482 1841 599 1882 virum]
625 1840 786 1882 Sequitur
801 1852 857 1873 πε-

157 1889 303 1930 ριβόητον
327 1890 409 1922 illud
430 1891 569 1923 bubulci
594 1891 775 1932 judicium,
796 1900 854 1922 cu-

152 1939 210 1979 jus
226 1939 454 1972 immemorem
469 1941 655 1972 Homerum
671 1941 757 1972 dicit
779 1941 854 1972 Ma-

157 1987 294 2020 crobius
314 1997 349 2020 v.
368 1992 420 2021 17.
447 1995 482 2021 et
496 2000 572 2021 cum
589 1991 647 2022 illo
662 1991 851 2022 Meursius:

157 2047 234 2070 cum
249 2038 349 2075 Iliad.
359 2051 392 2069 ω.
404 2042 478 2072 851.
502 2040 627 2072 diserte
642 2042 674 2072 id
691 2046 854 2082 exponat.

155 2087 299 2127 Fabulae
315 2088 526 2120 involucrum
543 2095 578 2121 et
595 2091 738 2122 interius
760 2100 853 2122 cere-

155 2135 255 2167 brum
269 2136 344 2168 vide
358 2137 448 2177 apud
461 2139 650 2170 Meursinm
662 2139 853 2172 Comment.

156 2184 192 2215 in
209 2185 377 2225 Lycophr.
393 2186 574 2219 Cassandr.
596 2190 669 2219 125.
708 2189 854 2229 Fulgen-

157 2233 242 2265 tium
258 2242 301 2266 11.
316 2237 347 2266 2.
370 2240 404 2266 et
417 2244 460 2266 n.
476 2235 519 2267 de
531 2237 637 2268 Peleo
649 2242 683 2268 et
695 2238 854 2269 Thetide.

157 2283 282 2315 Caelius
299 2284 443 2325 Rhodig.
460 2294 541 2317 xxx.
557 2289 607 2318 19.
632 2287 803 2319 Isocrates
820 2288 854 2319 in

156 2334 297 2365 Encom.
322 2334 467 2366 Helenae
494 2335 662 2376 θεοκρίτου,
683 2342 722 2367 ut
747 2338 853 2368 nomi-

155 2389 259 2415 natur
274 2393 293 2414 a
308 2384 447 2415 Simmia
468 2385 610 2421 Rhodio,
633 2386 722 2416 illius
740 2386 854 2417 memi-

155 2432 219 2469 nit,
236 2437 272 2464 et
289 2432 424 2464 Paridis
447 2438 564 2473 partes
581 2434 672 2473 agit:
696 2434 765 2465 Dio
790 2435 853 2465 eti-

156 2491 208 2513 am
221 2482 390 2513 Prusaeus.
414 2482 502 2514 Vide
516 2483 616 2514 etiam
630 2483 853 2514 Plutarchum

152 2531 189 2562 in
210 2531 281 2562 vita
303 2531 459 2567 Homeri,
496 2531 615 2572 Eurip.
641 2532 676 2562 in
707 2532 854 2571 Helena,

152 2581 428 2622 Lycophronem‚
445 2581 552 2613 Clem.
563 2580 664 2613 Alex.
677 2581 852 2622 Protrept-

154 2633 208 2662 16.
233 2631 408 2671 Hyginum
422 2629 555 2662 fab.92.
579 2631 764 2662 Lucianum
778 2632 854 2662 θεῶν

152 2679 261 2720 κρίσει,
283 2680 430 2720 Dialogo
458 2681 616 2721 Panopes
638 2684 673 2711 et
689 2679 852 2720 Galenes,

152 2730 376 2770 Charidemo,
394 2736 429 2762 et
446 2730 603 2762 convivio
620 2730 853 2770 Lapitharum.

153 2777 506 2813 Meminerrint'etiam
531 2780 745 2821 Herodotus,
773 2780 859 2811 Thu-

911 1839 1065 1880 cydides,
1078 1840 1204 1881 aliique
1222 1839 1399 1872 innumeri.
1433 1839 1607 1873 Judicium

908 1889 942 1920 in
973 1889 1152 1920 Antandro
1192 1888 1321 1921 factum
1357 1890 1430 1920 vult
1473 1890 1610 1928 Strabo,

910 1939 1054 1970 Ovidius
1087 1939 1121 1970 in
1166 1939 1239 1977 Ida,
1269 1944 1304 1970 et
1337 1939 1469 1970 Seneca
1509 1939 1608 1969 initio

907 1988 1061 2020 Troadis.
1107 1988 1284 2020 Describit
1315 1989 1398 2019 illud
1427 1990 1461 2020 ἐν
1484 1988 1607 2028 παρόδῳ

908 2039 1007 2070 Silius
1045 2047 1112 2069 vu.
1151 2039 1280 2078 prolixe
1309 2038 1477 2070 Luc-ianus
1515 2038 1607 2068 dicto

907 2088 995 2127 loco,
1010 2092 1046 2118 et
1067 2087 1244 2123 Coluthus,
1261 2087 1316 2118 De
1334 2092 1433 2127 raptu
1449 2086 1609 2124 Heleuae;

908 2137 968 2168 sed
1000 2137 1132 2176 reptilis
1164 2136 1252 2167 illius
1280 2142 1423 2168 conatus
1455 2136 1536 2166 nihil
1561 2137 1604 2166 ad

908 2192 1072 2219 nostrum.

953 2237 1063 2268 Flebat
1079 2235 1273 2274 Pallantias]
1292 2234 1382 2266 Illud
1398 2240 1539 2275 propter
1556 2243 1606 2264 ro-

908 2296 992 2327 rem,
1015 2288 1068 2317 vel
1093 2288 1260 2327 pruinam,
1288 2285 1377 2316 unde
1401 2291 1437 2316 et
1465 2286 1606 2324 algentes

907 2336 1005 2367 addit
1029 2337 1217 2376 lacrymas:
1251 2335 1299 2366 ita
1329 2343 1378 2365 vr.
1407 2336 1481 2365 370.
1504 2343 1605 2375 snper

908 2386 1003 2416 obitu
1033 2385 1226 2416 Memnonis
1255 2384 1337 2414 vider
1362 2383 1537 2415 Gifanium
1568 2384 1603 2414 in

907 2434 1027 2465 Indice
1055 2435 1194 2465 Lucret.
1223 2434 1255 2464 in
1274 2434 1368 2474 flere.
1414 2433 1603 2464 Pallantias

909 2484 1012 2515 Ovid.
1026 2492 1084 2515 xv.
1100 2488 1134 2514 et
1147 2492 1200 2514 ix.
1212 2487 1265 2514 est
1278 2482 1424 2523 Aurora,
1437 2482 1604 2514 Pallantis

907 2532 1081 2574 soror‚qui
1096 2542 1138 2563 ex
1152 2540 1290 2562 numero
1303 2531 1488 2572 Gigantum
1503 2542 1511 2562 :
1530 2531 1602 2572 Hy·

906 2582 1055 2623 perionis
1071 2582 1139 2613 filia
1156 2582 1317 2612 Hesiodo.

948 2633 1011 2662 216
1026 2631 1211 2670 Proscripta
1230 2629 1331 2671 plebe]
1348 2630 1405 2662 Sic
1419 2639 1472 2662 ιν.
1500 2632 1509 2648 ‘
1525 2640 1602 2671 pro-

907 2681 1104 2722 scriptoque
1119 2680 1240 2719 Not03’
1269 2684 1303 2712 et
1320 2689 1353 2712 v.
1371 2682 1380 2698 ⁴
1394 2681 1472 2712 Nox
1489 2681 1601 2721 aperit

907 2731 1100 2772 proscripta
1115 2729 1229 2761 diem.'
