1889 3194
272 290 356 331 386

792 302 993 332 JOSEPHI
1029 300 1193 333 lSCANl

273 394 327 435 In
347 394 544 447 praedam
565 395 693 448 petit,
716 399 759 436 et
777 395 902 436 lucos
922 395 1198 447 vigilantibus
1217 394 1365 435 ambit.

329 461 443 514 Ergo
465 464 583 502 toros
605 461 793 502 conviva
812 462 985 515 premit,
1007 461 1256 513 donumque
1277 460 1472 501 Dearum

270 529 495 582 Interpres
514 528 703 569 blandus
723 528 882 568 hilarat
907 528 1048 575 Deus,
1067 527 1249 568 humida
1270 527 1405 568 siccis

1631 528 1716 568 250

272 594 388 635 Mire
405 595 652 635 concilians
672 609 681 633 :
712 600 887 636 comtos
907 594 1100 634 discreta
1122 593 1300 635 clientes

270 660 392 702 Cura
411 661 522 714 agit:
551 661 595 701 hi
614 660 814 701 Cererem
834 660 1085 701 cumulant:
1116 659 1161 699 hi
1181 660 1348 701 fercula
1366 662 1560 702 mutant:

271 727 344 768 llli
361 728 522 768 hilares
543 728 698 768 iterant
716 727 903 768 calices:
935 729 981 767 at
1001 739 1102 778 rege
1125 728 1319 780 superbo

271 793 508 834 Emeritum
527 794 690 834 libante
710 806 887 843 merum,
909 793 1175 834 mensalibus
1194 794 1376 845 haerent,

271 860 591 913 Summissique
613 860 817 900 haustum
838 860 1007 902 Bacchi
1028 861 1187 912 regalis
1214 861 1412 904 adorant.

1629 861 1715 903 255

271 925 371 966 Has
392 939 553 966 mensae
575 926 757 978 genialis
778 939 904 979 opeS,
924 926 1021 968 haec
1043 927 1137 968 otia
1157 940 1276 968 curae

271 992 487 1045 Dapsilis,
506 992 593 1033 hoc
615 993 724 1046 grati
744 997 953 1035 certatum
976 994 1105 1035 dulce
1124 994 1292 1035 laboris

269 1057 486 1099 Incolumi
508 1060 645 1101 virtus
666 1061 830 1102 delibat
850 1061 996 1102 sobria
1016 1065 1162 1114 gustu.

270 1124 374 1165 Non
394 1125 555 1178 ignava
577 1127 699 1179 gravi
718 1139 926 1180 peperere
945 1127 1114 1168 oblivia
1133 1128 1266 1169 menti

270 1191 471 1242 Deliciae,
492 1193 641 1234 nonin
663 1206 840 1234 somnos
856 1193 1052 1247 elanguit
1070 1194 1136 1235 ira

1629 1194 1713 1237 260

268 1256 678 1313 Amphitryoniadae
696 1274 705 1302 :
736 1261 918 1315 Trojam
937 1261 1008 1302 bis
1029 1265 1179 1315 terque
1200 1275 1428 1303 resumens

269 1323 328 1364 Sc
349 1326 470 1366 vultu
492 1331 671 1377 reserat,
691 1328 968 1382 animumque
987 1328 1056 1369 his
1077 1333 1257 1382 asperat
1276 1342 1450 1382 aegrum.

327 1390 440 1444 Ergo
456 1391 485 1432 J
490 1405 616 1434 ovem
637 1393 814 1435 meritus
835 1395 980 1436 cunali
999 1394 1140 1436 Marte
1162 1399 1400 1449 parentem,

920 1512 1062 1545 NOTAE

310 1577 372 1605 254
389 1575 564 1606 Emeritam
579 1576 695 1608 libante
710 1577 841 1617 merum]
857 1578 959 1617 Εὐχα-

266 1624 431 1665 ρισ-τήριον,
458 1629 495 1656 ut
510 1626 605 1667 Virg.
620 1636 645 1657 1.
667 1627 742 1659 AEn.
770 1627 872 1658 Ovid.
893 1637 958 1660 vu.

269 1675 408 1705 Metam.
422 1674 545 1715 Papin.
556 1685 580 1706 ι.
592 1676 754 1709 Thebaid.
779 1678 831 1708 De
841 1678 961 1717 poculo

269 1723 346 1754 boni
360 1724 530 1755 Daemonis
545 1725 744 1757 circumlato
757 1726 832 1757 vide
843 1727 959 1758 Victo-

268 1773 353 1804 rium
363 1774 441 1804 Var.
450 1774 547 1805 Lect.
561 1784 586 1806 1.
598 1779 628 1807 l.
638 1775 852 1818 Lips.Antiq.
864 1777 960 1808 Lect.

267 1832 324 1854 ιιι.
343 1823 511 1855 Libabant
527 1833 608 1855 vero
624 1825 655 1855 in
678 1835 839 1864 mensam,
864 1826 897 1856 in
913 1826 961 1866 ig-

266 1883 356 1913 uem,
381 1874 415 1904 iu
432 1884 562 1915 aquam,
578 1875 611 1905 in
635 1879 778 1907 terram:
803 1877 961 1918 exempla

267 1924 358 1964 apud
374 1924 502 1956 Poetas
520 1925 655 1965 passim.

321 1974 513 2005 Mensalibus
551 1976 684 2017 hoerent]
714 1976 880 2008 *Ύποπόδια
910 1977 960 2008 iu-

268 2023 396 2064 telligo.
428 2025 523 2055 Suet.
539 2025 571 2055 in
589 2026 709 2058 Claud.
743 2028 752 2044 ‘
766 2026 961 2058 Adhibebat

268 2081 375 2102 coenae
406 2077 443 2104 et
469 2073 590 2104 liberos
619 2083 709 2114 suos,
739 2085 814 2106 cum
847 2076 960 2116 pueris

267 2121 454 2162 puellisque
471 2123 648 2164 nobilibus,
673 2124 727 2165 qui
749 2134 838 2156 more
852 2126 962 2157 veteri

268 2170 309 2201 ad
336 2170 447 2202 fulcra
470 2172 631 2203 lectorum
657 2173 814 2205 sedentes
845 2183 960 2205 vesce-

267 2221 403 2252 rentur?
449 2222 543 2252 Idem
566 2223 600 2254 in
627 2222 784 2265 Augusto
813 2225 938 2255 ‘imum
952 2224 960 2238 ’

268 2276 368 2302 vocat
384 2271 394 2288 ‘
408 2271 558 2303 lectum.'

309 2323 372 2351 256
390 2322 469 2352 Haec
483 2322 547 2353 otia
562 2332 644 2353 curce
659 2322 817 2363 Dapsilis]
842 2323 958 2355 Pollu-

266 2370 402 2402 cibilem
418 2372 527 2403 innuit
544 2382 686 2413 coenam,
708 2379 746 2404 ut
762 2374 959 2405 Macrobius

265 2420 413 2460 loquitur
435 2421 603 2452 Satur-nal·
629 2431 684 2453 ιιι.
710 2425 761 2454 17.
805 2423 961 2460 Plautus,

266 2474 274 2486 ⁴
287 2470 427 2510 dapsilis
440 2471 552 2512 dictis,
563 2471 710 2512 dapsiles
720 2472 872 2505 sumtus.’
898 2474 961 2504 Lu-

266 2520 382 2551 cilius:
413 2522 422 2539 ‘
435 2521 529 2553 Scito
559 2523 684 2554 etenim
715 2523 802 2554 bene
832 2523 962 2564 longin-

268 2578 369 2608 quum
386 2571 583 2603 mortalibus
598 2572 750 2604 morbum
762 2572 803 2603 In
821 2573 898 2603 vino
911 2583 960 2604 es-

269 2621 452 2662 se‚ubiqui
467 2623 622 2654 invitavit
638 2623 803 2664 dapsilius
821 2623 878 2654 se.‘
904 2623 960 2654 Ita

269 2669 397 2708 dapalis
420 2681 528 2712 coena,
554 2673 770 2712 pontificalis,
798 2674 959 2705 Terentio

268 2718 396 2749 ‘dubia'
407 2725 442 2751 et
454 2722 573 2754 Horat.
585 2731 625 2754 11.
636 2724 747 2755 Sat.2.
773 2724 834 2754 Est
846 2728 960 2755 autem

269 2768 398 2806 δαψιλὴς
418 2770 541 2810 largus,
567 2778 732 2812 promtus,
752 2774 894 2812 δαψιλῶς,
920 2779 959 2805 ut

270 2817 419 2857 Hesych.
432 2824 467 2851 et
484 2820 564 2851 Lex.
583 2821 796 2853 Graeco-Lat.
809 2822 958 2864 ἀφθόνως,

1014 1588 1033 1609 a
1044 1577 1147 1617 δάψαι,
1160 1578 1250 1620 quod
1263 1582 1316 1610 est
1336 1578 1529 1618 καταφαγεῖν
1538 1576 1618 1617 μετὰ
1632 1589 1711 1610 σπα-

1013 1629 1145 1668 ραγμοῦ,
1161 1628 1249 1669 quod
1268 1629 1399 1660 Latinis
1423 1628 1628 1663 tuburcinari,
1650 1633 1708 1659 λα-

1014 1677 1154 1717 φύσσειν.
1182 1679 1289 1709 Clem.
1307 1678 1408 1709 Alex.
1423 1678 1548 1709 Strom.
1564 1686 1605 1709 ιι.
1627 1678 1712 1717 δαψι-

1014 1727 1180 1768 λευόμενος
1202 1726 1234 1758 δὲ
1249 1730 1294 1768 τῇ
1307 1726 1518 1768 φιλανθρωπίᾳ
1540 1727 1557 1757 ὁ
1573 1726 1711 1768 χρηστὸς

1014 1779 1123 1818 λόγος,
1137 1780 1211 1809 293.

1056 1831 1119 1859 257
1133 1828 1205 1858 Hoc
1214 1827 1304 1867 grati
1318 1830 1471 1858 certatum
1484 1827 1572 1858 dulce
1583 1826 1713 1866 laboris]

1018 1877 1182 1909 Certamen
1204 1881 1287 1916 puto
1310 1877 1475 1916 scriptum
1499 1875 1617 1912 fuisse,
1643 1876 1709 1907 nisi

1014 1926 1104 1958 forte
1126 1925 1276 1967 ἀρχαΐζει,
1298 1929 1451 1957 certatum
1476 1935 1538 1965 pro
1563 1929 1711 1962 certatus,

1013 1986 1081 2017 quo
1089 1977 1211 2016 Papin.
1225 1985 1279 2007 111.
1290 1976 1360 2017 Syl.
1371 1976 1495 2007 utitur:
1512 1975 1522 1992 ‘
1535 1975 1710 2017 nudosque

1014 2027 1160 2057 virorum
1175 2025 1360 2058 Certatus.'
1394 2026 1451 2057 Ita
1463 2030 1598 2057 veteres
1615 2027 1710 2057 vulta

1014 2076 1110 2111 ricta,
1134 2077 1216 2107 item
1238 2076 1450 2116 adspectum,
1475 2076 1617 2116 luctum,
1644 2076 1709 2106 sal-

1015 2130 1099 2162 tum,
1124 2126 1166 2157 de
1186 2125 1307 2167 quibus
1330 2125 1462 2166 prolixe
1484 2123 1642 2156 Gifanius
1674 2125 1708 2155 in

1014 2176 1091 2207 Iud.
1109 2176 1247 2207 Lucret.
1263 2176 1296 2206 in
1312 2185 1470 2211 concurso,
1485 2175 1578 2215 culto,
1599 2179 1635 2206 et
1650 2174 1710 2206 ali-

1014 2226 1058 2257 bi.
1081 2226 1138 2257 Ita
1153 2225 1313 2257 ambitum
1330 2225 1460 2264 ambiti,
1475 2225 1640 2256 incestum
1659 2225 1708 2255 in-

1014 2276 1112 2313 cesti,
1126 2275 1236 2315 gelum
1253 2274 1319 2315 geli
1334 2284 1342 2304 :
1360 2274 1494 2305 nomina
1507 2273 1594 2304 enim
1610 2283 1709 2315 quar-

1014 2329 1059 2355 tae
1075 2324 1228 2356 flexionis
1244 2323 1402 2356 secundae
1424 2329 1535 2355 erant·
1577 2324 1708 2356 Tertul.

1014 2374 1175 2405 adversus
1188 2378 1320 2415 genteS,
1330 2376 1383 2405 26.
1400 2378 1409 2392 ⁴
1423 2374 1528 2405 Roma
1541 2378 1621 2405 ante
1633 2383 1708 2415 reg-

1014 2425 1118 2465 navit,
1139 2434 1236 2465 quani
1260 2428 1390 2456 tautum
1419 2423 1581 2455 ambitum
1607 2424 1708 2465 Capi-

1014 2474 1087 2506 tolii
1102 2472 1359 2505 exstrueretur?
1381 2472 1437 2503 Sic
1454 2472 1595 2504 forsitan
1610 2473 1708 2513 Virg.

1014 2525 1024 2541 ‘
1039 2523 1129 2556 Ante
1142 2522 1386 2564 expectatum.’
1406 2531 1464 2553 ιιι.
1481 2522 1608 2562 Geor-g.
1622 2523 1706 2554 Sen-

1016 2574 1156 2604 tentiam
1173 2573 1200 2603 si
1217 2576 1363 2613 spectas,
1386 2571 1520 2611 gemina
1540 2577 1593 2602 est
1616 2572 1706 2603 illius

1012 2624 1204 2656 Pindaricae
1226 2623 1331 2663 Pyth.
1361 2621 1428 2653 Od.
1453 2631 1503 2653 ιν.
1534 2622 1644 2652 Πᾶσαν
1673 2623 1705 2654 ἐς

1012 2672 1201 2714 εὐφροσύναν
1216 2671 1337 2707 τάνυεν,
1356 2670 1492 2712 Ἀθρόαις
1516 2670 1609 2703 πέντε
1635 2673 1706 2712 δρα-

1011 2723 1077 2753 πὼν
1091 2722 1263 2754 Νύκτεσσιν
1273 2721 1305 2753 ἔν
1315 2722 1339 2753 θ’
1351 2720 1474 2762 ἁμέραις
1487 2720 1580 2762 Ἱερὸν
1591 2721 1706 2762 εὐζωῖις

1011 2772 1121 2805 ἄωτον.
