1889 3194
260 341 343 383 448

782 350 982 382 JoSEPffl
1018 349 1180 381 ISCANI

318 446 521 487 Instabat
535 445 628 499 jam
649 445 767 487 dicta
788 446 898 495 dies,
922 457 1011 499 qua
1033 445 1194 486 classis
1215 445 1260 486 in
1282 446 1396 486 altas

263 512 529 565 Propulsum
550 513 765 565 poscebat
786 525 940 565 aquas,
962 524 1062 552 cum
1084 512 1199 552 lecta
1212 512 1425 565 juventus

263 578 531 619 Priamidem
553 579 704 620 sortita
724 579 881 619 ducem
899 591 976 632 per
995 579 1144 618 littora
1162 577 1264 619 ferri

266 645 488 686 Discursu
508 645 679 698 rapido,
699 646 926 698 qualisque
946 645 1212 685 abeuntibus
1234 645 1373 695 ardor,

265 710 472 752 Certatim
492 711 686 761 fremere,
708 715 752 752 et
771 712 918 752 varios
938 711 1121 752 miscere
1141 712 1363 752 tumultus.

1617 713 1702 754 180

322 778 460 818 Haud
482 790 621 827 mora,
641 777 891 818 succinctos
914 777 1190 818 Nabathaeos
1211 779 1378 830 agmine
1397 778 1564 819 ducens

266 844 437 886 Hector
453 844 498 884 in
520 857 641 884 arma
662 843 873 898 Phryges,
903 844 1081 885 comites
1101 857 1179 897 per
1198 846 1363 886 coerula
1382 845 1503 886 fratri

266 912 337 952 Ire
351 911 494 964 jubet,
515 914 773 963 certantque
794 915 912 951 rates
930 911 1097 964 stipare
1121 912 1264 951 secuti

266 977 498 1019 Poeonidae
520 977 635 1018 duce
657 977 918 1031 Deiphobo:
952 978 1059 1031 quin
1080 978 1175 1031 ipse
1199 978 1365 1019 Diones

266 1044 382 1097 Spes
405 1043 698 1084 Anchisiades
719 1056 818 1085 cum
840 1044 1156 1098 Polydamante
1178 1045 1374 1086 secundo

1623 1043 1707 1086 185

263 1109 292 1151 J
298 1110 416 1162 ungit
436 1123 544 1163 opes
563 1124 573 1151 :
597 1110 778 1164 jamque
799 1111 1002 1152 effractas
1023 1111 1230 1164 rapiebat
1252 1124 1406 1152 arenas

267 1176 321 1217 In
343 1177 527 1230 pelagus
550 1176 725 1226 classis,
740 1177 1032 1232 humerosque
1052 1191 1298 1231 manusque
1316 1183 1483 1229 secuta,

269 1243 378 1284 Cum
400 1243 573 1284 tandem
594 1244 847 1284 exclamans
868 1244 1011 1298 adytis
1034 1244 1287 1285 Cassandra
1308 1245 1489 1294 relictis,

270 1310 386 1352 Fata
407 1311 561 1363 aperit,
583 1310 816 1365 turbatque
837 1311 1034 1365 Phryges
1053 1324 1063 1352 ε
1096 1316 1140 1353 at
1160 1324 1282 1353 saeva
1302 1315 1522 1353 morantes

920 1441 1064 1473 NOTAE

270 1513 366 1545 navis
379 1518 454 1546 erat
464 1514 588 1545 Venus.
610 1514 710 1546 Silius
727 1525 736 1545 :
760 1515 769 1531 ‘
783 1515 963 1556 Trojanam

270 1569 422 1595 ostentat
451 1565 593 1605 trepidis
625 1565 668 1596 de
695 1575 811 1606 puppe
834 1566 964 1597 Miner-

271 1613 372 1645 vam!
417 1614 456 1645 In
474 1624 578 1655 prora
592 1615 731 1653 σημασία
742 1615 812 1646 sive
827 1615 964 1656 παράση-

271 1674 341 1701 μον,
353 1664 472 1694 Tacito
490 1673 538 1695 vr.
553 1663 644 1696 Ann.
665 1665 675 1682 ‘
687 1664 836 1704 Insigue'
862 1674 964 1705 pone·

272 1712 384 1751 batur,
401 1711 489 1743 unde
510 1713 584 1743 navi
602 1722 735 1744 nomen.
780 1714 871 1745 Vide
888 1724 965 1754 pro-

272 1762 341 1792 lixe
368 1762 509 1793 doctiss.
564 1763 743 1794 Heinsium
774 1763 816 1794 ad
848 1764 965 1795 Silium

275 1819 354 1841 xiv.
371 1820 403 1852 p.
420 1813 493 1842 484.
509 1814 543 1842 et
559 1811 617 1843 lib.
634 1820 675 1842 11.
698 1822 731 1852 p.
746 1815 820 1844 455.
837 1817 871 1843 et
888 1818 967 1844 ante

271 1859 366 1890 illum
384 1860 564 1891 maximum
587 1860 710 1901 Scalig.
727 1861 767 1892 ad
784 1862 967 1893 Eusebium

274 1918 308 1949 p.
322 1911 374 1940 39.
388 1911 440 1939 41.
463 1909 677 1941 Villiomarus
689 1920 822 1952 quoque
839 1910 968 1951 (forsan

275 1963 312 1988 et
327 1957 384 1988 ille
405 1958 572 1999 Scaliger)
596 1960 751 1991 Animad.
780 1961 812 1991 in
830 1961 969 1992 Contro-

275 2016 364 2038 vers.
387 2007 468 2038 Titii
478 2008 536 2039 lib.
549 2017 616 2039 vu.
631 2019 663 2049 p.
676 2012 747 2040 139.
760 2014 830 2041 toto
843 2010 969 2050 capite.

274 2055 394 2088 Justus
405 2056 538 2097 Lipsius
549 2057 700 2097 tutelam,
711 2063 745 2088 et
756 2058 886 2098 insigne
899 2059 971 2090 sive

277 2104 469 2146 παράσημον,
485 2107 572 2138 male
599 2106 790 2148 confundit,
813 2109 847 2139 in
874 2109 971 2140 Com·

276 2161 382 2187 ment.
408 2156 450 2187 ad
478 2156 619 2187 Senecae
635 2159 688 2188 76.
711 2158 777 2197 Ep.
821 2157 851 2188 A
868 2158 972 2189 nomi-

276 2206 375 2237 nibus
406 2206 471 2237 illis
496 2205 693 2246 παρασήμων,
725 2207 813 2248 quod
836 2207 972 2249 jamdu-

277 2255 355 2286 dum
379 2255 575 2286 subodorati
591 2262 682 2296 suut,
698 2255 827 2288 fabulas
845 2257 972 2288 dedux-

277 2313 336 2335 ere
350 2303 565 2343 μυθόπλασται
586 2306 716 2337 Poetae.
761 2307 851 2338 Hinc
872 2307 971 2348 Jupi-

277 2359 332 2385 ter
348 2355 489 2395 Taurus,
505 2356 657 2396 quamvis
682 2357 902 2397 Palaepliatus
929 2357 971 2388 ad

279 2403 476 2442 praedonem
496 2405 695 2437 Cretensem
711 2406 906 2447 transferat,
920 2407 972 2438 tit.

279 2453 430 2494 Europa.
474 2454 564 2485 Hinc
582 2456 670 2486 aries
692 2466 769 2487 cum
789 2466 891 2488 aureo
906 2457 973 2488 vel-

278 2503 371 2533 lere:
397 2513 463 2544 qua
477 2504 519 2535 de
543 2514 579 2536 re
595 2505 752 2545 Fulgent.
775 2507 808 2537 in
827 2507 971 2547 Mythol.

279 2561 305 2582 1.
320 2553 417 2584 titulo
435 2554 658 2594 Ganymedis,
674 2560 709 2586 et
726 2556 859 2596 passim.
888 2555 974 2586 Vide

279 2601 465 2633 Meni-sium
484 2605 524 2633 ad
541 2603 768 2635 Cassandram
784 2604 974 2645 Lycophro-

280 2650 332 2681 nis
345 2660 378 2691 p.
395 2654 469 2682 320.
485 2654 550 2683 &cu

327 2700 428 2740 Puppi
462 2702 642 2742 praescripta
673 2704 794 2745 Dione]
834 2704 978 2736 Gemina

283 2754 362 2779 sunt
392 2750 481 2789 apud
512 2752 613 2781 Ovid.
640 2754 672 2783 in
694 2754 805 2794 Epist.
831 2754 976 2794 Paridis,

285 2797 341 2837 qui
354 2799 494 2829 eundern
508 2803 649 2840 exponit
662 2809 875 2842 apparatum.

330 2848 389 2877 177
414 2848 596 2887 l’ropulsum
618 2851 759 2890 poscebat
787 2851 896 2892 aquas]
918 2856 977 2882 Νε-

1018 1515 1143 1555 ωλκίαν,
1164 1516 1297 1557 qualem
1326 1514 1526 1555 Apollonius
1552 1514 1660 1546 Rhod.
1686 1524 1710 1547 1.

1018 1566 1204 1604 describit3
1239 1566 1320 1596 item
1348 1565 1507 1604 Orpheus
1533 1569 1570 1595 et
1594 1565 1711 1596 Valer.

1019 1615 1162 1646 Flaccus
1180 1615 1212 1645 in
1228 1613 1467 1654 Argonauticis
1493 1622 1518 1644 ι.
1535 1613 1635 1644 Silius
1651 1614 1711 1644 lib.

1020 1674 1071 1695 vr.
1096 1665 1173 1695 talia
1189 1665 1245 1704 qui
1268 1664 1358 1704 ligna
1373 1663 1431 1693 lib.
1450 1672 1518 1693 xu.
1543 1662 1713 1694 ‘substra-

1019 1713 1131 1750 1nina,’
1145 1714 1295 1745 Isidorus
1312 1714 1321 1730 ‘
1332 1711 1507 1753 pulvino&
1520 1712 1645 1743 Pollux
1654 1711 1714 1751 ψά-

1019 1770 1145 1804 λα’γγας
1160 1769 1269 1795 vocat.
1291 1764 1390 1794 Varr.
1407 1763 1552 1793 ‘Poenos
1565 1762 1714 1794 homines

1021 1819 1139 1854 captos
1155 1823 1216 1854 pro
1233 1812 1404 1853 phalangis
1421 1811 1544 1842 carinae
1560 1812 1714 1852 subjece-

1022 1862 1105 1902 rat3'
1129 1863 1162 1893 in
1190 1861 1311 1902 fragm.
1335 1872 1413 1902 pag.
1430 1863 1504 1893 216.
1527 1861 1570 1892 de
1595 1862 1715 1902 quibus

1022 1912 1185 1943 Perottus
1211 1912 1253 1943 ad
1282 1912 1456 1952 Epigram.
1472 1911 1623 1944 Martial.
1641 1915 1715 1944 115.

1023 1963 1147 1993 Pollux
1173 1962 1230 1993 lib.
1249 1971 1285 1993 x.
1312 1971 1386 2002 cap.
1403 1964 1456 1993 31.
1510 1964 1657 1992 Νεωλκοῦ
1684 1961 1717 1992 δὲ

1024 2012 1120 2050 σκεύη
1132 2012 1309 2053 φάλαγγες,
1320 2012 1497 2052 φαλάγγια,
1510 2012 1608 2052 ὁλκοὶ,
1623 2011 1717 2051 οὗροί.

1026 2063 1196 2103 Apollonii
1225 2063 1395 2104 interpres
1423 2060 1598 2100 θαυμαστὸν
1634 2061 1716 2092 illud

1025 2112 1134 2152 addit,
1152 2122 1193 2143 ex
1210 2111 1335 2143 talibus
1350 2111 1493 2151 pulvinis
1515 2120 1616 2141 unum
1642 2120 1717 2151 ger-

1024 2162 1169 2193 minasse
1186 2170 1245 2192 sua
1261 2165 1364 2192 aetate
1380 2161 1498 2192 visum.
1528 2161 1720 2201 Propulsum

1021 2212 1164 2252 poscebat
1175 2211 1287 2251 aquas]
1301 2210 1357 2241 Ita
1372 2211 1448 2241 Val.
1461 2211 1604 2241 Flaccus
1618 2221 1625 2240 :
1649 2210 1658 2227 ‘
1671 2211 1720 2242 Ut

1026 2261 1155 2302 pariter
1168 2261 1325 2301 propulsa
1336 2259 1442 2291 ratis.’
1455 2260 1514 2291 Sil.
1526 2268 1571 2291 xv
1578 2269 1617 2291 ιι.
1629 2260 1719 2291 ‘Nec

1025 2319 1130 2349 mora,
1142 2310 1298 2350 propulsa
1314 2310 1447 2341 sulcant
1463 2310 1550 2341 vada
1565 2309 1652 2340 salsa
1664 2319 1719 2340 ca-

1025 2359 1120 2391 rina.’
1158 2359 1313 2391 Ibidem:
1336 2359 1542 2391 ‘Abscondit
1557 2359 1626 2390 late
1642 2368 1720 2399 pro·

1026 2409 1133 2449 pulsis
1149 2408 1319 2449 puppibus
1336 2407 1475 2449 aequor.’

1070 2461 1130 2490 181
1155 2458 1336 2490 Succinctus
1360 2457 1564 2498 Nabathaeos]
1603 2457 1720 2489 Nomi-

1028 2513 1152 2539 nantur
1177 2509 1187 2525 ‘
1198 2508 1258 2539 Eoi
1276 2507 1448 2549 Phryges'
1461 2516 1486 2538 1.
1499 2510 1575 2539 456.
1608 2507 1719 2538 Dares

1029 2560 1038 2576 ‘
1052 2559 1209 2599 Phrygas
1224 2559 1417 2599 superiores
1428 2558 1436 2571 '
1452 2558 1615 2589 nominat.

1072 2611 1134 2639 184
1170 2607 1342 2647 Paeonidoe]
1373 2608 1526 2638 Priamus
1561 2607 1594 2637 in
1624 2607 1722 2638 Paeo-

1029 2657 1268 2688 niammiserat
1282 2655 1496 2697 Deiphobum
1513 2655 1638 2686 milites
1654 2656 1719 2687 lec-

1032 2710 1115 2737 tum.

1074 2757 1134 2786 187
1173 2755 1385 2794 Humerosque
1413 2763 1578 2793 manusque
1605 2755 1722 2795 secuta]

1030 2804 1308 2843 Succollantium,
1343 2807 1380 2834 ut
1407 2811 1456 2835 lv.
1484 2806 1558 2834 289.
1596 2803 1722 2835 descri-

1030 2853 1092 2884 bit.
