1889 3194
299 319 382 360 560
809 332 1010 364 ,rossem
1046 332 1212 363 lscAm

301 416 431 467 Nunc
452 426 632 480 duplex,
651 438 764 467 nunc
782 427 923 467 nullus
945 430 1038 467 erat
1057 440 1066 464 :
1098 439 1185 466 non
1208 425 1401 468 crebrior
1418 439 1612 481 unquam
1659 427 1746 469 665

298 493 373 533 Ira
390 493 419 534 J
423 494 534 542 ovis,
556 506 643 534 non
663 493 794 546 plura
813 493 941 533 novis
957 495 1157 546 portenta
1174 493 1326 545 figuris

296 559 411 601 Visa
430 561 566 614 prius,
588 560 762 601 silicum
776 560 997 613 lacrymiS,
1016 558 1174 600 sudore
1198 560 1409 609 Deorum,

297 627 555 668 Latrantum
578 628 758 679 gemitu,
781 630 998 679 partuque
1019 625 1063 665 in
1084 629 1279 666 monstra
1295 626 1456 677 soluto,

295 693 484 735 Venturi
498 693 592 746 jam
610 693 730 734 clara
749 692 859 732 fides
879 705 889 732 ε
922 691 1124 732 accendit
1143 691 1343 732 Achivos

293 760 594 809 Thestorides,
615 759 856 813 panditque
873 758 1016 799 Deos:
1048 758 1113 798 illi
1128 758 1320 812 undique
1336 759 1469 800 muris
1653 759 1739 801 670

293 827 525 876 Insultant,
548 839 636 880 qua
654 829 766 867 terra
787 830 910 879 patet
927 839 937 866 ε
969 838 1074 878 pars
1095 829 1268 866 nectere
1287 825 1458 867 classes

293 893 517 943 Destinat,
539 898 581 934 et
601 895 782 934 cunctos
803 893 923 933 urbis
943 895 1107 933 tentare
1124 905 1337 934 recessus.

349 962 411 1001 At
431 960 612 1014 Phrygii
632 959 799 1001 reditus
820 959 1009 1000 Ledaeos
1030 973 1142 1012 pace
1163 959 1348 1013 pacisci,

290 1028 348 1069 Et
369 1027 537 1069 tandem
558 1027 703 1080 longis
717 1028 939 1068 hortantur
958 1027 1126 1069 foedera
1146 1027 1295 1069 bellis.

289 1095 455 1137 Suadet
470 1095 585 1135 idem
606 1093 822 1146 Antenor3
853 1094 1009 1135 suadet
1028 1093 1259 1135 facundior
1278 1094 1353 1135 illo
1650 1094 1736 1135 675

288 1162 581 1217 Polydamas3
613 1161 770 1203 suadet
788 1161 877 1202 leni
898 1161 1160 1201 mitissimus
1189 1173 1264 1202 ore

288 1229 397 1270 Dux
416 1228 715 1270 Anchisiades
733 1241 742 1269 ε
774 1240 896 1281 reges
918 1227 1136 1269 cecidisse
1156 1232 1392 1281 queruntur

286 1296 346 1337 Et
363 1309 484 1338 raras
507 1309 736 1349 superesse
757 1306 938 1336 manus:
967 1308 1047 1336 nec
1069 1295 1165 1336 sola
1188 1294 1389 1347 gemiscit

285 1362 407 1413 Ilios,
429 1366 504 1404 aut
524 1362 704 1417 Phrygii
724 1363 848 1410 fines,
868 1367 914 1403 at
935 1361 1145 1416 quicquid
1166 1362 1433 1416 Hydaspem

284 1430 612 1480 Gemmiserum,
634 1429 917 1484 Scythicique
939 1429 1168 1482 interjacet
1189 1429 1382 1482 aequoris
1403 1427 1527 1481 algas
1643 1425 1729 1468 680

283 1496 404 1538 Belli
424 1497 582 1538 damna
603 1496 741 1537 dolet:
770 1509 850 1537 nec
871 1509 950 1549 par
970 1495 1142 1536 fortuna
1164 1495 1366 1547 Pelasgis
1389 1507 1400 1533 ι

282 1563 459 1616 Pugnat
477 1562 760 1613 Achilleides‚
781 1562 1003 1604 consultat
1030 1562 1211 1611 Nestor,
1234 1562 1424 1615 Ulysses

283 1629 431 1680 Fallit,
453 1634 495 1671 et
513 1629 697 1671 Atridas
718 1630 853 1670 ultrix
872 1633 1113 1682 exasperat
1132 1629 1211 1669 ira.

337 1696 474 1737 Haud
491 1696 592 1737 tulit
611 1694 976 1748 Amphimachus,
998 1708 1148 1749 pacem
1170 1699 1314 1747 negat,
1336 1707 1457 1736 arma
1474 1694 1684 1749 reposcit,

279 1762 425 1804 Edicit
443 1763 595 1803 laxare
612 1762 741 1811 fores,
761 1761 1092 1815 Phrygibusque
1113 1760 1375 1814 triumphum
1636 1760 1724 1802 685

281 1829 505 1878 Destinat,
526 1831 602 1870 aut
620 1829 802 1883 pulchro
823 1829 1036 1870 victuram
1057 1828 1206 1868 funere
1226 1828 1388 1867 famam
1405 1840 1415 1869 ε

279 1895 385 1948 Ipse
406 1898 658 1949 aequaturus
679 1895 846 1944 fratres,
868 1907 1014 1936 verum
1037 1895 1230 1935 Hectore
1255 1894 1409 1948 major,

278 1962 353 2003 Sic
374 1962 498 2004 cedat
516 1974 640 2016 puer,
661 1965 704 2003 et
724 1962 894 2015 pugiles
914 1961 980 2002 vir
997 1965 1149 2013 surgat
1169 1962 1212 2002 in
1232 1972 1380 2002 annos.

877 2078 1114 2093 OOO‘OONOO‘O

317 2156 380 2186 688
404 2154 441 2186 Si
456 2154 545 2187 Edd.
560 2154 649 2187 Mor.
665 2158 700 2187 et
713 2154 886 2196 Spondan.

918 2268 1059 2300 NOTAE

274 2341 315 2373 de
340 2342 433 2373 Luna
457 2346 492 2373 et
523 2343 602 2374 Sole
628 2342 748 2384 aliquis
774 2342 967 2382 intelligere
1021 2342 1148 2383 Georg.
1178 2342 1246 2373 ‘Et
1272 2340 1452 2372 simulacra
1477 2339 1590 2371 Deum
1606 2340 1715 2381 lacry-

272 2392 386 2431 possit.
429 2392 481 2423 De
497 2392 585 2423 Solis
612 2393 758 2434 deliquio
786 2392 862 2423 vide
888 2392 966 2424 Sca·
1020 2403 1091 2424 mas
1103 2393 1240 2423 sudasse
1255 2390 1568 2432 tepentes,'Tibuu.
1581 2390 1623 2422 ad
1636 2401 1713 2432 quae

271 2441 328 2481 lig.
346 2442 386 2472 ad
404 2451 459 2473 111.
476 2442 640 2483 Propert.
655 2452 688 2482 p.
706 2445 781 2473 239.
1018 2445 1143 2475 videsis
1158 2444 1285 2483 Scalig.
1303 2453 1336 2484 p.
1355 2445 1429 2474 158.

312 2493 376 2521 666
386 2491 485 2522 Plura
497 2493 584 2523 novis
597 2496 741 2533 portenta
747 2491 884 2533 figuris]
897 2492 964 2524 Ta·
1061 2496 1123 2526 688
1147 2494 1280 2532 Pugiles
1292 2493 1342 2524 vir
1356 2494 1466 2532 surgat
1477 2491 1510 2523 in
1522 2492 1633 2532 annos]
1658 2501 1710 2524 ιν.

268 2540 348 2571 lium
363 2540 512 2581 benigna
531 2551 628 2581 seges
652 2541 741 2582 apud
766 2542 909 2582 Livium,
930 2543 962 2572 in
1018 2546 1071 2575 32.
1101 2543 1199 2581 ἀκμὴν
1229 2547 1265 2574 et
1292 2542 1332 2572 τὸ
1358 2543 1511 2573 νεανιεῦον
1536 2541 1710 2582 iutelligit,

269 2599 428 2621 annorum
458 2591 629 2631 auspiciis.
673 2591 775 2632 Vide,
800 2592 827 2622 si
853 2592 962 2632 lubet,
1017 2598 1092 2624 erat
1108 2594 1194 2624 enim
1212 2592 1322 2631 ἐφῆλιξ
1345 2591 1539 2632 pistriculus
1562 2599 1659 2630 puer,
1671 2595 1710 2622 ut

271 2640 360 2678 apud
393 2640 565 2671 Lucanum
596 2650 619 2672 1.
657 2641 815 2673 Cointum
834 2650 901 2673 ΧΠ.
927 2652 960 2683 p.
1015 2643 1203 2683 Cyprianus
1218 2648 1252 2672 et
1265 2641 1432 2672 Arnobius
1448 2639 1538 2680 loqui
1549 2639 1710 2681 gaudem,

267 2692 342 2720 622.
361 2690 485 2730 Papin.
499 2700 566 2722 vn.
587 2691 691 2722 Theb.
707 2691 800 2731 Virg.
817 2701 869 2723 ιν.
885 2693 957 2723 AEn.
1012 2693 1068 2732 qui
1084 2691 1230 2722 nondum
1247 2690 1287 2721 ad
1305 2689 1394 2720 freta
1409 2689 1532 2725 aetatis,
1545 2693 1583 2720 ut
1600 2689 1709 2729 loqui-

308 2742 370 2769 667
395 2739 515 2770 Sudore
525 2740 679 2782 Deorum]
696 2742 783 2773 Vide
795 2742 914 2773 Silium
931 2751 956 2775 r.
1012 2747 1067 2773 tur
1084 2741 1273 2779 Lucretius,
1295 2744 1507 2779 pervenerat.
1553 2738 1705 2772 Eandem

268 2792 303 2818 et
318 2789 493 2820 Heinsium
510 2798 540 2828 p.
554 2792 629 2821 332.
651 2795 659 2808 ‘
674 2792 719 2823 Et
739 2796 894 2823 moestum
919 2792 957 2822 il·
1012 2801 1080 2822 rem
1092 2789 1369 2831 circumloquitur
1385 2789 1506 2829 Papin.
1522 2797 1571 2820 ιν.
1593 2789 1702 2821 Theb.

266 2838 431 2877 lacrymat
464 2839 599 2880 templis
647 2839 756 2873 ebur.’
800 2840 896 2882 virg.
931 2850 956 2873 1.
1011 2842 1020 2859 ‘
1037 2841 1112 2874 Nec
1128 2841 1250 2873 desunt
1267 2839 1379 2881 animi,
1395 2840 1508 2872 veniat
1524 2840 1622 2873 modo
1637 2841 1703 2874 for-
