1889 3194
314 329 399 371 6:32

314 432 509 474 κασίγνητοι.

349 485 557 527 coadunare]
601 486 660 518 Ita
687 486 880 518 ‘adunare’
917 486 1006 526 apud

312 535 438 568 Justin.
465 538 475 552 ⁴
493 536 618 567 classes
648 535 830 575 adunatae‚'
857 536 885 566 si
913 541 1007 566 recte

312 585 464 618 memini.
487 586 556 617 vid.
584 587 731 626 ampliss.
755 585 909 617 Borrich.
932 595 1007 616 nos-

314 639 414 675 trum,
431 640 548 667 contra
565 636 773 676 Scioppium.

357 687 374 727 ᾗ
404 689 443 718 14
465 686 642 717 Alexandri
676 684 893 724 commentum]
929 685 1007 716 Hoc

313 741 380 776 est,
417 737 574 768 Facinus.
619 737 674 767 Ita
709 737 835 769 Justin.
870 744 947 767 xxl.
977 738 1008 766 3.

312 786 322 802 ‘
342 787 427 817 Cum
452 787 580 826 rapinae
608 786 741 818 occasio
763 786 909 825 deesset,
935 786 1007 816 uni-

310 844 444 866 versam
474 835 651 867 civitatem
673 835 798 867 callido
817 841 1008 867 commento

311 884 559 916 circumvenit!

355 934 503 974 Quidem]
524 934 609 974 Leg.
632 934 642 951 ‘
659 933 830 968 Quidam?

354 985 445 1016 Inter
458 988 581 1025 coetera,
596 995 663 1026 quae
677 986 706 1016 ei
720 985 928 1026 pulcherrima
949 985 1006 1017 mi-

309 1033 412 1073 serat]
435 1035 522 1066 Haec
537 1039 615 1066 sunt
630 1035 686 1066 illa
699 1036 810 1074 γυναῖα
823 1037 913 1075 δῶρα,
931 1046 1007 1077 quae

310 1085 436 1116 Strabo
453 1093 538 1118 xur.
559 1085 602 1116 de
621 1086 797 1126 Eurypylo
820 1090 856 1117 et
877 1086 1007 1126 Cetejis

309 1134 449 1175 loquens
473 1135 629 1175 ignorare
653 1145 689 1166 se
715 1136 776 1172 ait,
797 1145 873 1166 cum
904 1136 1006 1167 Hom.

313 1183 382 1215 od.
397 1187 432 1214 A.
458 1183 591 1223 γυναίων
613 1181 705 1215 ἕνεκα
733 1183 844 1224 δώρων,
870 1189 1007 1216 secutos

311 1234 361 1265 ait
391 1234 541 1274 Cetejos.
571 1236 683 1273 ’γυναῖα
715 1236 805 1275 δῶρα,
839 1233 929 1266 forte
964 1234 1007 1266 ob

311 1284 518 1316 oblationem
549 1284 763 1326 Cassandrae,
797 1284 1007 1326 aliarumque

310 1334 548 1374 nympharum.

359 1383 462 1416 Vitem
493 1385 646 1424 quandam
677 1394 752 1415 auro
780 1383 938 1426 effectam]
963 1384 1009 1416 Et

309 1433 374 1465 hoc
389 1434 600 1475 splendidum
622 1435 712 1465 inter
732 1439 861 1465 caetera
876 1443 1008 1466 munus.

308 1484 394 1524 Legi
410 1488 445 1515 et
467 1484 548 1515 alibi
575 1483 811 1515 Aristobulum
833 1485 949 1515 Romae
974 1485 1008 1514 in

311 1533 479 1573 Capitolio
493 1543 627 1564 auream
644 1533 748 1564 vitem
771 1533 917 1564 dedisse.
963 1534 1008 1564 Et

310 1582 354 1613 de
371 1584 441 1614 vite
457 1583 656 1616 Judaeorum
671 1583 733 1614 sub
746 1592 848 1613 aureo
863 1583 948 1614 coelo
962 1582 1007 1624 (si

309 1632 384 1664 haec
399 1632 500 1664 lectio
516 1633 577 1663 sibi
594 1631 747 1672 constat)
764 1631 854 1671 apud
872 1633 1006 1663 Florum

313 1691 397 1714 vul.
415 1685 447 1714 6.
458 1686 494 1713 et
505 1682 656 1722 Lipsium
671 1682 712 1712 ad
727 1681 869 1712 eundem
884 1682 1007 1713 locum.

353 1732 427 1772 §15
453 1732 517 1767 Qui
537 1731 571 1762 in
588 1741 622 1763 eo
645 1732 708 1762 loco
731 1729 898 1770 habebant]
922 1731 1006 1771 Leg-

310 1781 526 1814 habitabant.

357 1832 491 1863 Genitus
505 1831 643 1872 Achille]
670 1832 752 1871 Leg.
767 1835 776 1849 ‘
793 1829 942 1862 Achilli!

353 1882 386 1914 F
384 1882 446 1912 orti
452 1885 573 1921 pectore
581 1882 744 1922 patiencia]
762 1881 899 1920 Μόχθειν
909 1880 1008 1919 ἀνάγ-

311 1943 351 1969 κη
364 1930 421 1962 τὰς
443 1930 476 1962 δὲ
490 1929 636 1969 δαιμόνων
655 1930 768 1969 τύχας.
796 1930 910 1963 ’Ὅστις
922 1929 1008 1971 φέρει

311 1981 457 2013 κάλλιστ’
470 1980 545 2021 ἀνὴρ
558 1979 646 2012 οὗτος
659 1979 768 2020 σοφός.

352 2030 423 2061 Sibi
444 2040 478 2062 eo
501 2031 644 2061 leviorem
664 2030 796 2060 dolorem
818 2028 898 2068 esse]
921 2028 1006 2060 Mihi

309 2079 447 2110 videtur
467 2078 741 2109 substituendum
765 2078 774 2095 ‘
789 2077 1006 2118 graviorem?

309 2129 561 2171 Indignabatur
589 2129 715 2170 quippe
738 2128 920 2164 Achillem,
936 2129 1007 2168 glo-

310 2181 400 2211 riosa
414 2184 522 2210 morte
538 2178 719 2219 privatum,
731 2178 904 2209 honestam
921 2188 1006 2209 mor-

310 2233 381 2261 tem
404 2229 461 2270 (ut
487 2238 589 2269 supra
613 2237 688 2268 cap.
713 2227 784 2267 13.)
806 2237 873 2258 non
899 2228 1007 2259 conti-

311 2279 415 2320 gisse,
455 2288 518 2310 nec
545 2279 647 2309 aliter
673 2287 774 2320 quam
803 2278 837 2309 in
865 2278 1009 2310 obscuro

310 2330 386 2361 loco
402 2328 601 2369 oppetiisse.

355 2379 373 2419 ᾧ
390 2381 431 2410 16
453 2379 506 2409 Νε
520 2377 669 2417 indignus
680 2377 794 2408 Patris
821 2377 942 2409 meritis
956 2387 1011 2409 ex-

308 2428 434 2468 isteret]
471 2428 619 2468 Egregia
649 2436 714 2458 vox
729 2427 897 2467 Scipionis
920 2427 1011 2468 apud

313 2479 390 2511 Liv.
407 2486 513 2509 xxvi.
537 2477 547 2495 ‘
563 2477 668 2508 Brevi
689 2475 824 2516 faciam,
840 2480 878 2507 ut
898 2486 1012 2518 qnem-

316 2527 497 2560 admodum
521 2535 609 2557 nunc
632 2525 808 2557 noscitatis
830 2525 864 2556 in
880 2535 933 2557 me
955 2536 1013 2566 pa-

317 2578 380 2610 tris
398 2576 581 2618 patruique
598 2574 853 2606 similitudinem
867 2576 934 2606 oris
944 2577 1015 2606 vul-

315 2632 450 2668 tusque,
465 2626 714 2657 etlineamenta
724 2625 888 2665 corporis,
902 2625 951 2656 ita
964 2625 1014 2655 in-

317 2678 420 2719 genii,
448 2676 539 2711 fidei,
565 2675 794 2716 virtitutisque
823 2676 1014 2715 exemplum

318 2736 513 2768 expressam
531 2725 573 2756 ad
589 2723 736 2764 effigiem
754 2724 847 2755 vobis
863 2725 1014 2764 reddam,

319 2782 357 2808 ut
371 2776 533 2808 revixisse
549 2779 608 2805 aut
624 2778 777 2805 renatum
795 2774 858 2805 sibi
874 2775 1014 2816 quisque

321 2826 513 2866 Scipionem
529 2824 775 2863 Imperatorem
791 2823 903 2854 dicat.'

370 2876 413 2906 Ut
429 2874 530 2906 solitis
544 2872 662 2905 viribus
673 2873 818 2914 agerent]
833 2874 916 2916 Leg.
932 2874 941 2892 ‘
954 2874 1014 2907 So·

322 2923 423 2955 ndis:

485 341 628 374 NOTAE
660 342 927 375 VARIORUM
961 343 1012 375 1N
1047 343 1238 375 DIGTYM
1271 342 1584 374 CRETENSEM.

1101 437 1119 476 ξ
1136 438 1175 466 18
1197 434 1251 466 Aa
1269 444 1360 467 naves
1373 438 1526 467 revertere
1541 435 1663 477 Graeci]
1683 436 1754 468 Pro

1057 486 1067 503 ‘
1086 485 1236 517 reverti·’
1270 486 1327 517 Sic
1350 486 1487 518 Sallust.
1509 487 1585 518 Cat.
1610 489 1664 518 37.
1686 491 1696 504 ‘
1713 487 1755 518 Id

1058 536 1144 567 adeo
1160 537 1280 567 malum
1297 537 1421 567 multos
1441 540 1520 577 post
1534 545 1639 568 annos
1656 536 1690 567 in
1706 536 1754 568 ci-

1058 586 1200 617 vitatem
1217 585 1430 617 reverteret!

1100 636 1152 667 De
1166 635 1253 674 cujus
1266 636 1389 666 oraculo
1409 633 1619 674 imminentia]
1642 634 1756 666 Inter-

1057 695 1159 726 pone,
1184 690 1193 703 ‘
1210 685 1252 716 de
1283 684 1381 725 cujus
1408 686 1546 716 oraculo
1576 689 1754 725 postquam

1057 735 1270 766 imminentia
1288 734 1446 775 Trojanis
1471 735 1558 765 mala
1582 733 1757 774 cognovis-

1057 785 1135 821 set,'
1149 787 1214 816 διο.

1118 833 1402 875 congruentiaque]
1449 834 1545 865 Tolle
1596 833 1750 865 voculam

1057 885 1067 902 ‘
1080 884 1172 926 que.'

1099 935 1116 975 ς
1134 936 1173 965 19
1195 934 1246 966 Ab
1269 934 1451 965 Alexandro
1479 933 1592 965 cadunt
1618 933 1660 964 ad
1679 931 1754 963 solis

1054 986 1176 1024 partem
1200 983 1383 1023 maximam]
1425 983 1503 1014 Hoc
1528 987 1594 1021 est,
1623 982 1681 1023 qui
1711 981 1754 1012 ab

1057 1033 1253 1065 Alexandro
1268 1034 1414 1069 stabant,
1432 1033 1502 1064 sive
1516 1033 1639 1064 milites
1656 1032 1755 1063 Alex-

1057 1082 1200 1115 andrini.
1234 1083 1291 1114 Sic
1315 1082 1325 1100 ‘
1340 1093 1360 1113 a
1375 1083 1458 1114 silva
1470 1082 1479 1096 '
1496 1092 1557 1123 pro
1573 1081 1752 1113 silvestris.

1057 1133 1176 1164 Florus
1195 1142 1240 1164 ιν.
1265 1136 1296 1164 2.
1317 1134 1327 1150 ‘
1344 1133 1429 1173 Ejus
1453 1132 1626 1173 elephanti
1650 1132 1754 1164 bello-

1057 1193 1130 1214 rum
1146 1182 1246 1214 rudes
1263 1188 1298 1213 et
1318 1192 1427 1223 nuper
1442 1192 1462 1214 a
1478 1181 1586 1213 silva!

1098 1232 1152 1263 Ad
1166 1233 1240 1263 solis
1247 1236 1369 1272 partem
1383 1231 1566 1272 maximam]
1588 1230 1643 1262 Ad
1660 1236 1754 1262 tene-

1056 1282 1133 1314 bras
1150 1281 1222 1313 fere
1236 1294 1242 1312 :
1259 1282 1337 1313 binc
1353 1274 1407 1314 20}
1422 1283 1432 1299 ‘
1450 1282 1523 1314 Nisi
1539 1291 1604 1313 nox
1615 1282 1689 1322 jam
1706 1283 1757 1313 in-

1058 1342 1182 1373 gruens
1197 1337 1330 1364 nostros
1354 1332 1396 1364 ab
1420 1332 1562 1373 incepto
1583 1332 1752 1364 cohibuis-

1058 1382 1138 1415 set.’

1101 1435 1174 1474 §21
1201 1433 1312 1464 Comas
1331 1433 1466 1474 sepulcro
1487 1432 1626 1473 deponit]
1650 1432 1696 1463 Et
1720 1441 1758 1462 v.

1059 1486 1111 1515 16.
1134 1485 1143 1500 ‘
1162 1484 1287 1514 Cuncti
1315 1493 1412 1523 reges
1437 1493 1568 1514 comam
1592 1482 1682 1521 apud
1707 1486 1758 1512 tu-

1057 1534 1181 1564 mulum
1199 1534 1398 1573 deponunt.’
1413 1538 1447 1563 et
1463 1532 1507 1564 de
1520 1532 1642 1563 Achill.
1653 1532 1756 1562 Hom.

1056 1584 1099 1616 Il.
1120 1587 1160 1615 Ψ.
1202 1584 1256 1614 Ἐν
1274 1582 1367 1623 χερσὶ
1390 1582 1487 1621 κόμην
1513 1581 1630 1622 ἑτάροιο
1653 1581 1757 1621 φίλοιο

1057 1634 1167 1669 Θῆκεν.
1213 1633 1387 1663 Mortuum
1404 1632 1535 1672 capillis
1553 1637 1661 1662 totum
1677 1641 1756 1662 con-

1057 1691 1217 1722 spergere
1234 1691 1304 1712 mos
1317 1680 1395 1720 fuit,
1408 1686 1445 1712 ut
1459 1681 1595 1721 egregie
1607 1681 1758 1721 descrip-

1056 1732 1101 1763 sit
1126 1731 1228 1762 Hom.
1244 1731 1286 1763 ΙΙ.
1301 1735 1339 1762 Ψ.
1376 1730 1459 1771 Θριξὶ
1482 1730 1516 1762 δὲ
1540 1729 1643 1762 πάντα
1665 1731 1757 1762 νέκυν

1056 1779 1248 1820 καταείνυον,
1285 1779 1320 1811 ἃς
1353 1779 1532 1816 ἐπέβαλλον
1567 1779 1755 1820 Κειρόμενοι.

1056 1830 1170 1862 Etiam
1187 1830 1354 1870 jumentis
1371 1835 1408 1862 et
1424 1830 1543 1861 bestiis
1560 1830 1644 1870 pilos
1659 1829 1757 1861 abra-

1056 1879 1139 1909 dere
1165 1878 1200 1909 in
1230 1879 1290 1909 tali
1316 1879 1408 1910 luctu
1433 1883 1693 1919 consueverant,
1719 1882 1758 1910 ut

1057 1928 1147 1968 apud
1170 1928 1385 1959 Herodotum
1410 1932 1474 1967 est,
1489 1927 1529 1960 ὥς
1554 1927 1604 1959 ἐπὶ
1622 1928 1667 1969 τῷ
1689 1932 1758 1959 Μα-

1056 1976 1167 2018 σιστίῳ
1180 1977 1348 2018 Μαρδόνιος
1368 1977 1420 2009 καὶ
1441 1978 1458 2008 ὁ
1473 1976 1607 2019 στράτος
1631 1977 1757 2015 ἐπένθη-

1056 2041 1117 2060 σαν
1135 2028 1233 2069 σφέας
1253 2041 1290 2060 τε
1305 2028 1416 2060 αὐτοὺς
1431 2029 1597 2069 κείροντες,
1613 2028 1663 2060 καὶ
1678 2028 1753 2060 τοὺς

1055 2080 1177 2117 ἵππους,
1203 2078 1254 2110 καὶ
1279 2078 1321 2110 τὰ
1341 2077 1504 2118 ὑποζύγια.
1547 2078 1616 2109 Sed
1638 2078 1682 2109 de
1705 2079 1758 2109 his

1058 2131 1155 2170 satis,
1178 2139 1221 2161 ne
1245 2129 1441 2161 adversaria
1469 2127 1619 2160 scribere
1645 2128 1761 2159 videa-

1059 2191 1144 2213 mur.

1102 2231 1220 2262 Eodem
1233 2231 1349 2268 funere
1373 2239 1442 2261 cum
1456 2228 1638 2260 Alexandro
1656 2231 1759 2260 conte-

1057 2279 1164 2320 gitur]
1201 2280 1345 2311 Scilicet
1381 2280 1416 2311 in
1454 2278 1633 2319 Cebrenia,
1670 2283 1760 2310 teste

1061 2330 1232 2362 Strabone
1249 2339 1333 2361 xm.

1105 2381 1122 2420 ᾧ
1136 2382 1178 2410 22
1202 2380 1234 2410 F
1232 2389 1335 2410 amosa
1354 2377 1510 2419 periuria]
1523 2376 1629 2409 Ἐνεκ’
1641 2376 1756 2414 ἵππων,

1061 2434 1101 2461 ut
1117 2428 1207 2470 apud
1223 2428 1424 2460 Strabonem
1441 2431 1506 2467 est,
1522 2436 1607 2459 xxu.

1104 2480 1131 2509 J
1131 2481 1256 2510 unctum
1263 2477 1479 2508 Erichtcmium
1488 2477 1517 2508 ei
1525 2474 1661 2515 dederit]
1677 2475 1762 2514 Leg.

1063 2533 1073 2548 ‘
1090 2529 1143 2559 Ex
1165 2537 1231 2568 qua
1249 2532 1359 2558 ortum
1378 2527 1585 2564 Dardanum,
1609 2525 1759 2557 Olizonae

1062 2577 1185 2609 Phinei
1205 2577 1376 2618 junctum,
1401 2574 1659 2607 Erichthonium
1683 2573 1755 2604 edi·
1781 2576 1786 2581 ⁴

1065 2627 1180 2658 disse.’

1330 2708 1423 2739 LIB.
1448 2707 1490 2738 V.

1108 2776 1156 2816 §l
1182 2774 1273 2805 Inter
1299 2773 1403 2812 epulas
1426 2769 1607 2811 Talthybius
1630 2769 1760 2802 interes·

1064 2825 1127 2865 set]
1151 2825 1230 2863 Leg.
1253 2824 1262 2839 ‘
1280 2821 1397 2854 Esset’
1411 2830 1471 2860 pro
1489 2820 1498 2836 ‘
1514 2819 1723 2851 interesset?

1107 2875 1125 2915 ᾧ
1141 2876 1162 2906 2
1184 2868 1382 2910 Admiratus]
1404 2869 1490 2910 Leg.
1506 2869 1515 2886 ‘
1533 2867 1740 2900 admiratur:
