1889 3194
255 374 339 414 402

254 476 414 517 Lustra
436 475 645 528 indignati
668 475 830 528 lugent,
853 488 937 516 non
959 473 1154 515 fulminis
1175 473 1265 514 ales

785 381 983 412 JOSEPffl
1019 380 1182 411 lSCANl

1610 472 1696 514 430

252 542 330 584 Sic
345 543 478 596 gemit
497 543 686 596 elinguis
701 543 882 597 inopina
904 541 1079 582 silentia
1100 539 1206 581 nidi.

310 609 449 651 Haud
469 622 591 652 mora
606 608 905 651 conscendunt
921 608 1125 657 classem,
1148 607 1382 660 Lesboque
1400 605 1568 658 relicta,

253 677 372 719 Dum
392 689 597 731 praeceps
618 677 805 725 animus,
826 680 871 716 et
890 674 954 715 nil
970 673 1198 716 decoctius
1220 674 1353 715 audet

253 743 327 785 Ira
347 756 509 792 recens,
524 743 667 784 nullos
686 745 979 796 expectatura
999 746 1257 795 sequentes,

252 810 420 851 Haurit
440 810 520 851 iter
535 809 715 851 fluidum
732 809 875 863 pietas
897 820 1091 849 memor:
1121 807 1213 850 alta
1234 808 1418 849 tenebat

1607 806 1694 849 435

251 877 425 927 Castor,
446 882 492 917 et
511 876 675 917 Iliacas
686 875 873 930 jamjam
896 876 1115 929 poscebat
1133 887 1291 916 arenas

251 944 490 986 Excidium
504 944 648 984 latura
667 943 802 984 ratis:
833 954 923 984 nox
946 943 1098 984 obviat
1116 946 1212 983 atra

250 1011 498 1054 Defensura
519 1011 728 1064 Phryges,
750 1010 995 1063 armatique
1013 1008 1130 1050 aeris
1152 1010 1218 1050 ira

251 1079 470 1133 Instrepit,
492 1081 536 1119 et
554 1078 740 1131 geminis
760 1081 982 1131 expugnat
1000 1077 1099 1118 vela
1119 1075 1339 1130 procellis.

308 1146 347 1187 O
369 1147 528 1199 pietas,
551 1158 639 1199 qua
662 1145 781 1186 nulla
797 1146 944 1186 Deum
965 1145 1222 1198 praesentior
1238 1143 1375 1184 ambit

1607 1142 1692 1184 440

248 1213 426 1255 Virtus!
459 1225 485 1253 o
508 1213 629 1254 mitis
648 1212 826 1253 fraterni
845 1211 1011 1252 candor
1031 1211 1193 1253 amoris
1210 1211 1220 1252 !

248 1281 354 1322 Sola
373 1281 469 1321 haec
489 1281 534 1321 in
555 1279 747 1332 geminos
769 1279 902 1320 cessit
923 1277 1146 1320 discordia
1166 1279 1336 1329 fratres,

249 1346 499 1389 Discordes
518 1346 726 1387 habuisse
743 1350 888 1386 metus
909 1358 920 1385 ι
949 1345 1020 1386 hic
1042 1345 1182 1395 illius,
1204 1345 1279 1386 ille

248 1414 399 1469 Hujus
419 1413 513 1455 fata
531 1413 682 1454 timet:
713 1413 976 1467 quotiesque
990 1413 1188 1454 illabitur
1208 1425 1372 1465 aequor,

246 1480 529 1534 Invergitque
545 1481 666 1522 latus
688 1481 854 1534 puppis
877 1480 1075 1521 subitura
1089 1479 1363 1533 profundum,

1603 1478 1690 1520 445

246 1548 461 1602 AEquoris
483 1560 713 1589 occursum
735 1547 935 1588 certatim
956 1547 1120 1588 vertice
1138 1559 1279 1599 prono

244 1613 503 1668 Anticipare
519 1618 698 1667 parant:
719 1617 761 1654 et
780 1614 844 1654 sic
865 1613 1112 1667 proclamat
1132 1616 1343 1666 uterque:

245 1680 299 1722 In
319 1694 402 1731 me,
420 1681 513 1722 dira
532 1680 699 1731 Thetis,
720 1681 764 1721 in
784 1693 866 1730 me,
888 1680 1136 1721 saevissime
1155 1679 1328 1729 Triton,

247 1748 347 1789 Has
367 1747 546 1789 intende
568 1748 728 1798 minas,
749 1750 892 1788 tantos
911 1746 1065 1787 molire
1085 1747 1312 1796 tumultus,

247 1814 381 1856 Hunc
404 1827 565 1865 serves,
577 1815 678 1856 huic
699 1826 848 1868 parce,
864 1826 1050 1867 precor:
1072 1813 1250 1854 tandem
1272 1814 1418 1855 acrius
1439 1818 1542 1856 acto
1601 1814 1687 1857 450

244 1881 530 1923 Incumbente
551 1880 691 1931 Noto,
713 1881 777 1921 nil
791 1880 887 1935 jam
908 1885 1112 1934 sperante
1135 1882 1298 1932 carina,

245 1948 397 1989 Ledaei
411 1948 616 2002 juvenes,
637 1949 765 1989 nexis
785 1961 860 2001 per
881 1948 997 1989 colla
1017 1948 1206 1998 lacertis,

243 2013 364 2056 Nata
383 2015 514 2056 simul
532 2014 667 2056 simili
688 2014 911 2068 deponunt
931 2028 1115 2070 corpora
1135 2015 1237 2057 sato.

892 2140 925 2172 N
930 2140 1035 2173 OTAE

281 2216 394 2248 433Et
404 2215 450 2247 m'l
463 2215 618 2247 decoctius
635 2217 728 2247 audet
744 2215 800 2247 Ira
814 2215 935 2255 recens]

241 2266 380 2297 Persius
397 2275 421 2297 r.
445 2266 454 2283 ‘
469 2265 496 2296 si
513 2264 604 2297 forte
619 2266 747 2306 aliquid
759 2266 934 2298 decoctius

240 2315 360 2347 audis)
404 2315 491 2346 Vide
507 2325 620 2356 supra,
637 2319 710 2346 131.

282 2368 345 2396 4-10
372 2366 401 2396 Ο
425 2366 538 2406 pietas,
566 2376 625 2405 qua
640 2367 723 2397 nulla
740 2366 842 2397 Deum
855 2377 934 2406 μνω-

239 2416 357 2447 sentior
380 2416 475 2446 ambit
498 2415 622 2455 Virtus]
648 2417 746 2447 Philo
763 2417 804 2447 de
819 2418 933 2448 Deca-

239 2466 315 2505 logo
328 2468 402 2496 580.
418 2465 500 2505 ἀρχὴ
510 2464 620 2504 ἀρίστη
632 2464 755 2496 πάντων
761 2465 819 2504 μὲν
829 2467 845 2496 ὁ
856 2465 935 2503 θεὸς,

238 2515 353 2555 ἆρετῶν
365 2513 396 2545 δὲ
412 2514 565 2550 εὐσέβεια.
585 2516 671 2547 Quae
686 2515 795 2554 γνώμη
805 2515 935 2547 Aristo-

239 2566 298 2596 teli
311 2577 328 2596 ει
340 2566 477 2597 Stobaeo
488 2565 679 2606 ascribitur,
689 2570 862 2598 serm.286.
874 2567 936 2598 So-

238 2617 375 2656 phocles
390 2617 424 2647 in
440 2617 507 2648 tine
519 2618 744 2649 Philoctetae:
770 2618 805 2649 οὐ
816 2617 876 2658 ’γὰρ
887 2617 935 2648 εὐ-

238 2666 345 2700 σέβεια
361 2667 540 2704 συνθνήσκει
555 2670 691 2710 βροτοῖς,
706 2669 772 2700 Κᾶν
787 2668 871 2708 ζῶσι,
880 2668 935 2700 κᾶν

238 2716 378 2755 θάνωσιν,
390 2718 445 2747 οὐκ
457 2717 643 2750 ἀπόλλυται.
690 2719 834 2750 Hermes
849 2729 857 2749 ε
880 2717 934 2757 μία

238 2767 362 2805 φυλακὴ
378 2767 531 2803 εὐσέβεια.
562 2770 614 2800 Ex
632 2779 698 2809 quo
711 2769 814 2801 Corn.
828 2769 934 2800 Seve-

238 2826 295 2846 rus
318 2816 350 2846 in
369 2818 486 2848 AEtna:
511 2819 519 2835 ⁶
535 2819 580 2849 Et
602 2819 723 2850 merito
745 2823 800 2849 est
824 2819 934 2858 pietas

238 2865 362 2895 homini
379 2867 545 2897 tutissima
558 2867 688 2898 virtus?
716 2868 880 2899 Nazianz.
895 2877 931 2900 x.

240 2923 273 2951 p.
291 2915 362 2944 161.
380 2912 412 2945 ἓν
430 2913 577 2953 μέγιστον
592 2914 749 2953 ἁπάντων,
764 2916 814 2949 καὶ
831 2917 932 2957 ὥσπερ

987 2214 1068 2246 ἄλλο
1083 2227 1114 2247 τι
1126 2215 1274 2255 ἐπίσημόν
1284 2216 1370 2247 ἐστιν
1381 2214 1401 2253 ἡ
1414 2215 1568 2251 εὐσέβεια.
1601 2214 1686 2247 Hie-

990 2267 1097 2298 rocles
1109 2278 1118 2299 :
1141 2269 1249 2298 πασῶν
1259 2269 1322 2298 τῶν
1336 2267 1452 2307 ἀρετῶν
1463 2266 1585 2306 ἡγεμών
1599 2267 1686 2298 ἐστιν

988 2317 1008 2355 ἡ
1022 2316 1174 2354 εὐσέβεια.
1219 2318 1386 2359 Insignite
1399 2318 1500 2350 etiam
1518 2318 1600 2350 lsid.
1618 2318 1686 2350 Pe·

989 2369 1054 2399 lus.
1068 2376 1122 2399 ιιι.
1140 2370 1215 2398 268.

1030 2422 1093 2451 443
1113 2419 1178 2449 Hic
1199 2417 1295 2458 illius,
1312 2417 1364 2448 ille
1374 2416 1479 2456 Hujus
1488 2417 1564 2455 sata
1579 2416 1684 2457 timet]

988 2473 1044 2505 Ita
1057 2469 1216 2501 Manilius
1231 2476 1270 2499 ιι.
1287 2467 1330 2498 de
1346 2467 1474 2507 Pylade
1490 2473 1524 2498 et
1541 2467 1685 2499 Oreste:

987 2524 996 2540 ‘
1010 2523 1050 2554 lis
1065 2530 1130 2552 una
1142 2519 1206 2551 fuit
1221 2528 1281 2559 per
1298 2518 1423 2548 saecula
1439 2517 1568 2555 mortis,
1588 2516 1685 2547 Alter

988 2570 1077 2613 quod
1101 2573 1238 2610 raperet
1257 2566 1377 2606 fatum,
1394 2575 1459 2597 non
1475 2565 1616 2597 cederet
1635 2565 1684 2596 al-

990 2620 1067 2660 ter‚’
1088 2623 1152 2651 &c.

1031 2673 1092 2703 445
1126 2666 1342 2706 Invergitque]
1378 2664 1600 2705 Immergitque
1629 2664 1683 2696 vel

987 2720 1185 2759 invertitque,
1207 2717 1319 2748 malim
1335 2716 1460 2754 legere.

1030 2772 1092 2800 453
1121 2769 1205 2799 Nata
1221 2765 1314 2796 simul
1335 2764 1432 2794 simili
1447 2764 1599 2803 deponunt
1614 2772 1681 2794 cor-

984 2817 1153 2859 porasalo]
1178 2816 1360 2850 Homerus,
1377 2813 1465 2854 quod
1484 2813 1681 2844 Lactantius

987 2868 1031 2899 de
1047 2867 1131 2899 falsa
1143 2865 1306 2906 religione
1324 2872 1349 2895 ι.
1367 2865 1416 2893 10.
1428 2861 1600 2902 observat,
1615 2871 1683 2893 am-

986 2917 1046 2950 bos
1062 2920 1195 2949 tautum
1211 2917 1360 2947 mortuos
1377 2916 1521 2945 testatur
1536 2922 1544 2944 :
1567 2921 1631 2944 uon
1648 2912 1680 2943 in
