1889 3194
558 335 622 365 DE
656 333 841 365 nrc‘rYE
873 331 1139 373 cnn'rnnsr,
1170 324 1249 364 &c.
1544 323 1629 364 641

188 427 319 477 (lieux,
358 434 398 467 et
417 427 486 468 des
504 428 592 480 plus
609 427 781 466 illustres
803 426 929 465 Heros
951 426 1000 465 de
1020 424 1251 478 l'Antiquite
1286 436 1464 478 payenne
1483 438 1551 477 per
1572 426 1631 465 Μ.

188 493 348 544 Dupuy‚
364 494 415 530 ou
432 491 511 530 l’on
527 491 598 531 fait
616 492 697 530 voir
715 504 791 542 que
810 491 848 529 le
868 490 999 538 Culte,
1023 490 1082 528 les
1102 489 1316 541 Mysteres‚
1331 488 1388 528 les
1410 490 1629 537 Sacrifices,

187 562 228 594 et
246 556 305 594 les
325 562 455 594 autres
477 555 728 594 Ceremonies
758 554 812 593 du
831 553 1067 606 Paganisme
1098 566 1147 592 ne
1167 559 1259 591 sont
1288 565 1364 604 que
1392 552 1463 590 des
1496 554 1629 605 copies

186 618 426 670 imparfaites
460 618 510 657 de
542 618 743 657 l'Histoire
775 619 918 666 sainte,
948 617 1133 656 Daretem
1153 615 1308 654 Gallica
1326 627 1441 666 prosa
1459 622 1630 654 verterat

187 681 335 721 saeculo
358 682 442 733 jam
470 681 740 721 tertiodecimo
774 680 1016 720 Gotofredus
1049 679 1099 718 de
1118 678 1393 726 Waterfordia,
1421 679 1631 727 Hibernas,

187 745 284 784 Ord.
305 745 632 785 Praedicatorum.
653 745 754 784 Vide
773 744 862 784 Jac.
883 743 1106 783 Echardum
1126 742 1174 782 de
1200 742 1449 794 scriptoribus
1471 741 1630 781 Ordinis

188 809 439 848 Dominicani
458 809 502 847 Τ.
527 821 558 847 1.
578 822 617 860 p.
635 809 729 847 467.
785 807 876 846 Non
897 806 1171 854 omittendum,
1202 805 1308 857 quod
1328 805 1455 844 Dares
1475 805 1631 845 Gallico

187 873 303 911 etiam
321 878 444 911 metro
463 873 646 911 astrictus
666 878 774 911 extat
800 872 840 910 in
872 871 1008 910 codice
1042 869 1178 910 saeculi
1212 882 1299 909 ΧΠ.
1332 870 1629 908 membranaceo

188 936 445 975 Bibliothecae
465 936 732 975 Ambrosianae
749 935 1075 974 Mediolanensis.
1100 932 1200 972 Vide
1217 933 1266 970 V.
1285 932 1331 971 C.
1349 931 1565 971 Bernhardi
1580 932 1629 970 de

187 1000 447 1039 Montfaucon
474 1000 651 1038 Diarium
676 999 854 1038 Italicum
873 1012 910 1050 p.
935 1000 996 1038 19.
1030 1004 1069 1036 et
1088 996 1427 1048 Palaeographiam
1448 997 1629 1035 Graecam

186 1076 227 1114 p.
249 1065 338 1102 138.
357 1063 425 1103 ubi
437 1063 560 1103 habes
574 1076 709 1102 versus
725 1062 914 1115 quosdam
928 1059 1166 1113 metaphrasi
1187 1060 1242 1098 illi
1261 1060 1496 1111 praemissos.
1527 1061 1632 1098 Con-

186 1126 350 1165 ferenda
377 1127 513 1166 itidem
532 1126 704 1166 Historia
721 1127 890 1178 Trojana
922 1125 1068 1176 scripta
1086 1137 1109 1162 a
1127 1123 1312 1162 Guidone
1346 1123 1397 1162 de
1416 1125 1624 1171 Columna,

186 1189 453 1236 Messanensi,
470 1202 506 1228 a.
528 1190 575 1228 G.
593 1192 710 1230 1287.
732 1196 849 1241 atque
870 1189 975 1228 edita
989 1187 1218 1240 Argentinae
1237 1187 1352 1226 1486.
1374 1194 1413 1226 et
1430 1188 1548 1226 1489.
1563 1187 1631 1226 fol.

188 1253 364 1305 Utraque
382 1253 502 1292 editio
522 1253 573 1292 ad
592 1266 731 1293 manus
750 1253 843 1291 mihi
864 1259 938 1292 est.
978 1251 1140 1304 Incipit:
1172 1256 1183 1272 ‘
1205 1249 1314 1289 Licet
1332 1251 1474 1289 cotidie
1501 1258 1633 1289 vetera

189 1317 409 1355 recentibus
429 1317 670 1356 obruantur!
722 1318 767 1355 In
798 1316 880 1368 ejus
911 1316 1074 1368 prologo
1106 1314 1194 1352 haec
1223 1315 1342 1352 verba
1360 1314 1557 1365 leguntur,
1591 1315 1631 1351 in

186 1380 328 1431 quibus
359 1380 521 1419 Latinus
540 1381 704 1433 Dictyos
722 1381 912 1431 interpres
932 1379 1055 1416 multa
1074 1377 1205 1416 Graeci
1226 1377 1403 1416 omisisse
1428 1378 1600 1429 arguitur
1619 1391 1629 1416 z

187 1448 197 1464 ‘
220 1443 277 1482 Ea
294 1456 383 1494 quae
403 1457 471 1495 per
486 1444 614 1482 Ditem
635 1443 739 1494 (lege.
755 1444 931 1493 Dictyn)
950 1441 1134 1480 Graecum
1151 1447 1190 1478 et
1208 1440 1419 1492 Phrygium
1433 1441 1631 1486 Daretem‚

186 1507 254 1557 qui
272 1513 444 1559 tempore
460 1506 616 1558 Trojani
636 1506 735 1544 Belli
750 1506 931 1544 continue
947 1505 985 1543 in
1001 1516 1135 1542 eorum
1150 1504 1384 1542 exercitibus
1405 1505 1511 1543 fuere
1531 1518 1632 1556 prae·

187 1576 332 1616 sentes,
364 1577 404 1608 et
422 1570 573 1617 horum,
605 1582 693 1620 quae
714 1568 907 1614 viderunt,
927 1574 1019 1606 sunt
1049 1566 1265 1606 fidelissimi
1294 1567 1495 1614 relatores,
1530 1574 1569 1605 et
1591 1568 1631 1604 in

184 1638 416 1685 praesentem
435 1633 607 1671 libellum
625 1646 693 1684 per
712 1645 773 1670 me
795 1631 969 1683 judicem
997 1629 1221 1669 Guidonem
1241 1630 1290 1671 de
1308 1631 1503 1669 Columna
1523 1631 1631 1669 Mes-

186 1709 283 1736 sana
297 1702 517 1736 transumta
535 1696 729 1747 legentur,
749 1701 866 1746 prout
892 1695 932 1733 in
951 1694 1107 1736 duobus
1124 1694 1234 1733 libris
1251 1707 1384 1733 eorum
1404 1694 1631 1746 inscriptum

184 1761 297 1812 quasi
315 1773 395 1799 una
413 1760 521 1798 vocis
549 1759 811 1799 consonantia
841 1759 1043 1798 inventum
1077 1765 1136 1797 est
1157 1757 1338 1796 Athenis.
1395 1757 1631 1809 Quanquam

185 1829 314 1862 autem
342 1823 416 1862 hos
444 1823 597 1862 libellos
615 1822 775 1874 quidam
797 1823 1015 1868 Romanus,
1038 1821 1243 1860 Cornelius
1264 1821 1434 1868 nomine,
1455 1821 1630 1859 Sallustii

185 1887 318 1939 magni
337 1900 474 1939 nepos,
492 1887 531 1925 in
551 1886 731 1925 Latinum
751 1885 959 1924 transferre
979 1885 1181 1932 curaverit,
1212 1892 1342 1924 tamen
1364 1885 1456 1922 dum
1477 1885 1632 1923 labora-

184 1961 243 1990 ret
261 1951 422 1989 nimium
450 1950 578 1989 brevis
603 1962 704 1997 esse,
733 1949 983 2001 particularia
1012 1949 1187 1987 historiae
1219 1948 1356 2000 ipsius,
1386 1962 1476 2000 quae
1506 1949 1631 1999 magis

184 2020 351 2067 possunt
370 2014 524 2053 allicere
543 2014 695 2052 animos
716 2012 953 2058 auditorum,
990 2025 1072 2063 prae
1091 2011 1211 2050 nimia
1227 2012 1417 2050 brevitate
1445 2012 1629 2049 indecen-

185 2086 243 2117 ter
262 2078 405 2117 omisit.
461 2077 506 2115 In
526 2077 600 2116 hac
620 2077 736 2128 igitur
764 2076 862 2115 serie
887 2074 1007 2114 libelli
1026 2081 1152 2114 totum
1171 2075 1365 2114 invenitur
1384 2075 1629 2126 inscriptum,

185 2142 291 2195 quod
312 2142 362 2181 de
386 2147 471 2180 tota
489 2141 652 2179 historia
681 2139 950 2179 universaliter
978 2144 1018 2177 et
1047 2138 1333 2190 particulariter
1352 2144 1508 2190 gestum
1531 2138 1632 2179 fuit.'

185 2206 295 2245 Idem
325 2205 491 2256 scriptor
522 2204 573 2243 ad
603 2203 752 2243 calcem
785 2203 938 2255 operis:
971 2208 982 2226 ‘
1004 2203 1055 2240 Et
1083 2215 1158 2254 ego
1189 2202 1322 2241 Guido
1355 2202 1405 2241 de
1437 2201 1631 2240 Columna

180 2269 303 2321 judex
323 2268 372 2308 de
393 2269 583 2307 Messana
600 2267 831 2318 praedictum
846 2267 977 2306 Ditem
991 2265 1172 2318 (Dictyn)
1188 2265 1372 2304 Graecum
1389 2265 1429 2304 in
1449 2265 1629 2304 omnibus

185 2346 272 2372 sum
292 2338 465 2379 secutus,
484 2345 554 2383 pro
573 2344 619 2370 eo
638 2330 745 2382 quod
765 2331 848 2381 ipse
867 2331 978 2370 Dites
1006 2330 1182 2382 (Dictys)
1211 2330 1427 2381 perfectum
1456 2336 1496 2367 et
1524 2339 1631 2368 com-

185 2397 333 2449 pletum
347 2396 438 2436 fecit
452 2396 491 2434 in
506 2396 685 2434 omnibus
699 2407 798 2446 opus
814 2407 938 2441 suurn,
959 2393 1010 2432 ad
1024 2394 1222 2433 literarum
1238 2392 1422 2432 videlicet
1436 2391 1629 2441 solatium,

185 2466 230 2499 ut
247 2472 378 2499 veram
397 2458 575 2498 notitiam
592 2459 766 2497 habeant
784 2458 987 2509 praesentis
1013 2457 1203 2505 historiae,
1235 2462 1275 2495 et
1292 2462 1336 2495 ut
1353 2456 1479 2508 magis
1499 2455 1631 2496 delec-

188 2529 318 2563 tentur
334 2523 374 2561 in
393 2522 492 2574 ipsa.
548 2522 599 2560 Et
625 2534 698 2572 ego
715 2521 917 2560 historiam
938 2522 1062 2574 ipsam
1083 2533 1285 2560 ornassem
1303 2519 1514 2559 dictamine
1542 2519 1631 2571 pul-

186 2586 328 2626 chriori
346 2599 416 2638 per
435 2585 642 2638 ampliores
657 2584 905 2637 metaphoras
926 2591 965 2624 et
984 2585 1148 2632 colores,
1163 2591 1202 2623 et
1216 2597 1285 2636 per
1298 2583 1629 2636 transgressiones

186 2656 449 2697 occurrentes,
475 2663 564 2702 quae
582 2648 705 2700 ipsius
727 2648 947 2687 dictaminis
970 2654 1061 2688 sunt
1080 2648 1256 2700 picturae.
1312 2647 1392 2688 Sed
1406 2646 1562 2686 territus
1582 2659 1630 2685 ex

186 2712 455 2766 magnitudine
474 2711 629 2765 operis‚’
652 2715 726 2751 &c.
783 2712 874 2751 Non
904 2711 1110 2751 intermisit
1134 2717 1262 2751 tamen
1295 2710 1426 2749 Guido
1456 2711 1562 2749 varia
1580 2723 1629 2749 ex

187 2791 260 2822 suo
279 2777 493 2828 saeculique
513 2777 573 2816 sui
602 2776 760 2829 ingenio
781 2782 965 2823 attexere,
995 2782 1040 2815 ut
1067 2775 1201 2815 lectori
1230 2780 1378 2814 attento
1412 2774 1526 2813 facile
1557 2785 1629 2826 pa-

187 2841 294 2879 tebit.
351 2840 485 2879 Italiee
516 2839 645 2879 lucem
672 2840 768 2880 vidit
800 2839 974 2879 Venetiis
1008 2840 1122 2878 1481.
1154 2839 1223 2879 fol.
1278 2838 1523 2878 Germanicae
1543 2850 1628 2876 ver-

233 2903 347 2945 Delph.
360 2908 390 2936 et
411 2903 486 2936 Var.
505 2903 590 2936 clas.
806 2904 895 2937 Dice.
914 2903 1000 2936 Cret.
1015 2905 1068 2945 ᾇτ’.
1487 2904 1507 2932 2
1522 2901 1543 2932 S
