1889 3194
516 338 577 367 DE
611 335 766 366 BELLO
798 334 1023 366 TROJANO
1058 334 1149 364 LIB.
1184 334 1218 364 1.

145 430 263 481 Quid
279 432 421 485 possit
441 431 613 473 fortuna
629 431 775 472 videt:
807 443 892 472 non
914 430 1081 484 perfida
1101 429 1238 470 sentit

1501 322 1585 364 371

1527 427 1585 468 35

143 497 437 552 Prosperitas,
456 498 635 540 flevisse
655 497 872 546 humilem,
893 497 970 551 qui
990 497 1100 538 ridet
1120 497 1166 537 in
1184 495 1301 536 altis.

143 565 332 615 Parcite,
350 566 530 606 venales
547 564 749 618 quisquis
771 570 951 605 venatur
970 563 1180 612 honores,

142 631 270 673 Unde
286 636 385 674 ruat
405 632 603 673 tabulata
622 631 760 672 struit.

821 629 985 671 Fremit
1005 629 1117 671 ultio
1138 641 1281 670 noxas

141 698 269 740 Tunc
289 699 475 753 gravior,
506 712 606 740 cum
626 698 754 740 tarda
769 698 913 739 venit:
945 701 1050 738 tunc
1071 697 1202 751 plena
1223 694 1406 744 timum,

143 764 256 806 Cum
277 770 432 807 terrore
455 770 598 807 caret:
629 766 787 807 blanda
807 765 868 806 nil
888 765 1048 807 saevius
1068 765 1145 814 ira,

1529 762 1586 801 40

142 831 256 873 Cum
275 832 400 874 floret
417 834 563 874 miseri
583 834 688 874 felix
710 833 870 887 injuria
891 833 993 874 voti.

199 899 261 941 At
280 905 329 941 tu
350 899 580 941 dissimilis
600 900 743 952 longe,
765 900 834 940 cui
853 900 992 940 fronte
1016 911 1169 940 serena

142 966 379 1020 Sanguinis
402 967 562 1020 egregii
581 967 765 1017 lucrum,
784 979 1024 1021 pacemque
1044 966 1170 1007 litata

140 1034 315 1075 Emtam
337 1034 484 1075 anima
501 1036 624 1087 pater
642 1034 715 1074 ille
739 1034 855 1087 pius,
876 1045 1181 1086 summumque
1203 1044 1414 1073 cacumen

140 1100 194 1142 In
217 1113 365 1142 curam
386 1101 559 1140 venisse
580 1100 703 1149 velit,
725 1100 797 1140 cui
818 1099 988 1140 cederet
1006 1100 1102 1153 ipse

141 1167 350 1216 Prorsus,
373 1167 442 1207 vel
463 1167 667 1221 proprias
687 1167 816 1208 laetus
832 1167 1019 1207 sociaret
1035 1166 1245 1207 habenas.

199 1234 435 1275 Hactenus
454 1233 552 1274 haec
570 1247 582 1285 3
616 1239 767 1286 tuque,
790 1246 884 1282 oro,
905 1238 981 1273 tuo
1002 1233 1074 1282 da,
1094 1233 1299 1281 maxime,
1321 1232 1414 1274 vati

141 1300 212 1342 Ire
233 1301 314 1342 iter
331 1300 573 1353 inceptum,
594 1300 862 1353 Trojamque
884 1300 1053 1352 aperire
1066 1299 1313 1352 jacentem:

140 1368 206 1410 Te
226 1380 365 1410 sacrae
384 1370 609 1409 assument
630 1368 764 1417 acies,
783 1367 1017 1421 divinaque
1035 1366 1172 1417 bella;

795 1484 936 1518 NOTAE

137 1569 296 1611 superbia
312 1573 413 1611 atque
434 1570 617 1602 ambitione
633 1570 829 1602 immodicos

135 1619 235 1652 esse.¹
276 1620 452 1651 Salvianus
477 1620 587 1661 Epist.
606 1620 647 1652 ad
670 1621 830 1652 Eucheri-

135 1680 205 1709 um,
230 1672 304 1702 246.
336 1669 569 1711 ‘Pedisseqna
592 1671 669 1702 novi
693 1670 830 1701 honoris

134 1722 333 1763 plerumque
360 1724 414 1751 est
439 1720 655 1761 arrogantia.’
702 1720 831 1751 Aristo-

133 1773 262 1813 phanes
291 1771 326 1802 id
351 1771 495 1803 alludit:
525 1774 672 1803 πλουτῶν
702 1771 757 1802 οὐκ
788 1770 831 1802 ἔτ’

132 1822 238 1860 ἥδεται
252 1821 350 1863 φακῇ.
386 1821 581 1853 Andocides
598 1822 698 1854 Orat.
715 1831 755 1853 11.
778 1825 832 1853 20.

132 1871 244 1903 πάντες
260 1870 410 1912 ἅνθρωποι
426 1870 475 1903 ἐπὶ
490 1870 526 1903 τὲ
549 1870 583 1903 εὖ
609 1871 757 1912 πράττειν
781 1871 830 1910 Ὑί-

132 1934 237 1954 νονται
259 1921 362 1953 κακοί.
386 1922 538 1953 Eandem
555 1923 755 1954 sententiam
772 1922 829 1953 ha-

136 1973 198 2005 bes
221 1982 264 2004 ex
286 1973 422 2011 Solone,
443 1972 651 2012 Theognide,
677 1972 830 2011 Philisto,

137 2023 229 2064 apud
260 2022 367 2054 Clem.
394 2022 495 2053 Alex.
516 2022 642 2053 strom.
673 2031 726 2053 vr.
757 2023 831 2052 248.

131 2072 316 2104 Isocratem
342 2072 376 2102 in
406 2071 679 2111 Panathenaicis,
702 2071 833 2103 Stobae·

134 2131 191 2153 um
203 2123 364 2153 Sermone
375 2125 447 2153 149.
468 2122 572 2153 Basil.
584 2122 716 2153 Selene.
730 2121 831 2153 Orat.

135 2174 190 2203 35.
213 2171 409 2212 Agapetum
425 2171 663 2203 Paraenesisa.
685 2171 832 2202 Victori-

134 2231 191 2253 um
205 2221 286 2252 Var.
301 2222 395 2253 Lect.
410 2229 500 2252 xxv.
514 2225 567 2253 25.
581 2225 613 2254 3.
628 2222 683 2262 qui
698 2222 833 2262 Thucy-

135 2271 260 2310 didem,
279 2271 556 2309 Demosthenem,
581 2271 714 2302 Livium
736 2272 830 2311 paria

135 2321 269 2351 locutos
280 2320 440 2351 ostendit.
458 2320 730 2361 Exemplahabes
738 2319 829 2361 apud

133 2369 337 2401 Sabellicum
355 2369 461 2400 multa
477 2377 559 2401 vul.
575 2372 607 2400 8.

177 2421 219 2450 38
247 2419 336 2450 Unde
359 2421 432 2449 ruat
447 2418 587 2449 tabulata
600 2418 712 2459 struit]
733 2416 828 2450 Allu-

133 2468 184 2500 dit
207 2469 289 2500 illud
305 2469 501 2500 Claudiani:
527 2469 537 2486 ‘
552 2469 717 2500 tolluntur
731 2469 763 2499 in
781 2470 828 2500 al·

135 2517 228 2558 tum,’
248 2520 312 2549 διο.
357 2518 488 2549 Seneca
508 2522 602 2549 recte
618 2518 779 2549 Controv.
803 2527 828 2549 1.

134 2567 319 2608 prooemio:
353 2566 482 2598 ‘Horae
513 2560 715 2598 momentum
740 2568 830 2598 inter

133 2617 249 2648 solium
268 2622 303 2648 et
328 2617 438 2649 aliena
459 2617 594 2657 genua.'
632 2618 734 2649 -Tales
751 2624 830 2649 sunt

132 2666 355 2708 πεφυσιωμένοι
381 2668 443 2709 illi,
465 2667 610 2699 ἕλκοντες
646 2668 695 2707 ἐφ’
720 2667 831 2699 αὑτοὺς

133 2718 302 2759 συμφορὰς,
318 2717 420 2758 ὥσπερ
442 2716 558 2749 καικίας
579 2716 683 2757 νέφος,
706 2722 743 2749 ut
767 2721 832 2756 est,

134 2768 291 2807 proverb.
318 2768 407 2809 apud
436 2768 540 2799 Arist.
564 2776 604 2799 11.
629 2769 775 2799 Meteor.
800 2770 831 2799 6.

134 2817 295 2849 Imitatur
318 2823 431 2849 autem
450 2817 607 2850 Juvenal.
634 2826 670 2849 x.
693 2818 701 2833 ‘
716 2826 831 2848 nume-

136 2875 210 2898 rosa
226 2867 365 2908 parabat
378 2868 531 2900 Excelsae
547 2867 649 2899 turris
664 2866 829 2907 tabulata,

885 1570 974 1602 unde
997 1570 1096 1602 altior
1118 1574 1209 1601 esset
1231 1569 1349 1608 Casus,
1372 1572 1408 1599 et
1430 1567 1583 1607 impulsa>

886 1629 1035 1660 praeceps
1053 1620 1196 1650 immane
1218 1617 1347 1648 ruinae.’
1392 1617 1510 1648 Utitur
1526 1617 1583 1648 illo

885 1669 986 1700 simili
1023 1669 1125 1700 etiam
1163 1668 1312 1700 Isidorus
1351 1666 1527 1698 Pelusiota
1557 1675 1584 1697 1.

886 1721 958 1750 112.

926 1773 965 1801 41
984 1770 1061 1800 Cum
1066 1770 1161 1810 floret
1171 1767 1365 1806 miseriselr'x
1375 1765 1495 1805 injuria
1504 1766 1583 1806 voti]

885 1819 1090 1851 Claudianus
1121 1819 1163 1850 de
1203 1827 1254 1850 lv.
1285 1818 1471 1850 Consulatu
1513 1816 1583 1847 Ho-

878 1869 981 1909 florii,
1021 1872 1094 1900 168.
1131 1868 1310 1909 ‘promissi
1347 1867 1428 1899 felix
1459 1866 1585 1908 injuria

885 1919 978 1951 voti!

924 1972 966 2000 43
991 1969 1162 2009 Pacemque
1187 1968 1279 1999 litata
1309 1968 1434 1998 Emtam
1463 1966 1583 2007 anima]

885 2020 955 2052 Per
985 2021 994 2036 ‘
1014 2029 1132 2061 pacem
1163 2019 1260 2050 litata
1289 2018 1402 2048 anima
1434 2015 1583 2052 emtam,’

884 2079 1020 2102 crucem
1047 2074 1082 2101 et
1107 2073 1247 2100 mortem
1264 2067 1451 2108 θεανθρώπου
1465 2066 1582 2098 Salva-

884 2120 965 2151 toris
995 2119 1172 2159 intelligo:
1203 2128 1264 2159 per
1294 2126 1458 2148 summum
1483 2125 1582 2147 cacu-

884 2179 973 2208 men,
1002 2169 1216 2200 pontificiam
1252 2167 1439 2199 Alexandri
1474 2166 1580 2206 Papae

883 2220 1098 2260 dignitatem.
1140 2219 1205 2250 Ille
1222 2219 1309 2249 enim
1321 2218 1482 2248 Thomam
1499 2225 1582 2246 exu-

883 2270 948 2301 lem
959 2274 1077 2300 contra
1091 2269 1281 2300 Hem-icum
1293 2266 1477 2299 secundum
1488 2274 1582 2296 acer·

883 2318 965 2349 rime
979 2317 1143 2357 defendit,
1154 2318 1208 2348 cui
1223 2323 1381 2358 tanquam
1394 2316 1582 2354 δευτεραγω-

883 2367 991 2405 νιστῆν
1006 2368 1100 2398 illum
1126 2367 1289 2407 adjungit.
1334 2364 1423 2395 Vide
1441 2364 1580 2396 Gudwi-

883 2427 972 2453 unm,
989 2422 1023 2448 et
1039 2426 1142 2456 supra
1160 2425 1206 2446 vs.
1221 2418 1275 2447 33.

924 2467 1096 2506 Pacemque
1111 2466 1204 2496 litata
1218 2466 1344 2496 Emtum
1359 2464 1480 2505 anima]
1502 2462 1582 2494 Imi-

883 2520 973 2549 tatur
988 2516 1169 2556 Papiniuul
1195 2524 1251 2546 111.
1269 2514 1375 2546 Theb.
1398 2517 1407 2532 ‘
1426 2515 1469 2545 Hi
1486 2513 1580 2545 fibris

882 2566 1058 2607 animaque
1075 2564 1198 2596 litant.'
1225 2565 1279 2596 lta
1293 2573 1350 2596 1¹1.
1365 2567 1414 2596 11.
1432 2565 1578 2596 Noster:

882 2618 891 2634 ⁴
902 2616 1023 2647 Mente
1039 2615 1113 2646 litat
1131 2614 1237 2655 pura.’

926 2668 966 2696 45
991 2666 1030 2696 In
1044 2675 1147 2696 curam
1160 2664 1277 2696 venisse
1286 2663 1377 2704 velit]
1400 2664 1456 2696 Ita
1472 2665 1580 2696 Luca-

885 2726 966 2747 nus:
991 2717 1000 2734 ‘
1019 2716 1051 2747 in
1068 2720 1268 2757 partemque
1284 2717 1395 2756 operis
1422 2715 1580 2747 veniam!

885 2767 999 2797 Valer·
1014 2766 1156 2798 Flaccus
1170 2777 1179 2798 ι
1203 2765 1213 2782 ⁴
1228 2766 1261 2797 in
1277 2775 1394 2807 pacem
1410 2766 1579 2797 dextram-

883 2826 948 2858 que
965 2816 1090 2848 reverti
1104 2815 1125 2848 ι’
1140 2825 1204 2848 vn.

925 2869 966 2899 49
991 2868 1033 2899 Te
1058 2876 1155 2898 σαι-ω’
1182 2869 1338 2898 assument
1365 2864 1461 2905 acies]
1491 2865 1576 2900 Haec
