<?xml version="1.0" encoding="UTF-8"?>
<!DOCTYPE html PUBLIC "-//W3C//DTD XHTML 1.0 Transitional//EN"
    "http://www.w3.org/TR/xhtml1/DTD/xhtml1-transitional.dtd">
<html xmlns="http://www.w3.org/1999/xhtml" xml:lang="en" lang="en">
 <head>
  <title>
</title>
<meta http-equiv="Content-Type" content="text/html;charset=utf-8" />
  <meta name='ocr-system' content='tesseract 3.04.00' />
  <meta name='ocr-capabilities' content='ocr_page ocr_carea ocr_par ocr_line ocrx_word'/>
</head>
<body>
  <div class='ocr_page' id='page_1' title='image "./dictyscretensise02dictuoft_0108.png"; bbox 0 0 1889 3194; ppageno 0'>
   <div class='ocr_carea' id='block_1_1' title="bbox 304 318 388 359">
    <p class='ocr_par' dir='ltr' id='par_1_1' title="bbox 304 318 388 359">
     <span class='ocr_line' id='line_1_1' title="bbox 304 318 388 359; baseline 0.012 -1"><span class='ocrx_word' id='word_1_1' title='bbox 304 318 388 359; x_wconf 79' lang='grc'><strong>450</strong></span> 
     </span>
    </p>
   </div>
   <div class='ocr_carea' id='block_1_2' title="bbox 833 327 1237 362">
    <p class='ocr_par' dir='ltr' id='par_1_2' title="bbox 833 327 1237 362">
     <span class='ocr_line' id='line_1_2' title="bbox 833 327 1237 362; baseline -0.005 -1"><span class='ocrx_word' id='word_1_2' title='bbox 833 328 1033 362; x_wconf 81' lang='lat' dir='ltr'><strong>JOSEPH!</strong></span> <span class='ocrx_word' id='word_1_3' title='bbox 1071 327 1237 360; x_wconf 80' lang='lat' dir='ltr'>ISCANI</span> 
     </span>
    </p>
   </div>
   <div class='ocr_carea' id='block_1_3' title="bbox 301 422 1504 615">
    <p class='ocr_par' dir='ltr' id='par_1_3' title="bbox 301 422 1504 615">
     <span class='ocr_line' id='line_1_3' title="bbox 302 422 1372 478; baseline 0.002 -14"><span class='ocrx_word' id='word_1_4' title='bbox 302 422 537 478; x_wconf 87' lang='lat' dir='ltr'><strong>Princeps,</strong></span> <span class='ocrx_word' id='word_1_5' title='bbox 556 427 598 466; x_wconf 89' lang='lat' dir='ltr'><strong>et</strong></span> <span class='ocrx_word' id='word_1_6' title='bbox 617 424 738 478; x_wconf 88' lang='lat' dir='ltr'><strong>larga</strong></span> <span class='ocrx_word' id='word_1_7' title='bbox 758 425 959 467; x_wconf 85' lang='lat' dir='ltr'><strong>cumulat</strong></span> <span class='ocrx_word' id='word_1_8' title='bbox 978 424 1198 478; x_wconf 87' lang='lat' dir='ltr'><strong>promissa</strong></span> <span class='ocrx_word' id='word_1_9' title='bbox 1216 425 1372 466; x_wconf 86' lang='lat' dir='ltr'><strong>securi.</strong></span> 
     </span>
     <span class='ocr_line' id='line_1_4' title="bbox 359 491 1466 546; baseline 0.002 -15"><span class='ocrx_word' id='word_1_10' title='bbox 359 491 475 544; x_wconf 88' lang='lat' dir='ltr'><strong>Ergo</strong></span> <span class='ocrx_word' id='word_1_11' title='bbox 497 491 781 546; x_wconf 87' lang='lat' dir='ltr'><strong>Cytheriacas</strong></span> <span class='ocrx_word' id='word_1_12' title='bbox 801 504 1004 545; x_wconf 85' lang='lat' dir='ltr'><strong>praeceps</strong></span> <span class='ocrx_word' id='word_1_13' title='bbox 1024 491 1059 532; x_wconf 91' lang='lat' dir='ltr'><strong>it</strong></span> <span class='ocrx_word' id='word_1_14' title='bbox 1085 492 1204 533; x_wconf 86' lang='lat' dir='ltr'><strong>fama</strong></span> <span class='ocrx_word' id='word_1_15' title='bbox 1223 505 1302 546; x_wconf 90' lang='lat' dir='ltr'><strong>per</strong></span> <span class='ocrx_word' id='word_1_16' title='bbox 1320 492 1466 543; x_wconf 87' lang='lat' dir='ltr'><strong>urbes,</strong></span> 
     </span>
     <span class='ocr_line' id='line_1_5' title="bbox 301 558 1504 615; baseline 0.003 -16"><span class='ocrx_word' id='word_1_17' title='bbox 301 558 570 600; x_wconf 87' lang='lat' dir='ltr'><strong>Priamidem</strong></span> <span class='ocrx_word' id='word_1_18' title='bbox 591 560 765 601; x_wconf 88' lang='lat' dir='ltr'><strong>venisse</strong></span> <span class='ocrx_word' id='word_1_19' title='bbox 786 559 963 600; x_wconf 83' lang='lat' dir='ltr'><strong>Parim:</strong></span> <span class='ocrx_word' id='word_1_20' title='bbox 993 559 1118 613; x_wconf 86' lang='lat' dir='ltr'><strong>plebs</strong></span> <span class='ocrx_word' id='word_1_21' title='bbox 1137 559 1332 614; x_wconf 90' lang='lat' dir='ltr'><strong>undique</strong></span> <span class='ocrx_word' id='word_1_22' title='bbox 1352 564 1504 615; x_wconf 86' lang='lat' dir='ltr'><strong>portus</strong></span> 
     </span>
    </p>
   </div>
   <div class='ocr_carea' id='block_1_4' title="bbox 300 626 1334 681">
    <p class='ocr_par' dir='ltr' id='par_1_4' title="bbox 300 626 1334 681">
     <span class='ocr_line' id='line_1_6' title="bbox 300 626 1334 681; baseline 0.002 -14"><span class='ocrx_word' id='word_1_23' title='bbox 300 626 506 668; x_wconf 89' lang='lat' dir='ltr'><strong>Decursu</strong></span> <span class='ocrx_word' id='word_1_24' title='bbox 526 627 746 681; x_wconf 69' lang='lat' dir='ltr'><strong>complett</strong></span> <span class='ocrx_word' id='word_1_25' title='bbox 777 639 830 667; x_wconf 87' lang='lat' dir='ltr'><strong>ac</strong></span> <span class='ocrx_word' id='word_1_26' title='bbox 847 626 1022 680; x_wconf 92' lang='lat' dir='ltr'><strong>pollens</strong></span> <span class='ocrx_word' id='word_1_27' title='bbox 1042 639 1115 668; x_wconf 92' lang='lat' dir='ltr'><strong>ore</strong></span> <span class='ocrx_word' id='word_1_28' title='bbox 1137 627 1334 669; x_wconf 79' lang='lat' dir='ltr'><strong>Lacaena</strong></span> 
     </span>
    </p>
   </div>
   <div class='ocr_carea' id='block_1_5' title="bbox 1664 627 1750 670">
    <p class='ocr_par' dir='ltr' id='par_1_5' title="bbox 1664 627 1750 670">
     <span class='ocr_line' id='line_1_7' title="bbox 1664 627 1750 670; baseline 0.012 -1"><span class='ocrx_word' id='word_1_29' title='bbox 1664 627 1750 670; x_wconf 90' lang='grc'><strong>220</strong></span> 
     </span>
    </p>
   </div>
   <div class='ocr_carea' id='block_1_6' title="bbox 298 692 1634 944">
    <p class='ocr_par' dir='ltr' id='par_1_6' title="bbox 300 692 1243 747">
     <span class='ocr_line' id='line_1_8' title="bbox 300 692 1243 747; baseline 0 -13"><span class='ocrx_word' id='word_1_30' title='bbox 300 692 484 745; x_wconf 85' lang='lat' dir='ltr'><strong>Ignotos</strong></span> <span class='ocrx_word' id='word_1_31' title='bbox 503 693 654 735; x_wconf 86' lang='lat' dir='ltr'><strong>visura</strong></span> <span class='ocrx_word' id='word_1_32' title='bbox 673 694 791 735; x_wconf 89' lang='lat' dir='ltr'><strong>viros</strong></span> <span class='ocrx_word' id='word_1_33' title='bbox 813 693 870 734; x_wconf 89' lang='lat' dir='ltr'><strong>ad</strong></span> <span class='ocrx_word' id='word_1_34' title='bbox 891 693 1042 735; x_wconf 83' lang='lat' dir='ltr'>littora</span> <span class='ocrx_word' id='word_1_35' title='bbox 1066 707 1243 747; x_wconf 87' lang='lat' dir='ltr'>gressus</span> 
     </span>
    </p>

    <p class='ocr_par' dir='ltr' id='par_1_7' title="bbox 299 759 1634 882">
     <span class='ocr_line' id='line_1_9' title="bbox 299 759 1370 814; baseline 0 -13"><span class='ocrx_word' id='word_1_36' title='bbox 299 760 476 814; x_wconf 85' lang='lat' dir='ltr'>Dirigit,</span> <span class='ocrx_word' id='word_1_37' title='bbox 497 761 794 814; x_wconf 89' lang='lat' dir='ltr'><strong>acelivemque</strong></span> <span class='ocrx_word' id='word_1_38' title='bbox 814 759 924 801; x_wconf 85' lang='lat' dir='ltr'><strong>freto</strong></span> <span class='ocrx_word' id='word_1_39' title='bbox 943 760 1130 802; x_wconf 85' lang='lat' dir='ltr'><strong>defertur</strong></span> <span class='ocrx_word' id='word_1_40' title='bbox 1148 761 1370 803; x_wconf 86' lang='lat' dir='ltr'><strong>Helaeam.</strong></span> 
     </span>
     <span class='ocr_line' id='line_1_10' title="bbox 356 827 1634 882; baseline 0.002 -13"><span class='ocrx_word' id='word_1_41' title='bbox 356 828 606 882; x_wconf 85' lang='lat' dir='ltr'><strong>Postquam</strong></span> <span class='ocrx_word' id='word_1_42' title='bbox 628 827 828 869; x_wconf 89' lang='lat' dir='ltr'><strong>Helenes</strong></span> <span class='ocrx_word' id='word_1_43' title='bbox 845 827 998 869; x_wconf 84' lang='lat' dir='ltr'><strong>Paridi</strong></span> <span class='ocrx_word' id='word_1_44' title='bbox 1019 829 1164 882; x_wconf 89' lang='lat' dir='ltr'><strong>patuit</strong></span> <span class='ocrx_word' id='word_1_45' title='bbox 1181 828 1430 882; x_wconf 80' lang='lat' dir='ltr'><strong>praesentia,</strong></span> <span class='ocrx_word' id='word_1_46' title='bbox 1445 828 1634 872; x_wconf 86' lang='lat' dir='ltr'><strong>classem</strong></span> 
     </span>
    </p>

    <p class='ocr_par' dir='ltr' id='par_1_8' title="bbox 298 894 1357 944">
     <span class='ocr_line' id='line_1_11' title="bbox 298 894 1357 944; baseline 0.001 -8"><span class='ocrx_word' id='word_1_47' title='bbox 298 895 474 937; x_wconf 88' lang='lat' dir='ltr'><strong>Deserit</strong></span> <span class='ocrx_word' id='word_1_48' title='bbox 492 908 557 937; x_wconf 83' lang='lat' dir='ltr'><strong>:ac</strong></span> <span class='ocrx_word' id='word_1_49' title='bbox 608 894 759 936; x_wconf 78' lang='lat' dir='ltr'><strong>formae</strong></span> <span class='ocrx_word' id='word_1_50' title='bbox 782 894 938 944; x_wconf 88' lang='lat' dir='ltr'><strong>fidens,</strong></span> <span class='ocrx_word' id='word_1_51' title='bbox 959 899 1002 936; x_wconf 93' lang='lat' dir='ltr'><strong>et</strong></span> <span class='ocrx_word' id='word_1_52' title='bbox 1023 896 1230 937; x_wconf 90' lang='lat' dir='ltr'><strong>conscius</strong></span> <span class='ocrx_word' id='word_1_53' title='bbox 1251 895 1357 943; x_wconf 88' lang='lat' dir='ltr'><strong>oris,</strong></span> 
     </span>
    </p>
   </div>
   <div class='ocr_carea' id='block_1_7' title="bbox 297 961 1435 1016">
    <p class='ocr_par' dir='ltr' id='par_1_9' title="bbox 297 961 1435 1016">
     <span class='ocr_line' id='line_1_12' title="bbox 297 961 1435 1016; baseline -0.001 -12"><span class='ocrx_word' id='word_1_54' title='bbox 297 962 403 1004; x_wconf 89' lang='lat' dir='ltr'><strong>Huc</strong></span> <span class='ocrx_word' id='word_1_55' title='bbox 424 963 526 1004; x_wconf 90' lang='lat' dir='ltr'><strong>illuc</strong></span> <span class='ocrx_word' id='word_1_56' title='bbox 548 975 745 1016; x_wconf 85' lang='lat' dir='ltr'><strong>gressum</strong></span> <span class='ocrx_word' id='word_1_57' title='bbox 766 961 952 1012; x_wconf 87' lang='lat' dir='ltr'><strong>librans,</strong></span> <span class='ocrx_word' id='word_1_58' title='bbox 974 975 1064 1016; x_wconf 84' lang='lat' dir='ltr'><strong>qua</strong></span> <span class='ocrx_word' id='word_1_59' title='bbox 1083 961 1305 1016; x_wconf 84' lang='lat' dir='ltr'><strong>Tyndaris</strong></span> <span class='ocrx_word' id='word_1_60' title='bbox 1324 963 1435 1013; x_wconf 89' lang='lat' dir='ltr'><strong>ibat,</strong></span> 
     </span>
    </p>
   </div>
   <div class='ocr_carea' id='block_1_8' title="bbox 1659 961 1746 1004">
    <p class='ocr_par' dir='ltr' id='par_1_10' title="bbox 1659 961 1746 1004">
     <span class='ocr_line' id='line_1_13' title="bbox 1659 961 1746 1004; baseline 0 0"><span class='ocrx_word' id='word_1_61' title='bbox 1659 961 1746 1004; x_wconf 88' lang='grc'><strong>225</strong></span> 
     </span>
    </p>
   </div>
   <div class='ocr_carea' id='block_1_9' title="bbox 295 1029 1536 1288">
    <p class='ocr_par' dir='ltr' id='par_1_11' title="bbox 296 1029 1333 1152">
     <span class='ocr_line' id='line_1_14' title="bbox 297 1029 1209 1084; baseline 0 -14"><span class='ocrx_word' id='word_1_62' title='bbox 297 1029 320 1070; x_wconf 92' lang='grc' dir='ltr'>Ι</span> <span class='ocrx_word' id='word_1_63' title='bbox 324 1029 526 1071; x_wconf 88' lang='lat' dir='ltr'><strong>ndefessa</strong></span> <span class='ocrx_word' id='word_1_64' title='bbox 543 1030 668 1084; x_wconf 84' lang='lat' dir='ltr'><strong>vagis</strong></span> <span class='ocrx_word' id='word_1_65' title='bbox 688 1030 939 1071; x_wconf 85' lang='lat' dir='ltr'><strong>incessibus</strong></span> <span class='ocrx_word' id='word_1_66' title='bbox 961 1030 1053 1071; x_wconf 91' lang='lat' dir='ltr'><strong>otia</strong></span> <span class='ocrx_word' id='word_1_67' title='bbox 1073 1029 1209 1071; x_wconf 85' lang='lat' dir='ltr'><strong>texit:</strong></span> 
     </span>
     <span class='ocr_line' id='line_1_15' title="bbox 296 1096 1333 1152; baseline 0 -14"><span class='ocrx_word' id='word_1_68' title='bbox 296 1096 616 1152; x_wconf 88' lang='lat' dir='ltr'><strong>Certantesque</strong></span> <span class='ocrx_word' id='word_1_69' title='bbox 636 1097 764 1139; x_wconf 87' lang='lat' dir='ltr'><strong>offert</strong></span> <span class='ocrx_word' id='word_1_70' title='bbox 783 1097 952 1148; x_wconf 87' lang='lat' dir='ltr'><strong>vultus,</strong></span> <span class='ocrx_word' id='word_1_71' title='bbox 974 1096 1180 1139; x_wconf 90' lang='lat' dir='ltr'><strong>incendia</strong></span> <span class='ocrx_word' id='word_1_72' title='bbox 1200 1098 1333 1139; x_wconf 90' lang='lat' dir='ltr'><strong>nutrit</strong></span> 
     </span>
    </p>

    <p class='ocr_par' dir='ltr' id='par_1_12' title="bbox 295 1164 1536 1288">
     <span class='ocr_line' id='line_1_16' title="bbox 295 1164 1386 1220; baseline 0.001 -15"><span class='ocrx_word' id='word_1_73' title='bbox 295 1164 472 1215; x_wconf 91' lang='lat' dir='ltr'><strong>Mutua,</strong></span> <span class='ocrx_word' id='word_1_74' title='bbox 494 1168 805 1220; x_wconf 86' lang='lat' dir='ltr'><strong>captatumque</strong></span> <span class='ocrx_word' id='word_1_75' title='bbox 821 1165 946 1206; x_wconf 88' lang='lat' dir='ltr'><strong>brevi</strong></span> <span class='ocrx_word' id='word_1_76' title='bbox 966 1165 1159 1206; x_wconf 88' lang='lat' dir='ltr'><strong>lucratur</strong></span> <span class='ocrx_word' id='word_1_77' title='bbox 1178 1177 1386 1206; x_wconf 90' lang='lat' dir='ltr'><strong>amorem.</strong></span> 
     </span>
     <span class='ocr_line' id='line_1_17' title="bbox 296 1231 1536 1288; baseline 0.001 -14"><span class='ocrx_word' id='word_1_78' title='bbox 296 1231 476 1287; x_wconf 86' lang='lat' dir='ltr'><strong>Quippe</strong></span> <span class='ocrx_word' id='word_1_79' title='bbox 497 1246 578 1274; x_wconf 90' lang='lat' dir='ltr'><strong>nec</strong></span> <span class='ocrx_word' id='word_1_80' title='bbox 599 1232 655 1274; x_wconf 87' lang='lat' dir='ltr'><strong>ad</strong></span> <span class='ocrx_word' id='word_1_81' title='bbox 675 1245 854 1274; x_wconf 89' lang='lat' dir='ltr'><strong>cursum</strong></span> <span class='ocrx_word' id='word_1_82' title='bbox 874 1245 1094 1287; x_wconf 82' lang='lat' dir='ltr'><strong>praecepS‚</strong></span> <span class='ocrx_word' id='word_1_83' title='bbox 1112 1245 1192 1273; x_wconf 88' lang='lat' dir='ltr'><strong>nec</strong></span> <span class='ocrx_word' id='word_1_84' title='bbox 1212 1232 1386 1285; x_wconf 87' lang='lat' dir='ltr'><strong>segnior</strong></span> <span class='ocrx_word' id='word_1_85' title='bbox 1406 1245 1536 1288; x_wconf 81' lang='lat' dir='ltr'><strong>aequo</strong></span> 
     </span>
    </p>
   </div>
   <div class='ocr_carea' id='block_1_10' title="bbox 293 1299 1375 1354">
    <p class='ocr_par' dir='ltr' id='par_1_13' title="bbox 293 1299 1375 1354">
     <span class='ocr_line' id='line_1_18' title="bbox 293 1299 1375 1354; baseline -0.002 -12"><span class='ocrx_word' id='word_1_86' title='bbox 293 1300 476 1342; x_wconf 87' lang='lat' dir='ltr'><strong>Librato</strong></span> <span class='ocrx_word' id='word_1_87' title='bbox 496 1304 621 1354; x_wconf 85' lang='lat' dir='ltr'><strong>gestu</strong></span> <span class='ocrx_word' id='word_1_88' title='bbox 639 1299 822 1342; x_wconf 87' lang='lat' dir='ltr'><strong>formam</strong></span> <span class='ocrx_word' id='word_1_89' title='bbox 834 1299 976 1354; x_wconf 86' lang='lat' dir='ltr'><strong>juvat,</strong></span> <span class='ocrx_word' id='word_1_90' title='bbox 998 1304 1126 1341; x_wconf 90' lang='lat' dir='ltr'><strong>actus</strong></span> <span class='ocrx_word' id='word_1_91' title='bbox 1146 1299 1190 1340; x_wconf 90' lang='lat' dir='ltr'><strong>in</strong></span> <span class='ocrx_word' id='word_1_92' title='bbox 1211 1312 1375 1350; x_wconf 88' lang='lat' dir='ltr'><strong>armos,</strong></span> 
     </span>
    </p>
   </div>
   <div class='ocr_carea' id='block_1_11' title="bbox 1658 1299 1744 1342">
    <p class='ocr_par' dir='ltr' id='par_1_14' title="bbox 1658 1299 1744 1342">
     <span class='ocr_line' id='line_1_19' title="bbox 1658 1299 1744 1342; baseline 0.012 -1"><span class='ocrx_word' id='word_1_93' title='bbox 1658 1299 1744 1342; x_wconf 85' lang='grc'>230</span> 
     </span>
    </p>
   </div>
   <div class='ocr_carea' id='block_1_12' title="bbox 293 1366 1443 1619">
    <p class='ocr_par' dir='ltr' id='par_1_15' title="bbox 293 1366 1443 1619">
     <span class='ocr_line' id='line_1_20' title="bbox 295 1366 1262 1422; baseline -0.001 -14"><span class='ocrx_word' id='word_1_94' title='bbox 295 1368 347 1408; x_wconf 92' lang='lat' dir='ltr'><strong>In</strong></span> <span class='ocrx_word' id='word_1_95' title='bbox 369 1372 506 1422; x_wconf 91' lang='lat' dir='ltr'><strong>caput</strong></span> <span class='ocrx_word' id='word_1_96' title='bbox 521 1371 711 1418; x_wconf 89' lang='lat' dir='ltr'><strong>erectus,</strong></span> <span class='ocrx_word' id='word_1_97' title='bbox 732 1372 880 1409; x_wconf 89' lang='lat' dir='ltr'><strong>tenero</strong></span> <span class='ocrx_word' id='word_1_98' title='bbox 901 1366 1067 1408; x_wconf 88' lang='lat' dir='ltr'><strong>delibat</strong></span> <span class='ocrx_word' id='word_1_99' title='bbox 1086 1379 1262 1408; x_wconf 84' lang='lat' dir='ltr'><strong>arenam</strong></span> 
     </span>
     <span class='ocr_line' id='line_1_21' title="bbox 295 1433 1325 1489; baseline 0 -13"><span class='ocrx_word' id='word_1_100' title='bbox 295 1435 499 1486; x_wconf 90' lang='lat' dir='ltr'><strong>Incessu,</strong></span> <span class='ocrx_word' id='word_1_101' title='bbox 518 1435 697 1489; x_wconf 85' lang='lat' dir='ltr'><strong>figitque</strong></span> <span class='ocrx_word' id='word_1_102' title='bbox 717 1434 848 1476; x_wconf 89' lang='lat' dir='ltr'><strong>oculo</strong></span> <span class='ocrx_word' id='word_1_103' title='bbox 868 1433 1052 1475; x_wconf 87' lang='lat' dir='ltr'><strong>mirante</strong></span> <span class='ocrx_word' id='word_1_104' title='bbox 1074 1433 1325 1476; x_wconf 77' lang='lat' dir='ltr'><strong>Lacaenam.</strong></span> 
     </span>
     <span class='ocr_line' id='line_1_22' title="bbox 294 1500 1349 1556; baseline 0 -14"><span class='ocrx_word' id='word_1_105' title='bbox 294 1501 559 1556; x_wconf 88' lang='lat' dir='ltr'><strong>Oblitosque</strong></span> <span class='ocrx_word' id='word_1_106' title='bbox 579 1501 742 1555; x_wconf 86' lang='lat' dir='ltr'><strong>gradus</strong></span> <span class='ocrx_word' id='word_1_107' title='bbox 762 1501 904 1544; x_wconf 85' lang='lat' dir='ltr'><strong>sistit:</strong></span> <span class='ocrx_word' id='word_1_108' title='bbox 934 1506 1173 1555; x_wconf 89' lang='lat' dir='ltr'><strong>suspectus</strong></span> <span class='ocrx_word' id='word_1_109' title='bbox 1193 1500 1349 1543; x_wconf 88' lang='lat' dir='ltr'><strong>haberi</strong></span> 
     </span>
     <span class='ocr_line' id='line_1_23' title="bbox 293 1567 1443 1619; baseline -0.002 -9"><span class='ocrx_word' id='word_1_110' title='bbox 293 1567 408 1610; x_wconf 83' lang='lat' dir='ltr'><strong>Mox</strong></span> <span class='ocrx_word' id='word_1_111' title='bbox 427 1572 634 1619; x_wconf 90' lang='lat' dir='ltr'><strong>metuens,</strong></span> <span class='ocrx_word' id='word_1_112' title='bbox 654 1568 854 1610; x_wconf 84' lang='lat' dir='ltr'><strong>transfert</strong></span> <span class='ocrx_word' id='word_1_113' title='bbox 875 1568 1040 1609; x_wconf 88' lang='lat' dir='ltr'><strong>celeres</strong></span> <span class='ocrx_word' id='word_1_114' title='bbox 1061 1567 1118 1609; x_wconf 91' lang='lat' dir='ltr'><strong>ad</strong></span> <span class='ocrx_word' id='word_1_115' title='bbox 1135 1572 1282 1609; x_wconf 89' lang='lat' dir='ltr'><strong>cetera</strong></span> <span class='ocrx_word' id='word_1_116' title='bbox 1302 1567 1443 1617; x_wconf 78' lang='lat' dir='ltr'><strong>viSUS,</strong></span> 
     </span>
    </p>
   </div>
   <div class='ocr_carea' id='block_1_13' title="bbox 293 1634 1455 1689">
    <p class='ocr_par' dir='ltr' id='par_1_16' title="bbox 293 1634 1455 1689">
     <span class='ocr_line' id='line_1_24' title="bbox 293 1634 1455 1689; baseline -0.002 -13"><span class='ocrx_word' id='word_1_117' title='bbox 293 1634 386 1676; x_wconf 90' lang='lat' dir='ltr'><strong>Ceu</strong></span> <span class='ocrx_word' id='word_1_118' title='bbox 407 1638 583 1689; x_wconf 86' lang='lat' dir='ltr'><strong>stupeat</strong></span> <span class='ocrx_word' id='word_1_119' title='bbox 600 1634 809 1689; x_wconf 90' lang='lat' dir='ltr'><strong>quicquid</strong></span> <span class='ocrx_word' id='word_1_120' title='bbox 830 1638 1028 1688; x_wconf 88' lang='lat' dir='ltr'><strong>spectet:</strong></span> <span class='ocrx_word' id='word_1_121' title='bbox 1057 1634 1358 1676; x_wconf 89' lang='lat' dir='ltr'><strong>moderantius</strong></span> <span class='ocrx_word' id='word_1_122' title='bbox 1377 1634 1455 1675; x_wconf 90' lang='lat' dir='ltr'><strong>illa</strong></span> 
     </span>
    </p>
   </div>
   <div class='ocr_carea' id='block_1_14' title="bbox 1654 1632 1740 1676">
    <p class='ocr_par' dir='ltr' id='par_1_17' title="bbox 1654 1632 1740 1676">
     <span class='ocr_line' id='line_1_25' title="bbox 1654 1632 1740 1676; baseline 0.023 -2"><span class='ocrx_word' id='word_1_123' title='bbox 1654 1632 1740 1676; x_wconf 86' lang='grc'><strong>235</strong></span> 
     </span>
    </p>
   </div>
   <div class='ocr_carea' id='block_1_15' title="bbox 290 1701 1526 1957">
    <p class='ocr_par' dir='ltr' id='par_1_18' title="bbox 293 1701 1213 1756">
     <span class='ocr_line' id='line_1_26' title="bbox 293 1701 1213 1756; baseline -0.002 -13"><span class='ocrx_word' id='word_1_124' title='bbox 293 1701 514 1756; x_wconf 86' lang='lat' dir='ltr'><strong>obliquos</strong></span> <span class='ocrx_word' id='word_1_125' title='bbox 534 1702 693 1751; x_wconf 88' lang='lat' dir='ltr'><strong>vultus,</strong></span> <span class='ocrx_word' id='word_1_126' title='bbox 712 1705 758 1743; x_wconf 92' lang='lat' dir='ltr'><strong>et</strong></span> <span class='ocrx_word' id='word_1_127' title='bbox 773 1714 858 1742; x_wconf 90' lang='lat' dir='ltr'><strong>non</strong></span> <span class='ocrx_word' id='word_1_128' title='bbox 879 1701 1064 1743; x_wconf 87' lang='lat' dir='ltr'><strong>ridentia</strong></span> <span class='ocrx_word' id='word_1_129' title='bbox 1084 1701 1213 1755; x_wconf 87' lang='lat' dir='ltr'><strong>plene</strong></span> 
     </span>
    </p>

    <p class='ocr_par' dir='ltr' id='par_1_19' title="bbox 290 1766 1526 1957">
     <span class='ocr_line' id='line_1_27' title="bbox 292 1766 1330 1822; baseline -0.001 -12"><span class='ocrx_word' id='word_1_130' title='bbox 292 1768 384 1811; x_wconf 88' lang='lat' dir='ltr'><strong>Ora</strong></span> <span class='ocrx_word' id='word_1_131' title='bbox 405 1769 531 1822; x_wconf 87' lang='lat' dir='ltr'><strong>gerit,</strong></span> <span class='ocrx_word' id='word_1_132' title='bbox 549 1772 755 1822; x_wconf 86' lang='lat' dir='ltr'><strong>totasque</strong></span> <span class='ocrx_word' id='word_1_133' title='bbox 774 1768 880 1809; x_wconf 86' lang='lat' dir='ltr'><strong>velit</strong></span> <span class='ocrx_word' id='word_1_134' title='bbox 897 1781 996 1809; x_wconf 91' lang='lat' dir='ltr'><strong>cum</strong></span> <span class='ocrx_word' id='word_1_135' title='bbox 1016 1772 1195 1822; x_wconf 88' lang='lat' dir='ltr'><strong>pectore</strong></span> <span class='ocrx_word' id='word_1_136' title='bbox 1213 1766 1330 1809; x_wconf 90' lang='lat' dir='ltr'><strong>nudo</strong></span> 
     </span>
     <span class='ocr_line' id='line_1_28' title="bbox 292 1834 1272 1890; baseline -0.002 -12"><span class='ocrx_word' id='word_1_137' title='bbox 292 1837 526 1878; x_wconf 86' lang='lat' dir='ltr'><strong>Ostentare</strong></span> <span class='ocrx_word' id='word_1_138' title='bbox 546 1849 678 1890; x_wconf 83' lang='lat' dir='ltr'><strong>genas</strong></span> <span class='ocrx_word' id='word_1_139' title='bbox 695 1849 707 1876; x_wconf 72' lang='grc' dir='ltr'>ι</span> <span class='ocrx_word' id='word_1_140' title='bbox 737 1834 817 1877; x_wconf 90' lang='lat' dir='ltr'><strong>sed</strong></span> <span class='ocrx_word' id='word_1_141' title='bbox 838 1835 1077 1889; x_wconf 84' lang='lat' dir='ltr'><strong>castigator</strong></span> <span class='ocrx_word' id='word_1_142' title='bbox 1097 1834 1272 1877; x_wconf 84' lang='lat' dir='ltr'><strong>adultos</strong></span> 
     </span>
     <span class='ocr_line' id='line_1_29' title="bbox 290 1901 1526 1957; baseline -0.001 -13"><span class='ocrx_word' id='word_1_143' title='bbox 290 1903 551 1957; x_wconf 88' lang='lat' dir='ltr'><strong>Comprimit</strong></span> <span class='ocrx_word' id='word_1_144' title='bbox 567 1915 779 1945; x_wconf 83' lang='lat' dir='ltr'><strong>excessus</strong></span> <span class='ocrx_word' id='word_1_145' title='bbox 801 1903 936 1944; x_wconf 89' lang='lat' dir='ltr'><strong>animi</strong></span> <span class='ocrx_word' id='word_1_146' title='bbox 952 1903 1109 1956; x_wconf 90' lang='lat' dir='ltr'><strong>pudor,</strong></span> <span class='ocrx_word' id='word_1_147' title='bbox 1134 1915 1337 1956; x_wconf 82' lang='lat' dir='ltr'><strong>aegraque</strong></span> <span class='ocrx_word' id='word_1_148' title='bbox 1356 1901 1526 1943; x_wconf 85' lang='lat' dir='ltr'><strong>mixtus</strong></span> 
     </span>
    </p>
   </div>
   <div class='ocr_carea' id='block_1_16' title="bbox 290 1968 1499 2020">
    <p class='ocr_par' dir='ltr' id='par_1_20' title="bbox 290 1968 1499 2020">
     <span class='ocr_line' id='line_1_30' title="bbox 290 1968 1499 2020; baseline -0.002 -9"><span class='ocrx_word' id='word_1_149' title='bbox 290 1971 447 2012; x_wconf 87' lang='lat' dir='ltr'><strong>Pulsat</strong></span> <span class='ocrx_word' id='word_1_150' title='bbox 467 1970 602 2012; x_wconf 90' lang='lat' dir='ltr'><strong>corda</strong></span> <span class='ocrx_word' id='word_1_151' title='bbox 620 1974 761 2012; x_wconf 91' lang='lat' dir='ltr'><strong>metus</strong></span> <span class='ocrx_word' id='word_1_152' title='bbox 778 1983 790 2010; x_wconf 90' lang='lat'>:</span> <span class='ocrx_word' id='word_1_153' title='bbox 819 1970 958 2011; x_wconf 88' lang='lat' dir='ltr'><strong>sentit</strong></span> <span class='ocrx_word' id='word_1_154' title='bbox 976 1970 1119 2020; x_wconf 87' lang='lat' dir='ltr'><strong>Paris,</strong></span> <span class='ocrx_word' id='word_1_155' title='bbox 1139 1968 1263 2011; x_wconf 86' lang='lat' dir='ltr'><strong>ardet</strong></span> <span class='ocrx_word' id='word_1_156' title='bbox 1281 1973 1325 2010; x_wconf 91' lang='lat' dir='ltr'><strong>et</strong></span> <span class='ocrx_word' id='word_1_157' title='bbox 1344 1969 1499 2012; x_wconf 86' lang='lat' dir='ltr'><strong>audet:</strong></span> 
     </span>
    </p>
   </div>
   <div class='ocr_carea' id='block_1_17' title="bbox 1650 1967 1736 2010">
    <p class='ocr_par' dir='ltr' id='par_1_21' title="bbox 1650 1967 1736 2010">
     <span class='ocr_line' id='line_1_31' title="bbox 1650 1967 1736 2010; baseline 0 0"><span class='ocrx_word' id='word_1_158' title='bbox 1650 1967 1736 2010; x_wconf 91' lang='grc'><strong>240</strong></span> 
     </span>
    </p>
   </div>
   <div class='ocr_carea' id='block_1_18' title="bbox 290 2036 1510 2159">
    <p class='ocr_par' dir='ltr' id='par_1_22' title="bbox 290 2036 1510 2159">
     <span class='ocr_line' id='line_1_32' title="bbox 290 2036 1414 2092; baseline -0.001 -14"><span class='ocrx_word' id='word_1_159' title='bbox 290 2037 635 2092; x_wconf 90' lang='lat' dir='ltr'><strong>Promissorque</strong></span> <span class='ocrx_word' id='word_1_160' title='bbox 655 2038 824 2090; x_wconf 86' lang='lat' dir='ltr'><strong>ingens,</strong></span> <span class='ocrx_word' id='word_1_161' title='bbox 842 2036 987 2078; x_wconf 89' lang='lat' dir='ltr'><strong>facilis</strong></span> <span class='ocrx_word' id='word_1_162' title='bbox 1008 2036 1229 2090; x_wconf 83' lang='lat' dir='ltr'><strong>praesagia</strong></span> <span class='ocrx_word' id='word_1_163' title='bbox 1248 2036 1414 2091; x_wconf 83' lang='lat' dir='ltr'><strong>praedae</strong></span> 
     </span>
     <span class='ocr_line' id='line_1_33' title="bbox 290 2103 1510 2159; baseline -0.002 -13"><span class='ocrx_word' id='word_1_164' title='bbox 290 2105 426 2147; x_wconf 89' lang='lat' dir='ltr'><strong>Ducit</strong></span> <span class='ocrx_word' id='word_1_165' title='bbox 446 2117 582 2158; x_wconf 90' lang='lat' dir='ltr'><strong>amor,</strong></span> <span class='ocrx_word' id='word_1_166' title='bbox 603 2104 708 2146; x_wconf 89' lang='lat' dir='ltr'><strong>dum</strong></span> <span class='ocrx_word' id='word_1_167' title='bbox 730 2105 857 2158; x_wconf 88' lang='lat' dir='ltr'><strong>signa</strong></span> <span class='ocrx_word' id='word_1_168' title='bbox 870 2104 1041 2159; x_wconf 87' lang='lat' dir='ltr'><strong>juvant,</strong></span> <span class='ocrx_word' id='word_1_169' title='bbox 1062 2103 1166 2145; x_wconf 91' lang='lat' dir='ltr'><strong>dum</strong></span> <span class='ocrx_word' id='word_1_170' title='bbox 1182 2108 1314 2146; x_wconf 91' lang='lat' dir='ltr'><strong>nutus</strong></span> <span class='ocrx_word' id='word_1_171' title='bbox 1336 2103 1510 2145; x_wconf 88' lang='lat' dir='ltr'><strong>oberrat</strong></span> 
     </span>
    </p>
   </div>
   <div class='ocr_carea' id='block_1_19' title="bbox 908 2220 1081 2269">
    <p class='ocr_par' dir='ltr' id='par_1_23' title="bbox 908 2220 1081 2269">
     <span class='ocr_line' id='line_1_34' title="bbox 908 2220 1081 2269; baseline -0.012 1"><span class='ocrx_word' id='word_1_172' title='bbox 908 2220 911 2224; x_wconf 80' lang='grc'><strong>’</strong></span> <span class='ocrx_word' id='word_1_173' title='bbox 939 2235 1081 2269; x_wconf 83' lang='lat' dir='ltr'>NOTAE</span> 
     </span>
    </p>
   </div>
   <div class='ocr_carea' id='block_1_20' title="bbox 282 2309 982 2897">
    <p class='ocr_par' dir='ltr' id='par_1_24' title="bbox 284 2309 982 2492">
     <span class='ocr_line' id='line_1_35' title="bbox 328 2309 982 2353; baseline 0 -10"><span class='ocrx_word' id='word_1_174' title='bbox 328 2313 391 2343; x_wconf 89' lang='grc'><strong>222</strong></span> <span class='ocrx_word' id='word_1_175' title='bbox 413 2311 627 2353; x_wconf 71' lang='lat' dir='ltr'><strong>Acclitemque</strong></span> <span class='ocrx_word' id='word_1_176' title='bbox 642 2309 730 2350; x_wconf 82' lang='lat' dir='ltr'><strong>freto</strong></span> <span class='ocrx_word' id='word_1_177' title='bbox 752 2311 890 2350; x_wconf 78' lang='lat' dir='ltr'><strong>defertur</strong></span> <span class='ocrx_word' id='word_1_178' title='bbox 913 2311 982 2343; x_wconf 88' lang='lat' dir='ltr'><strong>He·</strong></span> 
     </span>
     <span class='ocr_line' id='line_1_36' title="bbox 284 2361 981 2402; baseline 0 -10"><span class='ocrx_word' id='word_1_179' title='bbox 284 2362 387 2402; x_wconf 84' lang='lat' dir='ltr'><strong>loeam]</strong></span> <span class='ocrx_word' id='word_1_180' title='bbox 412 2363 451 2393; x_wconf 92' lang='lat' dir='ltr'><strong>In</strong></span> <span class='ocrx_word' id='word_1_181' title='bbox 470 2363 611 2402; x_wconf 83' lang='lat' dir='ltr'><strong>Darete,</strong></span> <span class='ocrx_word' id='word_1_182' title='bbox 628 2366 637 2379; x_wconf 87' lang='lat'>‘</span> <span class='ocrx_word' id='word_1_183' title='bbox 650 2361 692 2392; x_wconf 91' lang='lat' dir='ltr'><strong>ad</strong></span> <span class='ocrx_word' id='word_1_184' title='bbox 705 2361 878 2402; x_wconf 88' lang='lat' dir='ltr'><strong>oppidum,</strong></span> <span class='ocrx_word' id='word_1_185' title='bbox 891 2361 981 2402; x_wconf 90' lang='lat' dir='ltr'><strong>quod</strong></span> 
     </span>
     <span class='ocr_line' id='line_1_37' title="bbox 284 2411 981 2452; baseline 0 -10"><span class='ocrx_word' id='word_1_186' title='bbox 284 2417 338 2442; x_wconf 81' lang='lat' dir='ltr'><strong>est</strong></span> <span class='ocrx_word' id='word_1_187' title='bbox 370 2412 527 2449; x_wconf 90' lang='lat' dir='ltr'><strong>Helena,’</strong></span> <span class='ocrx_word' id='word_1_188' title='bbox 551 2411 639 2443; x_wconf 88' lang='lat' dir='ltr'><strong>male</strong></span> <span class='ocrx_word' id='word_1_189' title='bbox 669 2411 806 2452; x_wconf 87' lang='lat' dir='ltr'><strong>legitur,</strong></span> <span class='ocrx_word' id='word_1_190' title='bbox 829 2420 904 2442; x_wconf 84' lang='lat' dir='ltr'><strong>cum</strong></span> <span class='ocrx_word' id='word_1_191' title='bbox 936 2411 981 2442; x_wconf 88' lang='lat' dir='ltr'><strong>sit</strong></span> 
     </span>
     <span class='ocr_line' id='line_1_38' title="bbox 284 2460 409 2492; baseline 0 -1"><span class='ocrx_word' id='word_1_192' title='bbox 284 2460 409 2492; x_wconf 85' lang='lat' dir='ltr'><strong>Helaea.</strong></span> 
     </span>
    </p>

    <p class='ocr_par' dir='ltr' id='par_1_25' title="bbox 282 2508 978 2748">
     <span class='ocr_line' id='line_1_39' title="bbox 326 2508 978 2552; baseline -0.003 -10"><span class='ocrx_word' id='word_1_193' title='bbox 326 2513 389 2542; x_wconf 79' lang='grc'><strong>224</strong></span> <span class='ocrx_word' id='word_1_194' title='bbox 413 2511 537 2542; x_wconf 83' lang='lat' dir='ltr'><strong>Formae</strong></span> <span class='ocrx_word' id='word_1_195' title='bbox 549 2510 666 2552; x_wconf 79' lang='lat' dir='ltr'><strong>fidens,</strong></span> <span class='ocrx_word' id='word_1_196' title='bbox 689 2511 720 2540; x_wconf 84' lang='lat' dir='ltr'><strong>et</strong></span> <span class='ocrx_word' id='word_1_197' title='bbox 741 2508 876 2541; x_wconf 77' lang='lat' dir='ltr'><strong>conscius</strong></span> <span class='ocrx_word' id='word_1_198' title='bbox 898 2509 978 2550; x_wconf 80' lang='lat' dir='ltr'><strong>oris]</strong></span> 
     </span>
     <span class='ocr_line' id='line_1_40' title="bbox 283 2558 978 2592; baseline 0.001 -2"><span class='ocrx_word' id='word_1_199' title='bbox 283 2559 416 2591; x_wconf 79' lang='lat' dir='ltr'><strong>Dares:</strong></span> <span class='ocrx_word' id='word_1_200' title='bbox 441 2560 615 2592; x_wconf 83' lang='lat' dir='ltr'><strong>‘conscius</strong></span> <span class='ocrx_word' id='word_1_201' title='bbox 638 2558 754 2591; x_wconf 83' lang='lat' dir='ltr'><strong>formae</strong></span> <span class='ocrx_word' id='word_1_202' title='bbox 775 2558 868 2591; x_wconf 88' lang='lat' dir='ltr'><strong>snae.’</strong></span> <span class='ocrx_word' id='word_1_203' title='bbox 913 2560 978 2591; x_wconf 88' lang='lat' dir='ltr'><strong>Lu-</strong></span> 
     </span>
     <span class='ocr_line' id='line_1_41' title="bbox 282 2608 978 2642; baseline 0 -2"><span class='ocrx_word' id='word_1_204' title='bbox 282 2618 356 2640; x_wconf 84' lang='lat' dir='ltr'><strong>can.</strong></span> <span class='ocrx_word' id='word_1_205' title='bbox 385 2610 443 2641; x_wconf 88' lang='lat' dir='ltr'><strong>lib.</strong></span> <span class='ocrx_word' id='word_1_206' title='bbox 474 2619 509 2641; x_wconf 84' lang='lat' dir='ltr'><strong>x.</strong></span> <span class='ocrx_word' id='word_1_207' title='bbox 539 2610 674 2642; x_wconf 82' lang='lat' dir='ltr'><strong>‘Quem</strong></span> <span class='ocrx_word' id='word_1_208' title='bbox 704 2608 819 2640; x_wconf 84' lang='lat' dir='ltr'><strong>formae</strong></span> <span class='ocrx_word' id='word_1_209' title='bbox 851 2608 978 2640; x_wconf 86' lang='lat' dir='ltr'><strong>confisa</strong></span> 
     </span>
     <span class='ocr_line' id='line_1_42' title="bbox 284 2658 978 2700; baseline 0 -11"><span class='ocrx_word' id='word_1_210' title='bbox 284 2668 352 2690; x_wconf 79' lang='lat' dir='ltr'><strong>suae</strong></span> <span class='ocrx_word' id='word_1_211' title='bbox 369 2659 554 2700; x_wconf 78' lang='lat' dir='ltr'><strong>Cleopatra</strong></span> <span class='ocrx_word' id='word_1_212' title='bbox 575 2660 648 2690; x_wconf 89' lang='lat' dir='ltr'><strong>sine</strong></span> <span class='ocrx_word' id='word_1_213' title='bbox 676 2659 751 2690; x_wconf 87' lang='lat' dir='ltr'><strong>ullis</strong></span> <span class='ocrx_word' id='word_1_214' title='bbox 769 2658 890 2690; x_wconf 80' lang='lat' dir='ltr'><strong>Tristis</strong></span> <span class='ocrx_word' id='word_1_215' title='bbox 904 2658 978 2690; x_wconf 82' lang='lat' dir='ltr'><strong>adit</strong></span> 
     </span>
     <span class='ocr_line' id='line_1_43' title="bbox 283 2708 463 2748; baseline 0.006 -10"><span class='ocrx_word' id='word_1_216' title='bbox 283 2708 463 2748; x_wconf 82' lang='lat' dir='ltr'><strong>lacrymis.’</strong></span> 
     </span>
    </p>

    <p class='ocr_par' dir='ltr' id='par_1_26' title="bbox 282 2757 978 2897">
     <span class='ocr_line' id='line_1_44' title="bbox 323 2757 975 2798; baseline 0 -11"><span class='ocrx_word' id='word_1_217' title='bbox 323 2759 385 2787; x_wconf 82' lang='grc'><strong>231</strong></span> <span class='ocrx_word' id='word_1_218' title='bbox 413 2758 527 2789; x_wconf 84' lang='lat' dir='ltr'><strong>Tenero</strong></span> <span class='ocrx_word' id='word_1_219' title='bbox 549 2757 663 2789; x_wconf 72' lang='lat' dir='ltr'><strong>delibat</strong></span> <span class='ocrx_word' id='word_1_220' title='bbox 683 2767 808 2788; x_wconf 81' lang='lat' dir='ltr'><strong>arenam</strong></span> <span class='ocrx_word' id='word_1_221' title='bbox 833 2757 975 2798; x_wconf 82' lang='lat' dir='ltr'><strong>Incessu]</strong></span> 
     </span>
     <span class='ocr_line' id='line_1_45' title="bbox 285 2805 978 2846; baseline 0.001 -10"><span class='ocrx_word' id='word_1_222' title='bbox 285 2805 447 2837; x_wconf 79' lang='lat' dir='ltr'><strong>Coluthus</strong></span> <span class='ocrx_word' id='word_1_223' title='bbox 464 2807 506 2838; x_wconf 88' lang='lat' dir='ltr'><strong>de</strong></span> <span class='ocrx_word' id='word_1_224' title='bbox 522 2808 641 2838; x_wconf 78' lang='lat' dir='ltr'><strong>eadem</strong></span> <span class='ocrx_word' id='word_1_225' title='bbox 665 2816 721 2838; x_wconf 82' lang='lat' dir='ltr'><strong>re:</strong></span> <span class='ocrx_word' id='word_1_226' title='bbox 740 2809 863 2845; x_wconf 85' lang='grc' dir='ltr'>Ὤχετο</span> <span class='ocrx_word' id='word_1_227' title='bbox 875 2807 978 2846; x_wconf 55' lang='lat' dir='ltr'><strong>‹perso-</strong></span> 
     </span>
     <span class='ocr_line' id='line_1_46' title="bbox 282 2857 978 2897; baseline 0.007 -12"><span class='ocrx_word' id='word_1_228' title='bbox 282 2857 416 2893; x_wconf 77' lang='grc' dir='ltr'>μένωσιν</span> <span class='ocrx_word' id='word_1_229' title='bbox 437 2858 482 2888; x_wconf 85' lang='grc' dir='ltr'><strong>ἐπ’</strong></span> <span class='ocrx_word' id='word_1_230' title='bbox 495 2858 615 2897; x_wconf 73' lang='grc' dir='ltr'>ἴχνεσιν</span> <span class='ocrx_word' id='word_1_231' title='bbox 625 2857 699 2897; x_wconf 70' lang='grc' dir='ltr'>ἴχνι’</span> <span class='ocrx_word' id='word_1_232' title='bbox 714 2857 843 2897; x_wconf 77' lang='grc' dir='ltr'>ἐρείσας.</span> <span class='ocrx_word' id='word_1_233' title='bbox 890 2858 978 2890; x_wconf 83' lang='lat' dir='ltr'><strong>Reli-</strong></span> 
     </span>
    </p>
   </div>
   <div class='ocr_carea' id='block_1_21' title="bbox 1031 2307 1733 2896">
    <p class='ocr_par' dir='ltr' id='par_1_27' title="bbox 1031 2307 1733 2798">
     <span class='ocr_line' id='line_1_47' title="bbox 1035 2307 1733 2353; baseline 0.001 -12"><span class='ocrx_word' id='word_1_234' title='bbox 1035 2319 1101 2353; x_wconf 88' lang='lat' dir='ltr'><strong>qua</strong></span> <span class='ocrx_word' id='word_1_235' title='bbox 1114 2309 1250 2342; x_wconf 81' lang='lat' dir='ltr'><strong>Coluthi</strong></span> <span class='ocrx_word' id='word_1_236' title='bbox 1275 2310 1375 2350; x_wconf 85' lang='lat' dir='ltr'><strong>longe</strong></span> <span class='ocrx_word' id='word_1_237' title='bbox 1390 2307 1565 2349; x_wconf 83' lang='lat' dir='ltr'><strong>inferiora,</strong></span> <span class='ocrx_word' id='word_1_238' title='bbox 1580 2318 1678 2351; x_wconf 87' lang='lat' dir='ltr'><strong>quam</strong></span> <span class='ocrx_word' id='word_1_239' title='bbox 1694 2314 1733 2342; x_wconf 88' lang='lat' dir='ltr'><strong>ut</strong></span> 
     </span>
     <span class='ocr_line' id='line_1_48' title="bbox 1037 2359 1732 2403; baseline -0.003 -11"><span class='ocrx_word' id='word_1_240' title='bbox 1037 2361 1263 2403; x_wconf 73' lang='lat' dir='ltr'><strong>aequilibrium</strong></span> <span class='ocrx_word' id='word_1_241' title='bbox 1281 2364 1457 2401; x_wconf 81' lang='lat' dir='ltr'><strong>praestent.</strong></span> <span class='ocrx_word' id='word_1_242' title='bbox 1478 2359 1592 2391; x_wconf 86' lang='lat' dir='ltr'><strong>Latini</strong></span> <span class='ocrx_word' id='word_1_243' title='bbox 1609 2369 1732 2400; x_wconf 81' lang='lat' dir='ltr'><strong>suspen-</strong></span> 
     </span>
     <span class='ocr_line' id='line_1_49' title="bbox 1034 2408 1731 2450; baseline -0.003 -9"><span class='ocrx_word' id='word_1_244' title='bbox 1034 2421 1102 2441; x_wconf 87' lang='lat' dir='ltr'><strong>sum</strong></span> <span class='ocrx_word' id='word_1_245' title='bbox 1114 2419 1256 2450; x_wconf 79' lang='lat' dir='ltr'><strong>gressum</strong></span> <span class='ocrx_word' id='word_1_246' title='bbox 1277 2413 1411 2440; x_wconf 87' lang='lat' dir='ltr'><strong>vocant.</strong></span> <span class='ocrx_word' id='word_1_247' title='bbox 1450 2409 1585 2440; x_wconf 86' lang='lat' dir='ltr'><strong>Cornel.</strong></span> <span class='ocrx_word' id='word_1_248' title='bbox 1610 2408 1731 2440; x_wconf 85' lang='lat' dir='ltr'><strong>Gallus</strong></span> 
     </span>
     <span class='ocr_line' id='line_1_50' title="bbox 1034 2457 1730 2493; baseline -0.004 -2"><span class='ocrx_word' id='word_1_249' title='bbox 1034 2461 1090 2492; x_wconf 90' lang='lat' dir='ltr'><strong>vel</strong></span> <span class='ocrx_word' id='word_1_250' title='bbox 1113 2460 1346 2491; x_wconf 84' lang='lat' dir='ltr'><strong>Maximinus:</strong></span> <span class='ocrx_word' id='word_1_251' title='bbox 1384 2458 1541 2490; x_wconf 87' lang='lat' dir='ltr'><strong>‘Fallere</strong></span> <span class='ocrx_word' id='word_1_252' title='bbox 1567 2457 1730 2493; x_wconf 85' lang='lat' dir='ltr'><strong>solicitos,</strong></span> 
     </span>
     <span class='ocr_line' id='line_1_51' title="bbox 1033 2505 1729 2551; baseline -0.006 -10"><span class='ocrx_word' id='word_1_253' title='bbox 1033 2519 1212 2551; x_wconf 85' lang='lat' dir='ltr'><strong>suspensos</strong></span> <span class='ocrx_word' id='word_1_254' title='bbox 1230 2518 1356 2550; x_wconf 84' lang='lat' dir='ltr'><strong>ponere</strong></span> <span class='ocrx_word' id='word_1_255' title='bbox 1369 2506 1530 2548; x_wconf 63' lang='lat' dir='ltr'><strong>gressus!</strong></span> <span class='ocrx_word' id='word_1_256' title='bbox 1549 2505 1654 2547; x_wconf 85' lang='lat' dir='ltr'><strong>Apul.</strong></span> <span class='ocrx_word' id='word_1_257' title='bbox 1670 2515 1729 2538; x_wconf 85' lang='lat' dir='ltr'><strong>ru.</strong></span> 
     </span>
     <span class='ocr_line' id='line_1_52' title="bbox 1031 2556 1730 2599; baseline -0.007 -8"><span class='ocrx_word' id='word_1_258' title='bbox 1031 2560 1177 2591; x_wconf 83' lang='lat' dir='ltr'><strong>Metam.</strong></span> <span class='ocrx_word' id='word_1_259' title='bbox 1191 2561 1200 2576; x_wconf 91' lang='lat'>‘</span> <span class='ocrx_word' id='word_1_260' title='bbox 1213 2559 1255 2590; x_wconf 88' lang='lat' dir='ltr'><strong>ad</strong></span> <span class='ocrx_word' id='word_1_261' title='bbox 1275 2558 1430 2599; x_wconf 81' lang='lat' dir='ltr'><strong>superius</strong></span> <span class='ocrx_word' id='word_1_262' title='bbox 1452 2556 1641 2588; x_wconf 87' lang='lat' dir='ltr'><strong>cubiculum</strong></span> <span class='ocrx_word' id='word_1_263' title='bbox 1658 2565 1730 2587; x_wconf 88' lang='lat' dir='ltr'><strong>sus-</strong></span> 
     </span>
     <span class='ocr_line' id='line_1_53' title="bbox 1033 2605 1729 2650; baseline -0.006 -9"><span class='ocrx_word' id='word_1_264' title='bbox 1033 2619 1138 2650; x_wconf 88' lang='lat' dir='ltr'><strong>penso</strong></span> <span class='ocrx_word' id='word_1_265' title='bbox 1155 2614 1191 2640; x_wconf 89' lang='lat' dir='ltr'><strong>et</strong></span> <span class='ocrx_word' id='word_1_266' title='bbox 1216 2609 1334 2639; x_wconf 81' lang='lat' dir='ltr'><strong>insono</strong></span> <span class='ocrx_word' id='word_1_267' title='bbox 1358 2605 1503 2646; x_wconf 78' lang='lat' dir='ltr'><strong>vestigio</strong></span> <span class='ocrx_word' id='word_1_268' title='bbox 1526 2615 1579 2637; x_wconf 87' lang='lat' dir='ltr'><strong>me</strong></span> <span class='ocrx_word' id='word_1_269' title='bbox 1603 2605 1729 2646; x_wconf 83' lang='lat' dir='ltr'><strong>perdu-</strong></span> 
     </span>
     <span class='ocr_line' id='line_1_54' title="bbox 1032 2654 1728 2696; baseline -0.006 -5"><span class='ocrx_word' id='word_1_270' title='bbox 1032 2659 1099 2691; x_wconf 91' lang='lat' dir='ltr'><strong>cit.’</strong></span> <span class='ocrx_word' id='word_1_271' title='bbox 1144 2659 1319 2690; x_wconf 83' lang='lat' dir='ltr'><strong>Musaeus:</strong></span> <span class='ocrx_word' id='word_1_272' title='bbox 1347 2654 1444 2696; x_wconf 79' lang='grc' dir='ltr'>ἠρέμα</span> <span class='ocrx_word' id='word_1_273' title='bbox 1467 2654 1581 2686; x_wconf 79' lang='grc' dir='ltr'>ποσσὶν</span> <span class='ocrx_word' id='word_1_274' title='bbox 1610 2654 1728 2690; x_wconf 81' lang='grc' dir='ltr'>ἔβαινε.</span> 
     </span>
     <span class='ocr_line' id='line_1_55' title="bbox 1032 2706 1727 2750; baseline -0.003 -9"><span class='ocrx_word' id='word_1_275' title='bbox 1032 2710 1085 2741; x_wconf 88' lang='lat' dir='ltr'><strong>De</strong></span> <span class='ocrx_word' id='word_1_276' title='bbox 1106 2709 1267 2750; x_wconf 87' lang='lat' dir='ltr'><strong>superbia</strong></span> <span class='ocrx_word' id='word_1_277' title='bbox 1293 2708 1350 2739; x_wconf 87' lang='lat' dir='ltr'><strong>illa</strong></span> <span class='ocrx_word' id='word_1_278' title='bbox 1379 2707 1485 2738; x_wconf 84' lang='lat' dir='ltr'><strong>multa</strong></span> <span class='ocrx_word' id='word_1_279' title='bbox 1513 2706 1658 2739; x_wconf 83' lang='lat' dir='ltr'><strong>Herald.</strong></span> <span class='ocrx_word' id='word_1_280' title='bbox 1683 2707 1727 2739; x_wconf 88' lang='lat' dir='ltr'><strong>ad</strong></span> 
     </span>
     <span class='ocr_line' id='line_1_56' title="bbox 1032 2757 1398 2798; baseline -0.014 -7"><span class='ocrx_word' id='word_1_281' title='bbox 1032 2760 1136 2791; x_wconf 84' lang='lat' dir='ltr'><strong>Mart.</strong></span> <span class='ocrx_word' id='word_1_282' title='bbox 1153 2768 1195 2790; x_wconf 82' lang='grc' dir='ltr'><strong>ιι.</strong></span> <span class='ocrx_word' id='word_1_283' title='bbox 1211 2757 1327 2798; x_wconf 83' lang='lat' dir='ltr'><strong>Epigr.</strong></span> <span class='ocrx_word' id='word_1_284' title='bbox 1343 2758 1398 2787; x_wconf 86' lang='grc'><strong>57.</strong></span> 
     </span>
    </p>

    <p class='ocr_par' dir='ltr' id='par_1_28' title="bbox 1033 2804 1725 2896">
     <span class='ocr_line' id='line_1_57' title="bbox 1075 2804 1725 2846; baseline -0.006 -6"><span class='ocrx_word' id='word_1_285' title='bbox 1075 2811 1137 2840; x_wconf 81' lang='grc'><strong>242</strong></span> <span class='ocrx_word' id='word_1_286' title='bbox 1162 2808 1268 2839; x_wconf 70' lang='lat' dir='ltr'><strong>Natus</strong></span> <span class='ocrx_word' id='word_1_287' title='bbox 1294 2806 1417 2837; x_wconf 79' lang='lat' dir='ltr'><strong>oberrat</strong></span> <span class='ocrx_word' id='word_1_288' title='bbox 1447 2804 1624 2846; x_wconf 78' lang='lat' dir='ltr'><strong>Interpres]</strong></span> <span class='ocrx_word' id='word_1_289' title='bbox 1646 2805 1725 2837; x_wconf 88' lang='lat' dir='ltr'><strong>Mu·</strong></span> 
     </span>
     <span class='ocr_line' id='line_1_58' title="bbox 1033 2853 1724 2896; baseline -0.006 -5"><span class='ocrx_word' id='word_1_290' title='bbox 1033 2868 1143 2891; x_wconf 80' lang='lat' dir='ltr'><strong>saeus:</strong></span> <span class='ocrx_word' id='word_1_291' title='bbox 1168 2856 1305 2896; x_wconf 84' lang='grc' dir='ltr'>Νεύμασι</span> <span class='ocrx_word' id='word_1_292' title='bbox 1321 2853 1497 2895; x_wconf 78' lang='grc' dir='ltr'>λαθριδίοισι</span> <span class='ocrx_word' id='word_1_293' title='bbox 1517 2853 1724 2895; x_wconf 79' lang='grc' dir='ltr'>παραπλάζων</span> 
     </span>
    </p>
   </div>
  </div>
 </body>
</html>
