<?xml version="1.0" encoding="UTF-8"?>
<!DOCTYPE html PUBLIC "-//W3C//DTD XHTML 1.0 Transitional//EN"
    "http://www.w3.org/TR/xhtml1/DTD/xhtml1-transitional.dtd">
<html xmlns="http://www.w3.org/1999/xhtml" xml:lang="en" lang="en">
 <head>
  <title>
</title>
<meta http-equiv="Content-Type" content="text/html;charset=utf-8" />
  <meta name='ocr-system' content='tesseract 3.04.00' />
  <meta name='ocr-capabilities' content='ocr_page ocr_carea ocr_par ocr_line ocrx_word'/>
</head>
<body>
  <div class='ocr_page' id='page_1' title='image "./dictyscretensise02dictuoft_0208.png"; bbox 0 0 1889 3194; ppageno 0'>
   <div class='ocr_carea' id='block_1_1' title="bbox 285 382 370 423">
    <p class='ocr_par' dir='ltr' id='par_1_1' title="bbox 285 382 370 423">
     <span class='ocr_line' id='line_1_1' title="bbox 285 382 370 423; baseline 0.012 -1"><span class='ocrx_word' id='word_1_1' title='bbox 285 382 370 423; x_wconf 88' lang='grc'>550</span> 
     </span>
    </p>
   </div>
   <div class='ocr_carea' id='block_1_2' title="bbox 808 391 1208 423">
    <p class='ocr_par' dir='ltr' id='par_1_2' title="bbox 808 391 1208 423">
     <span class='ocr_line' id='line_1_2' title="bbox 808 391 1208 423; baseline -0.005 0"><span class='ocrx_word' id='word_1_2' title='bbox 808 392 1008 423; x_wconf 81' lang='lat' dir='ltr'>JOSEPHI</span> <span class='ocrx_word' id='word_1_3' title='bbox 1042 391 1208 423; x_wconf 84' lang='lat' dir='ltr'>ISCANI</span> 
     </span>
    </p>
   </div>
   <div class='ocr_carea' id='block_1_3' title="bbox 286 487 1475 675">
    <p class='ocr_par' dir='ltr' id='par_1_3' title="bbox 286 487 1475 675">
     <span class='ocr_line' id='line_1_3' title="bbox 287 487 1475 541; baseline 0.002 -13"><span class='ocrx_word' id='word_1_4' title='bbox 287 487 435 528; x_wconf 86' lang='lat' dir='ltr'>Unam</span> <span class='ocrx_word' id='word_1_5' title='bbox 456 500 593 541; x_wconf 86' lang='lat' dir='ltr'>passa</span> <span class='ocrx_word' id='word_1_6' title='bbox 614 500 804 537; x_wconf 90' lang='lat' dir='ltr'>manum,</span> <span class='ocrx_word' id='word_1_7' title='bbox 821 500 910 528; x_wconf 89' lang='lat' dir='ltr'>non</span> <span class='ocrx_word' id='word_1_8' title='bbox 930 487 1071 527; x_wconf 87' lang='lat' dir='ltr'>ferrea</span> <span class='ocrx_word' id='word_1_9' title='bbox 1090 491 1218 527; x_wconf 85' lang='lat' dir='ltr'>scuta</span> <span class='ocrx_word' id='word_1_10' title='bbox 1239 488 1475 541; x_wconf 86' lang='lat' dir='ltr'>superbum</span> 
     </span>
     <span class='ocr_line' id='line_1_4' title="bbox 286 553 1291 607; baseline 0.001 -12"><span class='ocrx_word' id='word_1_11' title='bbox 286 553 505 595; x_wconf 88' lang='lat' dir='ltr'>Velavere</span> <span class='ocrx_word' id='word_1_12' title='bbox 526 555 659 604; x_wconf 84' lang='lat' dir='ltr'>latus,</span> <span class='ocrx_word' id='word_1_13' title='bbox 680 554 774 595; x_wconf 89' lang='lat' dir='ltr'>sive</span> <span class='ocrx_word' id='word_1_14' title='bbox 795 554 873 594; x_wconf 88' lang='lat' dir='ltr'>has</span> <span class='ocrx_word' id='word_1_15' title='bbox 891 554 1058 595; x_wconf 86' lang='lat' dir='ltr'>bellare</span> <span class='ocrx_word' id='word_1_16' title='bbox 1081 560 1291 607; x_wconf 87' lang='lat' dir='ltr'>proterva</span> 
     </span>
     <span class='ocr_line' id='line_1_5' title="bbox 287 621 1339 675; baseline -0.002 -12"><span class='ocrx_word' id='word_1_17' title='bbox 287 621 397 663; x_wconf 90' lang='lat' dir='ltr'>Non</span> <span class='ocrx_word' id='word_1_18' title='bbox 418 622 514 663; x_wconf 88' lang='lat' dir='ltr'>tulit</span> <span class='ocrx_word' id='word_1_19' title='bbox 532 622 596 662; x_wconf 89' lang='lat' dir='ltr'>ira</span> <span class='ocrx_word' id='word_1_20' title='bbox 614 634 775 670; x_wconf 87' lang='lat' dir='ltr'>moras,</span> <span class='ocrx_word' id='word_1_21' title='bbox 797 634 877 661; x_wconf 90' lang='lat' dir='ltr'>seu</span> <span class='ocrx_word' id='word_1_22' title='bbox 908 622 998 662; x_wconf 79' lang='lat' dir='ltr'>lato</span> <span class='ocrx_word' id='word_1_23' title='bbox 1019 621 1213 675; x_wconf 86' lang='lat' dir='ltr'>pectoris</span> <span class='ocrx_word' id='word_1_24' title='bbox 1234 621 1339 662; x_wconf 84' lang='lat' dir='ltr'>orbe</span> 
     </span>
    </p>
   </div>
   <div class='ocr_carea' id='block_1_4' title="bbox 287 687 1322 738">
    <p class='ocr_par' dir='ltr' id='par_1_4' title="bbox 287 687 1322 738">
     <span class='ocr_line' id='line_1_6' title="bbox 287 687 1322 738; baseline 0 -10"><span class='ocrx_word' id='word_1_25' title='bbox 287 687 345 728; x_wconf 89' lang='lat' dir='ltr'>Se</span> <span class='ocrx_word' id='word_1_26' title='bbox 360 691 498 730; x_wconf 86' lang='lat' dir='ltr'>totum</span> <span class='ocrx_word' id='word_1_27' title='bbox 519 689 702 729; x_wconf 87' lang='lat' dir='ltr'>latuisse</span> <span class='ocrx_word' id='word_1_28' title='bbox 722 691 866 729; x_wconf 87' lang='lat' dir='ltr'>ratus:</span> <span class='ocrx_word' id='word_1_29' title='bbox 899 688 964 728; x_wconf 92' lang='lat' dir='ltr'>sic</span> <span class='ocrx_word' id='word_1_30' title='bbox 983 689 1114 730; x_wconf 83' lang='lat' dir='ltr'>saevit</span> <span class='ocrx_word' id='word_1_31' title='bbox 1134 689 1322 738; x_wconf 90' lang='lat' dir='ltr'>inermis,</span> 
     </span>
    </p>
   </div>
   <div class='ocr_carea' id='block_1_5' title="bbox 1647 689 1733 730">
    <p class='ocr_par' dir='ltr' id='par_1_5' title="bbox 1647 689 1733 730">
     <span class='ocr_line' id='line_1_7' title="bbox 1647 689 1733 730; baseline -0.012 0"><span class='ocrx_word' id='word_1_32' title='bbox 1647 689 1733 730; x_wconf 82' lang='lat'>505</span> 
     </span>
    </p>
   </div>
   <div class='ocr_carea' id='block_1_6' title="bbox 285 754 1592 1011">
    <p class='ocr_par' dir='ltr' id='par_1_6' title="bbox 285 754 1592 1011">
     <span class='ocr_line' id='line_1_8' title="bbox 288 754 1361 809; baseline 0 -14"><span class='ocrx_word' id='word_1_33' title='bbox 288 756 363 796; x_wconf 90' lang='lat' dir='ltr'>Sic</span> <span class='ocrx_word' id='word_1_34' title='bbox 382 756 539 809; x_wconf 87' lang='lat' dir='ltr'><strong>premit</strong></span> <span class='ocrx_word' id='word_1_35' title='bbox 559 759 775 796; x_wconf 87' lang='lat' dir='ltr'>armatos:</span> <span class='ocrx_word' id='word_1_36' title='bbox 807 759 997 796; x_wconf 88' lang='lat' dir='ltr'>maturat</span> <span class='ocrx_word' id='word_1_37' title='bbox 1018 754 1109 796; x_wconf 87' lang='lat' dir='ltr'>fata</span> <span class='ocrx_word' id='word_1_38' title='bbox 1130 755 1361 796; x_wconf 81' lang='lat' dir='ltr'>cadentum</span> 
     </span>
     <span class='ocr_line' id='line_1_9' title="bbox 285 821 1382 874; baseline 0.002 -13"><span class='ocrx_word' id='word_1_39' title='bbox 285 821 462 869; x_wconf 84' lang='lat' dir='ltr'>Terror,</span> <span class='ocrx_word' id='word_1_40' title='bbox 478 827 523 862; x_wconf 88' lang='lat' dir='ltr'>et</span> <span class='ocrx_word' id='word_1_41' title='bbox 542 822 714 874; x_wconf 87' lang='lat' dir='ltr'>ignavis</span> <span class='ocrx_word' id='word_1_42' title='bbox 730 835 848 863; x_wconf 87' lang='lat' dir='ltr'>mors</span> <span class='ocrx_word' id='word_1_43' title='bbox 872 827 939 863; x_wconf 88' lang='lat' dir='ltr'>est</span> <span class='ocrx_word' id='word_1_44' title='bbox 961 823 1127 863; x_wconf 89' lang='lat' dir='ltr'>vidisse</span> <span class='ocrx_word' id='word_1_45' title='bbox 1147 823 1382 863; x_wconf 87' lang='lat' dir='ltr'>furentem.</span> 
     </span>
     <span class='ocr_line' id='line_1_10' title="bbox 287 888 1592 944; baseline 0.002 -15"><span class='ocrx_word' id='word_1_46' title='bbox 287 888 424 929; x_wconf 90' lang='lat' dir='ltr'>Hunc</span> <span class='ocrx_word' id='word_1_47' title='bbox 445 889 575 930; x_wconf 87' lang='lat' dir='ltr'>Paris</span> <span class='ocrx_word' id='word_1_48' title='bbox 596 889 780 930; x_wconf 84' lang='lat' dir='ltr'>intuitus</span> <span class='ocrx_word' id='word_1_49' title='bbox 801 891 982 942; x_wconf 88' lang='lat' dir='ltr'>paulum</span> <span class='ocrx_word' id='word_1_50' title='bbox 1003 890 1154 939; x_wconf 85' lang='lat' dir='ltr'>haeret,</span> <span class='ocrx_word' id='word_1_51' title='bbox 1171 903 1224 930; x_wconf 88' lang='lat' dir='ltr'>an</span> <span class='ocrx_word' id='word_1_52' title='bbox 1246 903 1350 930; x_wconf 87' lang='lat' dir='ltr'>ense</span> <span class='ocrx_word' id='word_1_53' title='bbox 1371 893 1592 944; x_wconf 88' lang='lat' dir='ltr'>sequatur,</span> 
     </span>
     <span class='ocr_line' id='line_1_11' title="bbox 286 955 1379 1011; baseline 0.001 -15"><span class='ocrx_word' id='word_1_54' title='bbox 286 955 361 996; x_wconf 87' lang='lat' dir='ltr'>An</span> <span class='ocrx_word' id='word_1_55' title='bbox 375 955 549 1009; x_wconf 86' lang='lat' dir='ltr'>jaculo:</span> <span class='ocrx_word' id='word_1_56' title='bbox 573 957 752 997; x_wconf 89' lang='lat' dir='ltr'>tandem</span> <span class='ocrx_word' id='word_1_57' title='bbox 773 956 996 1011; x_wconf 82' lang='lat' dir='ltr'>Gortynia</span> <span class='ocrx_word' id='word_1_58' title='bbox 1018 957 1107 998; x_wconf 87' lang='lat' dir='ltr'>tela</span> <span class='ocrx_word' id='word_1_59' title='bbox 1135 970 1379 1006; x_wconf 87' lang='lat' dir='ltr'>resumens,</span> 
     </span>
    </p>
   </div>
   <div class='ocr_carea' id='block_1_7' title="bbox 287 1023 1499 1078">
    <p class='ocr_par' dir='ltr' id='par_1_7' title="bbox 287 1023 1499 1078">
     <span class='ocr_line' id='line_1_12' title="bbox 287 1023 1499 1078; baseline 0 -14"><span class='ocrx_word' id='word_1_60' title='bbox 287 1023 380 1064; x_wconf 91' lang='lat' dir='ltr'>Hic</span> <span class='ocrx_word' id='word_1_61' title='bbox 403 1025 508 1076; x_wconf 79' lang='lat' dir='ltr'>quia</span> <span class='ocrx_word' id='word_1_62' title='bbox 529 1027 651 1065; x_wconf 89' lang='lat' dir='ltr'>certa</span> <span class='ocrx_word' id='word_1_63' title='bbox 670 1037 841 1073; x_wconf 90' lang='lat' dir='ltr'>manus,</span> <span class='ocrx_word' id='word_1_64' title='bbox 863 1029 907 1065; x_wconf 89' lang='lat' dir='ltr'>et</span> <span class='ocrx_word' id='word_1_65' title='bbox 927 1037 1148 1078; x_wconf 89' lang='lat' dir='ltr'>nunquam</span> <span class='ocrx_word' id='word_1_66' title='bbox 1168 1024 1300 1066; x_wconf 84' lang='lat' dir='ltr'>surda</span> <span class='ocrx_word' id='word_1_67' title='bbox 1317 1023 1499 1074; x_wconf 86' lang='lat' dir='ltr'>volenti,</span> 
     </span>
    </p>
   </div>
   <div class='ocr_carea' id='block_1_8' title="bbox 1650 1023 1735 1065">
    <p class='ocr_par' dir='ltr' id='par_1_8' title="bbox 1650 1023 1735 1065">
     <span class='ocr_line' id='line_1_13' title="bbox 1650 1023 1735 1065; baseline -0.012 0"><span class='ocrx_word' id='word_1_68' title='bbox 1650 1023 1735 1065; x_wconf 82' lang='lat'>510</span> 
     </span>
    </p>
   </div>
   <div class='ocr_carea' id='block_1_9' title="bbox 287 1090 1421 1345">
    <p class='ocr_par' dir='ltr' id='par_1_9' title="bbox 287 1090 1421 1345">
     <span class='ocr_line' id='line_1_14' title="bbox 288 1090 1407 1146; baseline -0.002 -13"><span class='ocrx_word' id='word_1_69' title='bbox 288 1091 512 1146; x_wconf 90' lang='lat' dir='ltr'>Corython</span> <span class='ocrx_word' id='word_1_70' title='bbox 528 1090 684 1133; x_wconf 86' lang='lat' dir='ltr'>viduat</span> <span class='ocrx_word' id='word_1_71' title='bbox 703 1104 822 1141; x_wconf 85' lang='lat' dir='ltr'>arcu,</span> <span class='ocrx_word' id='word_1_72' title='bbox 844 1091 1183 1145; x_wconf 83' lang='lat' dir='ltr'>pharetramque</span> <span class='ocrx_word' id='word_1_73' title='bbox 1206 1092 1379 1144; x_wconf 87' lang='lat' dir='ltr'>sagittis</span> <span class='ocrx_word' id='word_1_74' title='bbox 1397 1105 1407 1142; x_wconf 82' lang='lat'>3</span> 
     </span>
     <span class='ocr_line' id='line_1_15' title="bbox 287 1158 1406 1212; baseline -0.002 -12"><span class='ocrx_word' id='word_1_75' title='bbox 287 1158 454 1200; x_wconf 82' lang='lat' dir='ltr'>Arcum</span> <span class='ocrx_word' id='word_1_76' title='bbox 475 1159 592 1200; x_wconf 85' lang='lat' dir='ltr'>laeva</span> <span class='ocrx_word' id='word_1_77' title='bbox 606 1160 780 1212; x_wconf 88' lang='lat' dir='ltr'>premit,</span> <span class='ocrx_word' id='word_1_78' title='bbox 801 1159 985 1200; x_wconf 87' lang='lat' dir='ltr'>intendit</span> <span class='ocrx_word' id='word_1_79' title='bbox 1006 1158 1189 1201; x_wconf 84' lang='lat' dir='ltr'>dextera</span> <span class='ocrx_word' id='word_1_80' title='bbox 1211 1172 1406 1208; x_wconf 88' lang='lat' dir='ltr'>nervum,</span> 
     </span>
     <span class='ocr_line' id='line_1_16' title="bbox 290 1225 1421 1281; baseline -0.001 -14"><span class='ocrx_word' id='word_1_81' title='bbox 290 1225 491 1279; x_wconf 82' lang='lat' dir='ltr'>Utraque</span> <span class='ocrx_word' id='word_1_82' title='bbox 513 1226 743 1280; x_wconf 87' lang='lat' dir='ltr'>suspendit</span> <span class='ocrx_word' id='word_1_83' title='bbox 764 1227 917 1276; x_wconf 90' lang='lat' dir='ltr'>telum,</span> <span class='ocrx_word' id='word_1_84' title='bbox 939 1227 1226 1281; x_wconf 87' lang='lat' dir='ltr'>insidensque</span> <span class='ocrx_word' id='word_1_85' title='bbox 1249 1227 1421 1278; x_wconf 80' lang='lat' dir='ltr'>sagittae</span> 
     </span>
     <span class='ocr_line' id='line_1_17' title="bbox 289 1293 1370 1345; baseline -0.002 -11"><span class='ocrx_word' id='word_1_86' title='bbox 289 1293 461 1334; x_wconf 87' lang='lat' dir='ltr'>Ductor</span> <span class='ocrx_word' id='word_1_87' title='bbox 475 1293 519 1333; x_wconf 89' lang='lat' dir='ltr'>in</span> <span class='ocrx_word' id='word_1_88' title='bbox 539 1296 772 1345; x_wconf 85' lang='lat' dir='ltr'>angustum</span> <span class='ocrx_word' id='word_1_89' title='bbox 793 1294 916 1334; x_wconf 93' lang='lat' dir='ltr'>visus</span> <span class='ocrx_word' id='word_1_90' title='bbox 937 1293 1056 1335; x_wconf 82' lang='lat' dir='ltr'>coit:</span> <span class='ocrx_word' id='word_1_91' title='bbox 1088 1294 1182 1335; x_wconf 88' lang='lat' dir='ltr'>ibat</span> <span class='ocrx_word' id='word_1_92' title='bbox 1201 1293 1370 1335; x_wconf 87' lang='lat' dir='ltr'>arundo</span> 
     </span>
    </p>
   </div>
   <div class='ocr_carea' id='block_1_10' title="bbox 286 1359 1519 1414">
    <p class='ocr_par' dir='ltr' id='par_1_10' title="bbox 286 1359 1519 1414">
     <span class='ocr_line' id='line_1_18' title="bbox 286 1359 1519 1414; baseline -0.002 -14"><span class='ocrx_word' id='word_1_93' title='bbox 286 1359 408 1400; x_wconf 88' lang='lat' dir='ltr'>Hinc</span> <span class='ocrx_word' id='word_1_94' title='bbox 429 1360 584 1413; x_wconf 90' lang='lat' dir='ltr'>pennis</span> <span class='ocrx_word' id='word_1_95' title='bbox 605 1364 760 1414; x_wconf 90' lang='lat' dir='ltr'>pectus</span> <span class='ocrx_word' id='word_1_96' title='bbox 784 1364 980 1412; x_wconf 79' lang='lat' dir='ltr'>tangens,</span> <span class='ocrx_word' id='word_1_97' title='bbox 1001 1360 1103 1401; x_wconf 86' lang='lat' dir='ltr'>hinc</span> <span class='ocrx_word' id='word_1_98' title='bbox 1126 1361 1310 1414; x_wconf 88' lang='lat' dir='ltr'>cuspide</span> <span class='ocrx_word' id='word_1_99' title='bbox 1330 1361 1487 1401; x_wconf 80' lang='lat' dir='ltr'>laevam</span> <span class='ocrx_word' id='word_1_100' title='bbox 1507 1371 1519 1397; x_wconf 72' lang='grc' dir='ltr'>ε</span> 
     </span>
    </p>
   </div>
   <div class='ocr_carea' id='block_1_11' title="bbox 1653 1358 1739 1399">
    <p class='ocr_par' dir='ltr' id='par_1_11' title="bbox 1653 1358 1739 1399">
     <span class='ocr_line' id='line_1_19' title="bbox 1653 1358 1739 1399; baseline -0.012 0"><span class='ocrx_word' id='word_1_101' title='bbox 1653 1358 1739 1399; x_wconf 88' lang='grc'>515</span> 
     </span>
    </p>
   </div>
   <div class='ocr_carea' id='block_1_12' title="bbox 287 1427 1438 1681">
    <p class='ocr_par' dir='ltr' id='par_1_12' title="bbox 287 1427 1438 1548">
     <span class='ocr_line' id='line_1_20' title="bbox 287 1427 1438 1480; baseline 0 -12"><span class='ocrx_word' id='word_1_102' title='bbox 287 1427 477 1480; x_wconf 85' lang='lat' dir='ltr'>Jamque</span> <span class='ocrx_word' id='word_1_103' title='bbox 498 1440 673 1468; x_wconf 88' lang='lat' dir='ltr'>emensa</span> <span class='ocrx_word' id='word_1_104' title='bbox 693 1428 854 1480; x_wconf 83' lang='lat' dir='ltr'>fugam,</span> <span class='ocrx_word' id='word_1_105' title='bbox 875 1428 998 1469; x_wconf 87' lang='lat' dir='ltr'>lateri</span> <span class='ocrx_word' id='word_1_106' title='bbox 1017 1428 1226 1469; x_wconf 85' lang='lat' dir='ltr'>insidiata</span> <span class='ocrx_word' id='word_1_107' title='bbox 1248 1429 1438 1477; x_wconf 87' lang='lat' dir='ltr'>sinistro,</span> 
     </span>
     <span class='ocr_line' id='line_1_21' title="bbox 289 1494 1303 1548; baseline 0.001 -13"><span class='ocrx_word' id='word_1_108' title='bbox 289 1494 399 1548; x_wconf 84' lang='lat' dir='ltr'>Ipsa</span> <span class='ocrx_word' id='word_1_109' title='bbox 418 1499 560 1535; x_wconf 83' lang='lat' dir='ltr'>morte</span> <span class='ocrx_word' id='word_1_110' title='bbox 580 1495 752 1546; x_wconf 83' lang='lat' dir='ltr'>madet3</span> <span class='ocrx_word' id='word_1_111' title='bbox 782 1496 858 1535; x_wconf 91' lang='lat' dir='ltr'>sed</span> <span class='ocrx_word' id='word_1_112' title='bbox 878 1494 1024 1548; x_wconf 79' lang='lat' dir='ltr'>juncti</span> <span class='ocrx_word' id='word_1_113' title='bbox 1043 1496 1203 1548; x_wconf 84' lang='lat' dir='ltr'>frigora</span> <span class='ocrx_word' id='word_1_114' title='bbox 1224 1496 1303 1536; x_wconf 92' lang='lat' dir='ltr'>leti</span> 
     </span>
    </p>

    <p class='ocr_par' dir='ltr' id='par_1_13' title="bbox 289 1561 1378 1681">
     <span class='ocr_line' id='line_1_22' title="bbox 289 1561 1378 1611; baseline -0.001 -10"><span class='ocrx_word' id='word_1_115' title='bbox 289 1561 364 1601; x_wconf 85' lang='lat' dir='ltr'>Ira</span> <span class='ocrx_word' id='word_1_116' title='bbox 385 1561 540 1602; x_wconf 88' lang='lat' dir='ltr'>ardens</span> <span class='ocrx_word' id='word_1_117' title='bbox 561 1562 717 1610; x_wconf 87' lang='lat' dir='ltr'>nescit,</span> <span class='ocrx_word' id='word_1_118' title='bbox 740 1562 896 1611; x_wconf 89' lang='lat' dir='ltr'>donec,</span> <span class='ocrx_word' id='word_1_119' title='bbox 918 1562 1017 1602; x_wconf 88' lang='lat' dir='ltr'>suso</span> <span class='ocrx_word' id='word_1_120' title='bbox 1040 1562 1177 1611; x_wconf 90' lang='lat' dir='ltr'>hoste,</span> <span class='ocrx_word' id='word_1_121' title='bbox 1196 1561 1378 1602; x_wconf 87' lang='lat' dir='ltr'>furentis</span> 
     </span>
     <span class='ocr_line' id='line_1_23' title="bbox 290 1626 1262 1681; baseline -0.001 -14"><span class='ocrx_word' id='word_1_122' title='bbox 290 1626 442 1668; x_wconf 82' lang='lat' dir='ltr'>Ultrix</span> <span class='ocrx_word' id='word_1_123' title='bbox 461 1632 703 1681; x_wconf 81' lang='lat' dir='ltr'>tempestas</span> <span class='ocrx_word' id='word_1_124' title='bbox 725 1629 856 1669; x_wconf 87' lang='lat' dir='ltr'>animi</span> <span class='ocrx_word' id='word_1_125' title='bbox 877 1629 1038 1669; x_wconf 85' lang='lat' dir='ltr'>satiata</span> <span class='ocrx_word' id='word_1_126' title='bbox 1059 1628 1262 1681; x_wconf 89' lang='lat' dir='ltr'>quiescit.</span> 
     </span>
    </p>
   </div>
   <div class='ocr_carea' id='block_1_13' title="bbox 291 1693 1320 1748">
    <p class='ocr_par' dir='ltr' id='par_1_14' title="bbox 291 1693 1320 1748">
     <span class='ocr_line' id='line_1_24' title="bbox 291 1693 1320 1748; baseline 0.002 -14"><span class='ocrx_word' id='word_1_127' title='bbox 291 1693 367 1735; x_wconf 90' lang='lat' dir='ltr'>Sic</span> <span class='ocrx_word' id='word_1_128' title='bbox 391 1694 571 1736; x_wconf 81' lang='lat' dir='ltr'>dextros</span> <span class='ocrx_word' id='word_1_129' title='bbox 591 1695 637 1734; x_wconf 91' lang='lat' dir='ltr'>in</span> <span class='ocrx_word' id='word_1_130' title='bbox 658 1698 762 1736; x_wconf 76' lang='lat' dir='ltr'>vota</span> <span class='ocrx_word' id='word_1_131' title='bbox 786 1695 924 1745; x_wconf 79' lang='lat' dir='ltr'>Deos,</span> <span class='ocrx_word' id='word_1_132' title='bbox 955 1696 1208 1748; x_wconf 87' lang='lat' dir='ltr'>alternaque</span> <span class='ocrx_word' id='word_1_133' title='bbox 1229 1694 1320 1736; x_wconf 84' lang='lat' dir='ltr'>fata</span> 
     </span>
    </p>
   </div>
   <div class='ocr_carea' id='block_1_14' title="bbox 1655 1694 1739 1736">
    <p class='ocr_par' dir='ltr' id='par_1_15' title="bbox 1655 1694 1739 1736">
     <span class='ocr_line' id='line_1_25' title="bbox 1655 1694 1739 1736; baseline 0.012 -1"><span class='ocrx_word' id='word_1_134' title='bbox 1655 1694 1739 1736; x_wconf 75' lang='lat'>520</span> 
     </span>
    </p>
   </div>
   <div class='ocr_carea' id='block_1_15' title="bbox 944 1803 1085 1835">
    <p class='ocr_par' dir='ltr' id='par_1_16' title="bbox 944 1803 1085 1835">
     <span class='ocr_line' id='line_1_26' title="bbox 944 1803 1085 1835; baseline -0.007 0"><span class='ocrx_word' id='word_1_135' title='bbox 944 1803 1085 1835; x_wconf 78' lang='lat' dir='ltr'>NOTAE</span> 
     </span>
    </p>
   </div>
   <div class='ocr_carea' id='block_1_16' title="bbox 290 1876 997 2819">
    <p class='ocr_par' dir='ltr' id='par_1_17' title="bbox 290 1876 989 2168">
     <span class='ocr_line' id='line_1_27' title="bbox 333 1876 988 1917; baseline 0 -9"><span class='ocrx_word' id='word_1_136' title='bbox 333 1879 395 1908; x_wconf 75' lang='lat'>504</span> <span class='ocrx_word' id='word_1_137' title='bbox 419 1876 483 1907; x_wconf 81' lang='lat' dir='ltr'>Seu</span> <span class='ocrx_word' id='word_1_138' title='bbox 508 1877 571 1907; x_wconf 75' lang='lat' dir='ltr'>lato</span> <span class='ocrx_word' id='word_1_139' title='bbox 595 1878 726 1917; x_wconf 77' lang='lat' dir='ltr'>pectoris</span> <span class='ocrx_word' id='word_1_140' title='bbox 741 1878 810 1909; x_wconf 81' lang='lat' dir='ltr'>orbe</span> <span class='ocrx_word' id='word_1_141' title='bbox 829 1878 867 1908; x_wconf 86' lang='lat' dir='ltr'>Se</span> <span class='ocrx_word' id='word_1_142' title='bbox 890 1881 988 1909; x_wconf 77' lang='lat' dir='ltr'>totum</span> 
     </span>
     <span class='ocr_line' id='line_1_28' title="bbox 291 1925 989 1968; baseline 0.004 -12"><span class='ocrx_word' id='word_1_143' title='bbox 291 1928 418 1957; x_wconf 81' lang='lat' dir='ltr'>latuisse</span> <span class='ocrx_word' id='word_1_144' title='bbox 429 1925 530 1965; x_wconf 79' lang='lat' dir='ltr'>ratas]</span> <span class='ocrx_word' id='word_1_145' title='bbox 555 1927 692 1966; x_wconf 81' lang='lat' dir='ltr'>Mugilis</span> <span class='ocrx_word' id='word_1_146' title='bbox 707 1928 779 1958; x_wconf 80' lang='lat' dir='ltr'>haec</span> <span class='ocrx_word' id='word_1_147' title='bbox 792 1933 842 1958; x_wconf 84' lang='lat' dir='ltr'>est</span> <span class='ocrx_word' id='word_1_148' title='bbox 859 1928 989 1968; x_wconf 85' lang='lat' dir='ltr'>ineptia</span> 
     </span>
     <span class='ocr_line' id='line_1_29' title="bbox 292 1976 988 2018; baseline 0.001 -11"><span class='ocrx_word' id='word_1_149' title='bbox 292 1981 328 2007; x_wconf 89' lang='lat' dir='ltr'>et</span> <span class='ocrx_word' id='word_1_150' title='bbox 353 1976 629 2012; x_wconf 82' lang='lat' dir='ltr'>struthiocameli,</span> <span class='ocrx_word' id='word_1_151' title='bbox 652 1977 708 2017; x_wconf 91' lang='lat' dir='ltr'>qui</span> <span class='ocrx_word' id='word_1_152' title='bbox 728 1978 842 2017; x_wconf 86' lang='lat' dir='ltr'>capite</span> <span class='ocrx_word' id='word_1_153' title='bbox 868 1982 988 2018; x_wconf 88' lang='lat' dir='ltr'>operto</span> 
     </span>
     <span class='ocr_line' id='line_1_30' title="bbox 293 2026 989 2067; baseline 0.004 -11"><span class='ocrx_word' id='word_1_154' title='bbox 293 2026 402 2056; x_wconf 88' lang='lat' dir='ltr'>credit</span> <span class='ocrx_word' id='word_1_155' title='bbox 422 2027 544 2066; x_wconf 89' lang='lat' dir='ltr'>latere,</span> <span class='ocrx_word' id='word_1_156' title='bbox 558 2036 633 2066; x_wconf 82' lang='lat' dir='ltr'>quae</span> <span class='ocrx_word' id='word_1_157' title='bbox 650 2036 717 2057; x_wconf 91' lang='lat' dir='ltr'>non</span> <span class='ocrx_word' id='word_1_158' title='bbox 740 2028 812 2067; x_wconf 84' lang='lat' dir='ltr'>ipse</span> <span class='ocrx_word' id='word_1_159' title='bbox 831 2027 933 2064; x_wconf 83' lang='lat' dir='ltr'>videt,</span> <span class='ocrx_word' id='word_1_160' title='bbox 951 2034 989 2059; x_wconf 91' lang='lat' dir='ltr'>ut</span> 
     </span>
     <span class='ocr_line' id='line_1_31' title="bbox 293 2075 988 2118; baseline 0.004 -12"><span class='ocrx_word' id='word_1_161' title='bbox 293 2075 471 2107; x_wconf 87' lang='lat' dir='ltr'>Claudian.</span> <span class='ocrx_word' id='word_1_162' title='bbox 486 2084 526 2106; x_wconf 86' lang='lat' dir='ltr'>n.</span> <span class='ocrx_word' id='word_1_163' title='bbox 550 2076 582 2106; x_wconf 90' lang='lat' dir='ltr'>in</span> <span class='ocrx_word' id='word_1_164' title='bbox 599 2076 801 2116; x_wconf 78' lang='lat' dir='ltr'>Eutropium</span> <span class='ocrx_word' id='word_1_165' title='bbox 830 2077 988 2118; x_wconf 89' lang='lat' dir='ltr'>loquitur.</span> 
     </span>
     <span class='ocr_line' id='line_1_32' title="bbox 290 2124 961 2168; baseline 0.006 -13"><span class='ocrx_word' id='word_1_166' title='bbox 290 2124 381 2155; x_wconf 69' lang='lat' dir='ltr'>vide</span> <span class='ocrx_word' id='word_1_167' title='bbox 399 2125 595 2165; x_wconf 88' lang='lat' dir='ltr'>Oppianum</span> <span class='ocrx_word' id='word_1_168' title='bbox 614 2125 767 2157; x_wconf 84' lang='lat' dir='ltr'>Halieut.</span> <span class='ocrx_word' id='word_1_169' title='bbox 780 2136 827 2157; x_wconf 86' lang='grc' dir='ltr'>ιν.</span> <span class='ocrx_word' id='word_1_170' title='bbox 845 2131 961 2168; x_wconf 81' lang='lat' dir='ltr'>p-630.</span> 
     </span>
    </p>

    <p class='ocr_par' dir='ltr' id='par_1_18' title="bbox 292 2174 997 2819">
     <span class='ocr_line' id='line_1_33' title="bbox 334 2174 989 2216; baseline 0.006 -12"><span class='ocrx_word' id='word_1_171' title='bbox 334 2174 413 2214; x_wconf 85' lang='grc'>510]</span> <span class='ocrx_word' id='word_1_172' title='bbox 431 2175 526 2205; x_wconf 84' lang='lat' dir='ltr'>Certa</span> <span class='ocrx_word' id='word_1_173' title='bbox 544 2184 661 2215; x_wconf 84' lang='lat' dir='ltr'>manus,</span> <span class='ocrx_word' id='word_1_174' title='bbox 677 2179 706 2205; x_wconf 85' lang='lat' dir='ltr'>et</span> <span class='ocrx_word' id='word_1_175' title='bbox 726 2186 881 2216; x_wconf 79' lang='lat' dir='ltr'>nunquam</span> <span class='ocrx_word' id='word_1_176' title='bbox 896 2179 989 2208; x_wconf 80' lang='lat' dir='ltr'>surda</span> 
     </span>
     <span class='ocr_line' id='line_1_34' title="bbox 292 2224 989 2266; baseline 0.003 -11"><span class='ocrx_word' id='word_1_177' title='bbox 292 2224 422 2264; x_wconf 76' lang='lat' dir='ltr'>volenti]</span> <span class='ocrx_word' id='word_1_178' title='bbox 447 2224 501 2255; x_wconf 85' lang='lat' dir='ltr'>Sic</span> <span class='ocrx_word' id='word_1_179' title='bbox 517 2229 608 2262; x_wconf 82' lang='lat' dir='ltr'>ante,</span> <span class='ocrx_word' id='word_1_180' title='bbox 632 2226 642 2241; x_wconf 80' lang='lat'><strong>⁴</strong></span> <span class='ocrx_word' id='word_1_181' title='bbox 658 2225 750 2256; x_wconf 87' lang='lat' dir='ltr'>surdi</span> <span class='ocrx_word' id='word_1_182' title='bbox 776 2231 850 2257; x_wconf 84' lang='lat' dir='ltr'>rota</span> <span class='ocrx_word' id='word_1_183' title='bbox 868 2232 989 2266; x_wconf 73' lang='lat' dir='ltr'>praete·</span> 
     </span>
     <span class='ocr_line' id='line_1_35' title="bbox 294 2274 990 2317; baseline 0.006 -12"><span class='ocrx_word' id='word_1_184' title='bbox 294 2276 338 2306; x_wconf 86' lang='lat' dir='ltr'>rit</span> <span class='ocrx_word' id='word_1_185' title='bbox 352 2274 448 2306; x_wconf 83' lang='lat' dir='ltr'>axis.’</span> <span class='ocrx_word' id='word_1_186' title='bbox 491 2275 634 2306; x_wconf 86' lang='lat' dir='ltr'>Homeri</span> <span class='ocrx_word' id='word_1_187' title='bbox 658 2282 710 2306; x_wconf 87' lang='lat' dir='ltr'>est</span> <span class='ocrx_word' id='word_1_188' title='bbox 734 2278 932 2317; x_wconf 80' lang='lat' dir='ltr'>metaphora</span> <span class='ocrx_word' id='word_1_189' title='bbox 947 2278 990 2310; x_wconf 93' lang='lat' dir='ltr'>Il.</span> 
     </span>
     <span class='ocr_line' id='line_1_36' title="bbox 293 2324 992 2366; baseline 0.006 -11"><span class='ocrx_word' id='word_1_190' title='bbox 293 2330 333 2356; x_wconf 88' lang='grc' dir='ltr'>Δ.</span> <span class='ocrx_word' id='word_1_191' title='bbox 356 2324 470 2364; x_wconf 78' lang='grc' dir='ltr'>Κωφὺν</span> <span class='ocrx_word' id='word_1_192' title='bbox 496 2325 555 2365; x_wconf 78' lang='grc' dir='ltr'>’γὰρ</span> <span class='ocrx_word' id='word_1_193' title='bbox 576 2324 672 2361; x_wconf 80' lang='grc' dir='ltr'>βέλος</span> <span class='ocrx_word' id='word_1_194' title='bbox 695 2325 802 2366; x_wconf 78' lang='grc' dir='ltr'>ἀνδρὸς</span> <span class='ocrx_word' id='word_1_195' title='bbox 827 2326 992 2359; x_wconf 80' lang='grc' dir='ltr'>ἀνάλκιδος</span> 
     </span>
     <span class='ocr_line' id='line_1_37' title="bbox 295 2376 991 2416; baseline 0.003 -10"><span class='ocrx_word' id='word_1_196' title='bbox 295 2376 478 2406; x_wconf 83' lang='grc' dir='ltr'>οὐτιδανοῖο.</span> <span class='ocrx_word' id='word_1_197' title='bbox 523 2376 682 2415; x_wconf 84' lang='lat' dir='ltr'>Propert.</span> <span class='ocrx_word' id='word_1_198' title='bbox 704 2383 712 2394; x_wconf 80' lang='lat'><strong>⁴</strong></span> <span class='ocrx_word' id='word_1_199' title='bbox 731 2377 841 2416; x_wconf 82' lang='lat' dir='ltr'>Ipsius</span> <span class='ocrx_word' id='word_1_200' title='bbox 859 2378 922 2408; x_wconf 88' lang='lat' dir='ltr'>tibi</span> <span class='ocrx_word' id='word_1_201' title='bbox 947 2379 991 2409; x_wconf 86' lang='lat' dir='ltr'>sit</span> 
     </span>
     <span class='ocr_line' id='line_1_38' title="bbox 296 2426 991 2467; baseline 0.003 -10"><span class='ocrx_word' id='word_1_202' title='bbox 296 2426 397 2457; x_wconf 85' lang='lat' dir='ltr'>surda</span> <span class='ocrx_word' id='word_1_203' title='bbox 413 2427 485 2457; x_wconf 89' lang='lat' dir='ltr'>sine</span> <span class='ocrx_word' id='word_1_204' title='bbox 500 2430 574 2456; x_wconf 85' lang='lat' dir='ltr'>arte</span> <span class='ocrx_word' id='word_1_205' title='bbox 599 2426 694 2467; x_wconf 65' lang='lat' dir='ltr'>lyra!</span> <span class='ocrx_word' id='word_1_206' title='bbox 710 2436 761 2458; x_wconf 80' lang='lat' dir='ltr'>iv.</span> <span class='ocrx_word' id='word_1_207' title='bbox 778 2427 903 2467; x_wconf 83' lang='lat' dir='ltr'>Papin.</span> <span class='ocrx_word' id='word_1_208' title='bbox 926 2437 991 2460; x_wconf 88' lang='lat' dir='ltr'>xv.</span> 
     </span>
     <span class='ocr_line' id='line_1_39' title="bbox 297 2477 993 2518; baseline 0.004 -10"><span class='ocrx_word' id='word_1_209' title='bbox 297 2480 306 2495; x_wconf 90' lang='lat'>‘</span> <span class='ocrx_word' id='word_1_210' title='bbox 319 2483 354 2509; x_wconf 91' lang='lat' dir='ltr'>et</span> <span class='ocrx_word' id='word_1_211' title='bbox 370 2477 490 2508; x_wconf 82' lang='lat' dir='ltr'>surdos</span> <span class='ocrx_word' id='word_1_212' title='bbox 505 2478 648 2518; x_wconf 86' lang='lat' dir='ltr'>expedit</span> <span class='ocrx_word' id='word_1_213' title='bbox 662 2478 783 2509; x_wconf 83' lang='lat' dir='ltr'>arcus.&#39;</span> <span class='ocrx_word' id='word_1_214' title='bbox 825 2480 834 2496; x_wconf 89' lang='lat'>‘</span> <span class='ocrx_word' id='word_1_215' title='bbox 846 2479 993 2511; x_wconf 84' lang='lat' dir='ltr'>Surdum</span> 
     </span>
     <span class='ocr_line' id='line_1_40' title="bbox 297 2527 992 2569; baseline 0.004 -11"><span class='ocrx_word' id='word_1_216' title='bbox 297 2528 479 2569; x_wconf 82' lang='lat' dir='ltr'>figurarum</span> <span class='ocrx_word' id='word_1_217' title='bbox 515 2527 719 2560; x_wconf 82' lang='lat' dir='ltr'>discrimen.’</span> <span class='ocrx_word' id='word_1_218' title='bbox 778 2529 910 2560; x_wconf 81' lang='lat' dir='ltr'>Plinius</span> <span class='ocrx_word' id='word_1_219' title='bbox 948 2530 992 2562; x_wconf 89' lang='lat' dir='ltr'>de</span> 
     </span>
     <span class='ocr_line' id='line_1_41' title="bbox 298 2578 993 2620; baseline 0.001 -11"><span class='ocrx_word' id='word_1_220' title='bbox 298 2579 418 2610; x_wconf 85' lang='lat' dir='ltr'>statuis</span> <span class='ocrx_word' id='word_1_221' title='bbox 435 2579 468 2610; x_wconf 92' lang='lat' dir='ltr'>in</span> <span class='ocrx_word' id='word_1_222' title='bbox 485 2578 624 2609; x_wconf 85' lang='lat' dir='ltr'>alterius</span> <span class='ocrx_word' id='word_1_223' title='bbox 639 2578 797 2610; x_wconf 85' lang='lat' dir='ltr'>honorem</span> <span class='ocrx_word' id='word_1_224' title='bbox 817 2579 993 2620; x_wconf 80' lang='lat' dir='ltr'>transfigu-</span> 
     </span>
     <span class='ocr_line' id='line_1_42' title="bbox 296 2629 996 2661; baseline 0.003 -2"><span class='ocrx_word' id='word_1_225' title='bbox 296 2630 391 2660; x_wconf 85' lang='lat' dir='ltr'>ratis.</span> <span class='ocrx_word' id='word_1_226' title='bbox 434 2629 534 2660; x_wconf 88' lang='lat' dir='ltr'>Silius</span> <span class='ocrx_word' id='word_1_227' title='bbox 551 2637 588 2660; x_wconf 90' lang='lat' dir='ltr'>x.</span> <span class='ocrx_word' id='word_1_228' title='bbox 612 2629 621 2645; x_wconf 91' lang='lat'>‘</span> <span class='ocrx_word' id='word_1_229' title='bbox 637 2634 793 2660; x_wconf 88' lang='lat' dir='ltr'>votorum</span> <span class='ocrx_word' id='word_1_230' title='bbox 810 2630 899 2661; x_wconf 80' lang='lat' dir='ltr'>haud</span> <span class='ocrx_word' id='word_1_231' title='bbox 924 2640 996 2661; x_wconf 82' lang='lat' dir='ltr'>sur-</span> 
     </span>
     <span class='ocr_line' id='line_1_43' title="bbox 298 2677 997 2711; baseline 0.003 -2"><span class='ocrx_word' id='word_1_232' title='bbox 298 2678 341 2709; x_wconf 84' lang='lat' dir='ltr'>da</span> <span class='ocrx_word' id='word_1_233' title='bbox 365 2688 516 2709; x_wconf 90' lang='lat' dir='ltr'>meorum</span> <span class='ocrx_word' id='word_1_234' title='bbox 537 2677 643 2709; x_wconf 88' lang='lat' dir='ltr'>Arma</span> <span class='ocrx_word' id='word_1_235' title='bbox 669 2679 780 2709; x_wconf 76' lang='lat' dir='ltr'>electa</span> <span class='ocrx_word' id='word_1_236' title='bbox 802 2678 918 2710; x_wconf 59' lang='lat' dir='ltr'>dicat?</span> <span class='ocrx_word' id='word_1_237' title='bbox 945 2688 997 2711; x_wconf 84' lang='lat' dir='ltr'>xr.</span> 
     </span>
     <span class='ocr_line' id='line_1_44' title="bbox 297 2728 997 2768; baseline 0.001 -9"><span class='ocrx_word' id='word_1_238' title='bbox 297 2729 307 2745; x_wconf 90' lang='lat'>‘</span> <span class='ocrx_word' id='word_1_239' title='bbox 325 2729 541 2768; x_wconf 83' lang='lat' dir='ltr'>Flagrantem</span> <span class='ocrx_word' id='word_1_240' title='bbox 565 2734 603 2759; x_wconf 86' lang='lat' dir='ltr'>ut</span> <span class='ocrx_word' id='word_1_241' title='bbox 632 2728 718 2760; x_wconf 88' lang='lat' dir='ltr'>vidit</span> <span class='ocrx_word' id='word_1_242' title='bbox 735 2728 899 2768; x_wconf 82' lang='lat' dir='ltr'>juvenem</span> <span class='ocrx_word' id='word_1_243' title='bbox 927 2739 997 2761; x_wconf 87' lang='lat' dir='ltr'>sur-</span> 
     </span>
     <span class='ocr_line' id='line_1_45' title="bbox 295 2776 598 2819; baseline 0 -11"><span class='ocrx_word' id='word_1_244' title='bbox 295 2777 444 2819; x_wconf 86' lang='lat' dir='ltr'>dumque</span> <span class='ocrx_word' id='word_1_245' title='bbox 461 2776 598 2809; x_wconf 69' lang='lat' dir='ltr'>timori:</span> 
     </span>
    </p>
   </div>
   <div class='ocr_carea' id='block_1_17' title="bbox 300 2827 1002 2967">
    <p class='ocr_par' dir='ltr' id='par_1_19' title="bbox 300 2827 1002 2967">
     <span class='ocr_line' id='line_1_46' title="bbox 341 2827 998 2869; baseline 0.008 -13"><span class='ocrx_word' id='word_1_246' title='bbox 341 2830 402 2857; x_wconf 85' lang='lat'>511</span> <span class='ocrx_word' id='word_1_247' title='bbox 423 2827 582 2867; x_wconf 69' lang='lat' dir='ltr'>Cor-ymon</span> <span class='ocrx_word' id='word_1_248' title='bbox 590 2827 697 2858; x_wconf 74' lang='lat' dir='ltr'>viduae</span> <span class='ocrx_word' id='word_1_249' title='bbox 707 2829 798 2869; x_wconf 79' lang='lat' dir='ltr'>arcu]</span> <span class='ocrx_word' id='word_1_250' title='bbox 813 2828 998 2869; x_wconf 72' lang='lat' dir='ltr'>Papimlx.</span> 
     </span>
     <span class='ocr_line' id='line_1_47' title="bbox 300 2876 1002 2917; baseline 0.006 -12"><span class='ocrx_word' id='word_1_251' title='bbox 300 2876 309 2891; x_wconf 95' lang='lat'>‘</span> <span class='ocrx_word' id='word_1_252' title='bbox 329 2876 521 2906; x_wconf 76' lang='lat' dir='ltr'>coelestibus</span> <span class='ocrx_word' id='word_1_253' title='bbox 549 2876 669 2915; x_wconf 87' lang='lat' dir='ltr'>implet</span> <span class='ocrx_word' id='word_1_254' title='bbox 699 2877 873 2917; x_wconf 82' lang='lat' dir='ltr'>Corython</span> <span class='ocrx_word' id='word_1_255' title='bbox 900 2879 1002 2910; x_wconf 84' lang='lat' dir='ltr'>telis.&#39;</span> 
     </span>
     <span class='ocr_line' id='line_1_48' title="bbox 302 2923 998 2967; baseline 0.006 -12"><span class='ocrx_word' id='word_1_256' title='bbox 302 2925 503 2956; x_wconf 85' lang='lat' dir='ltr'>Luctatius:</span> <span class='ocrx_word' id='word_1_257' title='bbox 537 2923 727 2965; x_wconf 79' lang='lat' dir='ltr'>‘Corythus</span> <span class='ocrx_word' id='word_1_258' title='bbox 758 2927 859 2958; x_wconf 85' lang='lat' dir='ltr'>theca</span> <span class='ocrx_word' id='word_1_259' title='bbox 888 2937 998 2967; x_wconf 81' lang='lat' dir='ltr'>arcuS,</span> 
     </span>
    </p>
   </div>
   <div class='ocr_carea' id='block_1_18' title="bbox 1040 1877 1745 2911">
    <p class='ocr_par' dir='ltr' id='par_1_20' title="bbox 1040 1877 1740 2010">
     <span class='ocr_line' id='line_1_49' title="bbox 1041 1877 1739 1919; baseline 0 -10"><span class='ocrx_word' id='word_1_260' title='bbox 1041 1878 1201 1919; x_wconf 81' lang='lat' dir='ltr'>pharetra</span> <span class='ocrx_word' id='word_1_261' title='bbox 1231 1877 1442 1917; x_wconf 81' lang='lat' dir='ltr'>sagittarum,</span> <span class='ocrx_word' id='word_1_262' title='bbox 1472 1886 1589 1917; x_wconf 86' lang='lat' dir='ltr'>sagma</span> <span class='ocrx_word' id='word_1_263' title='bbox 1625 1878 1739 1909; x_wconf 66' lang='lat' dir='ltr'>scuti!</span> 
     </span>
     <span class='ocr_line' id='line_1_50' title="bbox 1040 1927 1740 1969; baseline -0.001 -10"><span class='ocrx_word' id='word_1_264' title='bbox 1040 1929 1208 1969; x_wconf 85' lang='lat' dir='ltr'>Papinius</span> <span class='ocrx_word' id='word_1_265' title='bbox 1231 1929 1264 1959; x_wconf 93' lang='lat' dir='ltr'>id</span> <span class='ocrx_word' id='word_1_266' title='bbox 1288 1927 1454 1968; x_wconf 79' lang='lat' dir='ltr'>neglexit,</span> <span class='ocrx_word' id='word_1_267' title='bbox 1481 1927 1607 1958; x_wconf 84' lang='lat' dir='ltr'>Noster</span> <span class='ocrx_word' id='word_1_268' title='bbox 1623 1927 1740 1959; x_wconf 82' lang='lat' dir='ltr'>obser·</span> 
     </span>
     <span class='ocr_line' id='line_1_51' title="bbox 1047 1983 1117 2010; baseline -0.014 0"><span class='ocrx_word' id='word_1_269' title='bbox 1047 1983 1117 2010; x_wconf 89' lang='lat' dir='ltr'>vat.</span> 
     </span>
    </p>

    <p class='ocr_par' dir='ltr' id='par_1_21' title="bbox 1041 2026 1745 2911">
     <span class='ocr_line' id='line_1_52' title="bbox 1083 2026 1737 2068; baseline -0.003 -9"><span class='ocrx_word' id='word_1_270' title='bbox 1083 2031 1145 2059; x_wconf 87' lang='grc'>517</span> <span class='ocrx_word' id='word_1_271' title='bbox 1172 2027 1244 2068; x_wconf 78' lang='lat' dir='ltr'>Ipsa</span> <span class='ocrx_word' id='word_1_272' title='bbox 1265 2030 1363 2058; x_wconf 84' lang='lat' dir='ltr'>morte</span> <span class='ocrx_word' id='word_1_273' title='bbox 1386 2026 1505 2067; x_wconf 84' lang='lat' dir='ltr'>madet]</span> <span class='ocrx_word' id='word_1_274' title='bbox 1526 2026 1618 2067; x_wconf 88' lang='lat' dir='ltr'>Ajax</span> <span class='ocrx_word' id='word_1_275' title='bbox 1646 2026 1737 2058; x_wconf 77' lang='grc' dir='ltr'>αὐτό-</span> 
     </span>
     <span class='ocr_line' id='line_1_53' title="bbox 1041 2077 1739 2120; baseline -0.001 -11"><span class='ocrx_word' id='word_1_276' title='bbox 1041 2090 1111 2120; x_wconf 84' lang='grc' dir='ltr'>χειρ</span> <span class='ocrx_word' id='word_1_277' title='bbox 1130 2078 1244 2109; x_wconf 86' lang='lat' dir='ltr'>multis</span> <span class='ocrx_word' id='word_1_278' title='bbox 1263 2078 1396 2109; x_wconf 86' lang='lat' dir='ltr'>Graecis</span> <span class='ocrx_word' id='word_1_279' title='bbox 1413 2083 1448 2108; x_wconf 89' lang='lat' dir='ltr'>et</span> <span class='ocrx_word' id='word_1_280' title='bbox 1463 2077 1592 2109; x_wconf 86' lang='lat' dir='ltr'>Latinis</span> <span class='ocrx_word' id='word_1_281' title='bbox 1608 2078 1739 2118; x_wconf 86' lang='lat' dir='ltr'>procla—</span> 
     </span>
     <span class='ocr_line' id='line_1_54' title="bbox 1042 2125 1739 2169; baseline -0.004 -9"><span class='ocrx_word' id='word_1_282' title='bbox 1042 2134 1166 2168; x_wconf 82' lang='lat' dir='ltr'>matus,</span> <span class='ocrx_word' id='word_1_283' title='bbox 1189 2128 1278 2169; x_wconf 88' lang='lat' dir='ltr'>qnod</span> <span class='ocrx_word' id='word_1_284' title='bbox 1302 2127 1398 2168; x_wconf 88' lang='lat' dir='ltr'>pueri</span> <span class='ocrx_word' id='word_1_285' title='bbox 1421 2126 1546 2158; x_wconf 85' lang='lat' dir='ltr'>sciunt.</span> <span class='ocrx_word' id='word_1_286' title='bbox 1591 2125 1739 2159; x_wconf 84' lang='lat' dir='ltr'>Quidam</span> 
     </span>
     <span class='ocr_line' id='line_1_55' title="bbox 1043 2176 1741 2217; baseline -0.006 -6"><span class='ocrx_word' id='word_1_287' title='bbox 1043 2186 1157 2211; x_wconf 86' lang='lat' dir='ltr'>tamen</span> <span class='ocrx_word' id='word_1_288' title='bbox 1183 2180 1216 2209; x_wconf 89' lang='lat' dir='ltr'>in</span> <span class='ocrx_word' id='word_1_289' title='bbox 1245 2178 1414 2209; x_wconf 81' lang='lat' dir='ltr'>diversam</span> <span class='ocrx_word' id='word_1_290' title='bbox 1438 2181 1569 2217; x_wconf 83' lang='lat' dir='ltr'>partem</span> <span class='ocrx_word' id='word_1_291' title='bbox 1589 2176 1741 2215; x_wconf 81' lang='lat' dir='ltr'>abeunt3</span> 
     </span>
     <span class='ocr_line' id='line_1_56' title="bbox 1043 2226 1741 2271; baseline -0.006 -10"><span class='ocrx_word' id='word_1_292' title='bbox 1043 2230 1130 2262; x_wconf 85' lang='lat' dir='ltr'>bene</span> <span class='ocrx_word' id='word_1_293' title='bbox 1156 2229 1253 2271; x_wconf 83' lang='lat' dir='ltr'>gnari</span> <span class='ocrx_word' id='word_1_294' title='bbox 1275 2229 1417 2260; x_wconf 85' lang='lat' dir='ltr'>Graecos</span> <span class='ocrx_word' id='word_1_295' title='bbox 1440 2228 1508 2258; x_wconf 86' lang='lat' dir='ltr'>suis</span> <span class='ocrx_word' id='word_1_296' title='bbox 1534 2226 1690 2258; x_wconf 84' lang='lat' dir='ltr'>laudibus</span> <span class='ocrx_word' id='word_1_297' title='bbox 1705 2232 1741 2258; x_wconf 88' lang='lat' dir='ltr'>et</span> 
     </span>
     <span class='ocr_line' id='line_1_57' title="bbox 1045 2277 1740 2312; baseline -0.004 -1"><span class='ocrx_word' id='word_1_298' title='bbox 1045 2290 1154 2312; x_wconf 85' lang='lat' dir='ltr'>scenae</span> <span class='ocrx_word' id='word_1_299' title='bbox 1184 2280 1326 2310; x_wconf 90' lang='lat' dir='ltr'>multum</span> <span class='ocrx_word' id='word_1_300' title='bbox 1354 2277 1512 2309; x_wconf 79' lang='lat' dir='ltr'>dedisse:</span> <span class='ocrx_word' id='word_1_301' title='bbox 1537 2277 1573 2309; x_wconf 90' lang='lat' dir='ltr'>id</span> <span class='ocrx_word' id='word_1_302' title='bbox 1604 2277 1740 2308; x_wconf 86' lang='lat' dir='ltr'>abunde</span> 
     </span>
     <span class='ocr_line' id='line_1_58' title="bbox 1044 2329 1741 2372; baseline -0.004 -10"><span class='ocrx_word' id='word_1_303' title='bbox 1044 2331 1219 2372; x_wconf 88' lang='lat' dir='ltr'>Sophoclis</span> <span class='ocrx_word' id='word_1_304' title='bbox 1249 2330 1418 2370; x_wconf 76' lang='lat' dir='ltr'>interpres</span> <span class='ocrx_word' id='word_1_305' title='bbox 1444 2329 1554 2361; x_wconf 90' lang='lat' dir='ltr'>innuit</span> <span class='ocrx_word' id='word_1_306' title='bbox 1580 2329 1614 2360; x_wconf 91' lang='lat' dir='ltr'>in</span> <span class='ocrx_word' id='word_1_307' title='bbox 1643 2337 1741 2368; x_wconf 82' lang='lat' dir='ltr'>argu-</span> 
     </span>
     <span class='ocr_line' id='line_1_59' title="bbox 1044 2378 1743 2422; baseline -0.006 -9"><span class='ocrx_word' id='word_1_308' title='bbox 1044 2386 1159 2413; x_wconf 85' lang='lat' dir='ltr'>mento</span> <span class='ocrx_word' id='word_1_309' title='bbox 1183 2379 1300 2422; x_wconf 82' lang='lat' dir='ltr'>Ajacis</span> <span class='ocrx_word' id='word_1_310' title='bbox 1322 2379 1456 2410; x_wconf 88' lang='lat' dir='ltr'>lorarii:</span> <span class='ocrx_word' id='word_1_311' title='bbox 1481 2378 1625 2419; x_wconf 88' lang='lat' dir='ltr'>primum</span> <span class='ocrx_word' id='word_1_312' title='bbox 1651 2379 1743 2410; x_wconf 88' lang='lat' dir='ltr'>enim</span> 
     </span>
     <span class='ocr_line' id='line_1_60' title="bbox 1046 2428 1740 2470; baseline -0.006 -7"><span class='ocrx_word' id='word_1_313' title='bbox 1046 2441 1088 2462; x_wconf 90' lang='lat' dir='ltr'>ex</span> <span class='ocrx_word' id='word_1_314' title='bbox 1105 2432 1244 2462; x_wconf 87' lang='lat' dir='ltr'>aliorum</span> <span class='ocrx_word' id='word_1_315' title='bbox 1262 2429 1419 2470; x_wconf 83' lang='lat' dir='ltr'>opinione</span> <span class='ocrx_word' id='word_1_316' title='bbox 1438 2439 1457 2460; x_wconf 89' lang='lat' dir='ltr'>a</span> <span class='ocrx_word' id='word_1_317' title='bbox 1475 2428 1597 2460; x_wconf 84' lang='lat' dir='ltr'>Paride</span> <span class='ocrx_word' id='word_1_318' title='bbox 1612 2428 1740 2460; x_wconf 80' lang='lat' dir='ltr'>saucia-</span> 
     </span>
     <span class='ocr_line' id='line_1_61' title="bbox 1046 2478 1742 2521; baseline -0.004 -9"><span class='ocrx_word' id='word_1_319' title='bbox 1046 2487 1131 2521; x_wconf 84' lang='lat' dir='ltr'>tum,</span> <span class='ocrx_word' id='word_1_320' title='bbox 1155 2481 1364 2521; x_wconf 86' lang='lat' dir='ltr'>multumque</span> <span class='ocrx_word' id='word_1_321' title='bbox 1387 2479 1584 2519; x_wconf 79' lang='lat' dir='ltr'>sanguinem</span> <span class='ocrx_word' id='word_1_322' title='bbox 1611 2478 1742 2510; x_wconf 87' lang='lat' dir='ltr'>stillan-</span> 
     </span>
     <span class='ocr_line' id='line_1_62' title="bbox 1046 2527 1740 2563; baseline -0.007 0"><span class='ocrx_word' id='word_1_323' title='bbox 1046 2537 1116 2563; x_wconf 86' lang='lat' dir='ltr'>tem</span> <span class='ocrx_word' id='word_1_324' title='bbox 1133 2532 1173 2563; x_wconf 84' lang='lat' dir='ltr'>ad</span> <span class='ocrx_word' id='word_1_325' title='bbox 1187 2540 1288 2562; x_wconf 85' lang='lat' dir='ltr'>naves</span> <span class='ocrx_word' id='word_1_326' title='bbox 1301 2529 1515 2561; x_wconf 81' lang='lat' dir='ltr'>contendisse</span> <span class='ocrx_word' id='word_1_327' title='bbox 1532 2529 1600 2559; x_wconf 87' lang='lat' dir='ltr'>ait:</span> <span class='ocrx_word' id='word_1_328' title='bbox 1617 2527 1740 2559; x_wconf 90' lang='lat' dir='ltr'>deinde</span> 
     </span>
     <span class='ocr_line' id='line_1_63' title="bbox 1047 2576 1742 2613; baseline -0.009 0"><span class='ocrx_word' id='word_1_329' title='bbox 1047 2583 1119 2613; x_wconf 82' lang='lat' dir='ltr'>luto</span> <span class='ocrx_word' id='word_1_330' title='bbox 1133 2582 1289 2613; x_wconf 80' lang='lat' dir='ltr'>obrutum</span> <span class='ocrx_word' id='word_1_331' title='bbox 1305 2579 1487 2613; x_wconf 84' lang='lat' dir='ltr'>interiisse,</span> <span class='ocrx_word' id='word_1_332' title='bbox 1497 2587 1573 2609; x_wconf 85' lang='lat' dir='ltr'>cum</span> <span class='ocrx_word' id='word_1_333' title='bbox 1588 2576 1680 2609; x_wconf 82' lang='lat' dir='ltr'>ferro</span> <span class='ocrx_word' id='word_1_334' title='bbox 1692 2577 1742 2608; x_wconf 88' lang='lat' dir='ltr'>in-</span> 
     </span>
     <span class='ocr_line' id='line_1_64' title="bbox 1048 2627 1742 2668; baseline -0.007 -5"><span class='ocrx_word' id='word_1_335' title='bbox 1048 2631 1266 2663; x_wconf 89' lang='lat' dir='ltr'>vulnerabilis</span> <span class='ocrx_word' id='word_1_336' title='bbox 1279 2634 1382 2661; x_wconf 90' lang='lat' dir='ltr'>esset.</span> <span class='ocrx_word' id='word_1_337' title='bbox 1415 2627 1523 2658; x_wconf 88' lang='lat' dir='ltr'>Addit</span> <span class='ocrx_word' id='word_1_338' title='bbox 1536 2627 1640 2658; x_wconf 86' lang='lat' dir='ltr'>etiam</span> <span class='ocrx_word' id='word_1_339' title='bbox 1653 2628 1742 2668; x_wconf 85' lang='lat' dir='ltr'>quod</span> 
     </span>
     <span class='ocr_line' id='line_1_65' title="bbox 1046 2676 1744 2721; baseline -0.004 -10"><span class='ocrx_word' id='word_1_340' title='bbox 1046 2681 1110 2712; x_wconf 80' lang='lat' dir='ltr'>liuc</span> <span class='ocrx_word' id='word_1_341' title='bbox 1127 2685 1272 2721; x_wconf 89' lang='lat' dir='ltr'>spectat,</span> <span class='ocrx_word' id='word_1_342' title='bbox 1293 2682 1421 2709; x_wconf 82' lang='lat' dir='ltr'>tantum</span> <span class='ocrx_word' id='word_1_343' title='bbox 1445 2676 1478 2707; x_wconf 89' lang='lat' dir='ltr'>in</span> <span class='ocrx_word' id='word_1_344' title='bbox 1503 2676 1611 2707; x_wconf 84' lang='lat' dir='ltr'>latere</span> <span class='ocrx_word' id='word_1_345' title='bbox 1628 2676 1744 2708; x_wconf 87' lang='lat' dir='ltr'>vulne-</span> 
     </span>
     <span class='ocr_line' id='line_1_66' title="bbox 1047 2725 1745 2771; baseline -0.004 -11"><span class='ocrx_word' id='word_1_346' title='bbox 1047 2731 1114 2761; x_wconf 88' lang='lat' dir='ltr'>rari</span> <span class='ocrx_word' id='word_1_347' title='bbox 1133 2729 1295 2771; x_wconf 83' lang='lat' dir='ltr'>potuisse,</span> <span class='ocrx_word' id='word_1_348' title='bbox 1308 2734 1450 2767; x_wconf 85' lang='lat' dir='ltr'>corpore</span> <span class='ocrx_word' id='word_1_349' title='bbox 1466 2725 1598 2766; x_wconf 87' lang='lat' dir='ltr'>reliquo</span> <span class='ocrx_word' id='word_1_350' title='bbox 1615 2726 1745 2758; x_wconf 86' lang='lat' dir='ltr'>Hercu-</span> 
     </span>
     <span class='ocr_line' id='line_1_67' title="bbox 1046 2775 1741 2817; baseline -0.003 -7"><span class='ocrx_word' id='word_1_351' title='bbox 1046 2780 1087 2810; x_wconf 93' lang='lat' dir='ltr'>lis</span> <span class='ocrx_word' id='word_1_352' title='bbox 1104 2780 1237 2810; x_wconf 84' lang='lat' dir='ltr'>leonina</span> <span class='ocrx_word' id='word_1_353' title='bbox 1252 2779 1400 2809; x_wconf 83' lang='lat' dir='ltr'>intecto:</span> <span class='ocrx_word' id='word_1_354' title='bbox 1425 2775 1514 2817; x_wconf 85' lang='lat' dir='ltr'>quod</span> <span class='ocrx_word' id='word_1_355' title='bbox 1532 2776 1633 2807; x_wconf 85' lang='lat' dir='ltr'>etiam</span> <span class='ocrx_word' id='word_1_356' title='bbox 1651 2777 1741 2817; x_wconf 90' lang='lat' dir='ltr'>apud</span> 
     </span>
     <span class='ocr_line' id='line_1_68' title="bbox 1048 2826 1741 2868; baseline -0.004 -7"><span class='ocrx_word' id='word_1_357' title='bbox 1048 2831 1293 2862; x_wconf 81' lang='lat' dir='ltr'>Philostratum</span> <span class='ocrx_word' id='word_1_358' title='bbox 1316 2826 1440 2868; x_wconf 87' lang='lat' dir='ltr'>legitur</span> <span class='ocrx_word' id='word_1_359' title='bbox 1464 2836 1499 2867; x_wconf 81' lang='lat' dir='ltr'>p.</span> <span class='ocrx_word' id='word_1_360' title='bbox 1514 2829 1590 2859; x_wconf 86' lang='grc'>691.</span> <span class='ocrx_word' id='word_1_361' title='bbox 1619 2827 1653 2859; x_wconf 90' lang='lat' dir='ltr'>in</span> <span class='ocrx_word' id='word_1_362' title='bbox 1670 2827 1741 2859; x_wconf 85' lang='lat' dir='ltr'>He·</span> 
     </span>
     <span class='ocr_line' id='line_1_69' title="bbox 1048 2889 1161 2911; baseline 0.009 -1"><span class='ocrx_word' id='word_1_363' title='bbox 1048 2889 1161 2911; x_wconf 78' lang='lat' dir='ltr'>reicis.</span> 
     </span>
    </p>
   </div>
  </div>
 </body>
</html>
