1889 3194
265 308 349 349 374

784 317 986 349 JOSEPHI
1022 318 1186 349 lscANt

267 412 435 452 Ornatu
457 414 661 453 contenta
687 410 797 461 rudi,
816 412 916 465 plus
935 412 1104 460 robore,
1134 411 1254 452 cultu

267 478 375 519 Fisa
395 478 554 529 minus,
572 479 726 532 paucis
747 479 854 519 exul
875 479 1120 532 peregrinat
1140 478 1184 518 in
1207 477 1351 518 armis.

267 545 475 587 Nondum
496 558 617 587 saeva
639 546 761 586 Deos
783 550 915 599 ponto
935 544 1154 597 objectare
1175 547 1378 584 natantes

265 612 458 666 Religio,
479 626 564 653 non
583 612 705 653 fluxa
725 612 818 652 sinu
836 617 1029 652 tumuere
1050 610 1247 651 secundo

265 678 486 721 Carbasa:
516 679 695 720 delicias
717 678 794 718 dat
811 677 1045 718 fastiditior
1065 689 1192 725 usus,

264 745 551 800 Exornatque
573 758 696 785 suum
719 744 891 784 novitas
912 756 1097 797 operosa
1118 742 1346 795 periclum.

265 812 413 854 Prima
434 813 607 867 inopem
626 814 757 866 pinus
780 812 943 853 cultum
966 823 1055 863 quo
1074 810 1221 850 stabat
1241 810 1284 850 in
1312 809 1470 850 Haemo

869 949 986 960 eeeeee

306 1039 347 1067 76
373 1036 512 1068 Recurro
530 1037 596 1067 Ms.
614 1046 719 1077 marg.

990 948 1104 960 aeaeaeaeaeae

916 1131 1055 1163 NOTAE

261 1208 325 1238 nisi
343 1207 384 1238 ad
402 1207 496 1238 Brali
512 1206 601 1238 illius
618 1206 803 1238 fabulosam
826 1206 958 1246 naviga-

262 1259 386 1288 tionem
403 1256 631 1288 divertamus?
655 1267 754 1297 quam
771 1265 834 1288 nec
851 1257 957 1297 ipsam

260 1307 455 1348 indignatus
472 1312 536 1346 est,
561 1306 587 1337 si
610 1307 661 1337 vel
687 1312 878 1338 commento
900 1316 958 1347 po-

262 1365 392 1387 namuS.
425 1355 512 1386 Vide
539 1356 641 1386 etiam
666 1355 898 1387 Cambdenum
924 1355 958 1386 in

262 1405 439 1436 Britannia
455 1407 528 1435 187.

305 1457 346 1486 74
363 1455 481 1485 Paucis
496 1455 568 1485 exul
586 1455 767 1494 peregrinat
791 1455 824 1485 in
850 1454 960 1494 armis]

263 1504 486 1545 Peregrinum
508 1508 542 1535 et
568 1504 630 1535 hoc
657 1504 791 1535 videtur
808 1515 827 1535 a
846 1506 959 1545 lingua

266 1555 404 1586 Latina:
431 1556 475 1585 ita
492 1552 580 1584 infra
593 1556 669 1584 238.
686 1554 695 1571 ‘
709 1553 845 1585 blandos
863 1564 960 1595 pere-

262 1605 375 1644 grinat
392 1604 424 1634 iu
441 1602 543 1639 usus‚'
557 1606 632 1634 526.
649 1603 659 1619 ‘
677 1603 742 1634 alio
766 1604 960 1643 peregrinat

263 1654 305 1685 ab
322 1652 403 1684 orbe
417 1653 437 1681 ε’
451 1651 603 1693 ἀρχαΐζει,
619 1657 654 1684 ut
675 1653 781 1684 multa
798 1654 885 1694 apud
905 1663 961 1684 ve-

264 1710 364 1735 teres.
399 1703 521 1743 varro,
551 1705 561 1720 ‘
574 1703 805 1743 discedimus,’
817 1713 878 1745 pro
894 1704 960 1735 dis-

262 1753 437 1793 cessimus,
465 1754 474 1770 ‘
494 1753 752 1794 contemplare‚'
774 1755 783 1771 ‘
804 1754 962 1792 imitare,’

260 1804 429 1836 ‘mirare.’
452 1805 617 1840 Tibullus,
643 1805 653 1822 ‘
668 1805 873 1845 atteruisse‚'
899 1816 961 1847 pro

262 1855 447 1887 attrivisse.
484 1855 622 1886 Sallust.
644 1854 894 1896 ‘Occannere,'
920 1857 961 1887 ab

263 1906 414 1938 Oceano.
447 1904 592 1935 Plautus
614 1905 660 1936 ita
689 1910 697 1922 ‘
711 1905 840 1944 lactat‚’
871 1906 881 1923 ‘
894 1915 961 1936 am·

262 1954 417 1996 plector'
438 1956 623 1991 παθητικῶς,
647 1959 684 1985 ut
706 1960 742 1986 et
769 1956 963 1986 Petronius.

263 2007 400 2038 Lucret.
415 2006 424 2022 ‘
435 2004 563 2036 minat.9
573 2004 730 2041 Ovidius,
745 2009 754 2023 ‘
766 2004 884 2036 funera
896 2015 961 2037 non

264 2055 376 2096 potuit
398 2054 573 2094 comitare,
592 2063 656 2085 nec
675 2064 802 2095 ungere
826 2066 961 2096 corpuS,

262 2107 314 2137 Te
330 2104 411 2136 nihil
427 2103 570 2136 exacto)
620 2103 731 2145 Idem,
756 2105 765 2122 ‘
777 2110 813 2136 et
835 2105 890 2146 qui
908 2115 961 2136 co-

263 2155 398 2187 mitavit
420 2152 593 2186 Oresten!
631 2154 687 2185 Ita
702 2155 861 2195 Propert.
881 2156 961 2187 item

264 2207 273 2223 ‘
292 2205 419 2236 ominat
431 2203 455 2235 τ’
487 2203 585 2244 Virg.
617 2204 626 2221 ‘
642 2205 788 2236 nutritor
817 2204 961 2236 olivam.’

262 2256 272 2272 ‘
286 2254 398 2285 fontes
411 2252 599 2285 avertitur-³
622 2252 750 2286 Arnob.
767 2257 775 2272 ‘
785 2264 826 2285 ex
838 2255 962 2286 acumi-

266 2304 363 2335 nibus
387 2302 593 2344 auspicatis!
636 2303 775 2335 Verrius
796 2304 961 2335 Flaccus:

265 2355 274 2371 ⁴
289 2350 500 2390 Abominor,’
518 2360 604 2391 pass.
642 2351 804 2393 Propert.
827 2352 837 2370 ‘
849 2353 897 2384 sic
908 2354 963 2394 ju-

266 2403 342 2434 veni
361 2401 478 2443 grata‚’
494 2401 581 2442 quod
598 2401 723 2442 Scalig.
739 2407 801 2442 est,
817 2408 965 2443 gratare.

265 2453 322 2484 Ita
352 2450 548 2490 ‘cremant,’
575 2455 584 2468 ‘
601 2450 755 2491 mutant,’
783 2455 792 2469 ⁶
806 2452 966 2488 vertunt,'

268 2502 277 2518 ‘
289 2511 379 2533 mare
394 2499 533 2540 turbat,'
547 2499 718 2541 ‘excitat,'
735 2511 796 2541 pro
812 2502 965 2543 passivis,

268 2556 304 2583 et
315 2555 478 2582 sexcenta
487 2550 563 2585 alia,
577 2559 717 2591 quorum
731 2551 860 2591 sylvam
873 2551 965 2582 vide·

269 2601 314 2631 sis
331 2600 420 2639 apud
437 2599 649 2630 Priscianum
665 2609 745 2631 vni.
760 2600 803 2631 de
820 2611 966 2632 commu-

269 2651 380 2690 nibus,
405 2649 555 2680 Nonium
578 2649 620 2680 de
641 2650 819 2681 contrariis
836 2652 967 2692 generi-

271 2699 334 2731 bus
365 2698 553 2737 verborum,
580 2699 732 2739 prolixe:
760 2700 840 2731 item
869 2700 966 2732 Gifa·

270 2749 361 2780 nium
388 2747 421 2778 in
444 2747 583 2779 Lucret.
607 2748 725 2779 Indice
747 2750 880 2788 passim.
906 2750 963 2781 In·

272 2797 387 2839 primis
417 2796 540 2836 Scalig.
566 2796 607 2827 ad
633 2797 840 2828 Triumviros
863 2798 963 2829 Amo-

272 2857 356 2883 rum,
368 2850 401 2878 et
415 2846 600 2878 Heraldum
613 2846 653 2878 ad
667 2847 837 2879 Martialis
851 2858 902 2880 iv.
914 2851 966 2879 90.

1052 1210 1092 1238 75
1115 1207 1257 1238 Nondum
1270 1215 1350 1236 sceva
1363 1205 1446 1236 Deos
1451 1207 1545 1245 ponto
1555 1204 1706 1244 objectare

1010 1261 1154 1289 nutantes
1178 1257 1316 1297 Religio]
1350 1257 1481 1286 Morem
1509 1256 1703 1286 tutelarium

1011 1310 1174 1347 Deorum,
1185 1308 1255 1338 sive
1272 1305 1488 1344 ἐπισημασίας,
1499 1306 1642 1337 nondum
1656 1306 1705 1336 in-

1013 1360 1153 1390 valuisse
1171 1359 1230 1399 ait,
1244 1359 1286 1390 de
1302 1368 1366 1399 quo
1383 1368 1438 1390 111.
1455 1361 1527 1389 174.
1543 1358 1652 1399 plura.

1051 1412 1092 1440 77
1110 1408 1247 1440 Delicias
1261 1409 1502 1446 datfustidz'tior
1517 1408 1603 1448 usus]
1627 1406 1706 1438 Vid.

1009 1466 1064 1489 ur.
1081 1461 1154 1490 167.
1193 1458 1300 1498 Copia
1314 1459 1411 1489 solvit
1428 1458 1461 1488 in
1482 1467 1652 1495 nauseam,
1669 1461 1707 1488 et

1009 1507 1204 1549 frequentia
1223 1508 1392 1539 sentiendi
1411 1508 1499 1539 tollit
1515 1508 1707 1539 admiratio-

1011 1568 1101 1597 nem,
1114 1563 1151 1590 ut
1163 1558 1285 1590 raritas
1296 1563 1397 1599 auget
1409 1559 1568 1598 precium.
1586 1557 1707 1588 Claud.

1011 1607 1054 1638 de
1072 1608 1212 1648 Eutrop.
1227 1617 1251 1639 1.
1269 1609 1279 1626 ‘
1295 1617 1370 1639 cum
1386 1607 1557 1639 fastiditus
1574 1605 1709 1638 abiret!

1010 1657 1089 1688 Sen.
1108 1657 1150 1688 de
1167 1657 1289 1689 brevit.
1306 1659 1398 1697 vitae,
1420 1662 1429 1675 ⁸
1445 1662 1520 1698 post
1533 1657 1707 1689 fastiditos

1011 1706 1180 1737 honores!
1208 1706 1311 1738 Ovid.
1332 1715 1371 1737 n.
1396 1706 1438 1737 de
1461 1707 1600 1738 Remed.
1637 1708 1646 1723 ⁸
1662 1707 1709 1738 Et

1014 1755 1169 1787 fastidita
1184 1765 1250 1787 non
1266 1756 1350 1787 libet
1363 1765 1437 1787 esse
1452 1755 1571 1786 domo-⁹
1600 1756 1610 1773 ‘
1628 1756 1709 1786 Fas-

1015 1806 1199 1845 tiditojure
1216 1805 1342 1846 potiri.'
1370 1805 1491 1837 Manil.
1514 1814 1563 1836 rv.
1581 1804 1710 1838 Auson.

1015 1857 1024 1873 ‘
1043 1855 1198 1887 fastidita
1234 1854 1404 1894 Pbaonis,'
1440 1854 1529 1896 quod
1562 1855 1709 1886 Vinetus

1015 1910 1135 1937 contra
1150 1906 1258 1946 legem
1276 1905 1443 1946 pedariam
1460 1905 1494 1936 in
1512 1907 1521 1923 ‘
1535 1904 1710 1937 fastidiata

1017 1954 1143 1986 vertit!
1169 1955 1276 1986 Varro
1292 1955 1394 1986 etiam
1412 1956 1422 1972 ‘
1439 1954 1658 1993 fastidiliter‚'
1673 1956 1709 1987 in

1017 2006 1150 2046 Satyra,
1163 2005 1245 2036 Cras
1261 2005 1375 2036 credo.
1412 2004 1465 2036 Ad
1481 2005 1569 2036 illam
1587 2004 1709 2037 faciem

1017 2055 1026 2071 ⁴
1037 2053 1237 2085 fastiditius'
1258 2053 1394 2095 flexum,
1406 2060 1444 2086 ut
1459 2055 1592 2086 Seneca
1606 2056 1616 2073 ‘
1632 2064 1711 2087 cau-

1017 2104 1146 2140 satius,’
1162 2106 1171 2122 ‘
1183 2104 1356 2144 curatius,'
1365 2109 1401 2136 ut
1414 2105 1543 2136 Plinius
1554 2105 1588 2137 in
1599 2106 1710 2147 Epist.

1016 2163 1067 2185 xx.
1079 2157 1153 2185 545.
1170 2154 1416 2186 ‘custoditius.'

1059 2206 1101 2234 79
1114 2203 1240 2243 Inopem
1247 2203 1341 2244 pinus
1353 2205 1482 2245 cultum,
1494 2215 1552 2246 quo
1565 2204 1669 2237 stabat
1678 2206 1712 2237 in

1017 2252 1145 2292 Haemo]
1166 2253 1288 2284 Pinum
1311 2262 1386 2285 cum
1408 2254 1564 2286 omnibus
1585 2255 1710 2286 veteri-

1019 2303 1080 2333 bus
1103 2302 1181 2333 navi
1203 2303 1361 2343 assignat.
1392 2304 1486 2345 Virg.
1513 2304 1523 2321 ‘
1541 2304 1625 2336 utile
1650 2304 1711 2345 lig-

1018 2362 1097 2383 num
1122 2353 1276 2393 Navigiis
1299 2352 1420 2394 pinos?
1456 2354 1586 2385 Malum
1609 2354 1712 2386 etiarn

1019 2404 1133 2444 pinum
1157 2402 1262 2435 fuisse
1282 2404 1519 2435 Taubmannus
1544 2405 1576 2435 in
1593 2404 1711 2436 Culice

1019 2452 1217 2491 contendit;
1239 2451 1376 2493 frustra,
1399 2462 1474 2484 cum
1495 2463 1611 2485 omnes
1637 2452 1710 2485 fere

1019 2512 1177 2544 quercum
1193 2502 1373 2533 Chaoniam
1389 2502 1574 2534 nominent.
1597 2502 1713 2545 Apoll.

1020 2561 1046 2584 1.
1060 2552 1190 2593 ‘fagum
1204 2551 1437 2583 Dodonaeam!
1471 2552 1713 2586 Philostratus.

1019 2602 1231 2643 Lycophron,
1239 2600 1436 2641 Apollonius
1445 2601 1634 2643 Claudius‚‘
1644 2613 1714 2634 rur·

1017 2661 1141 2692 susque
1156 2651 1281 2681 locutae
1303 2649 1343 2680 In
1368 2654 1402 2681 te
1423 2650 1582 2682 Cliaoniae
1598 2661 1712 2684 move-

1019 2705 1100 2731 runt
1129 2699 1278 2731 carmina
1304 2699 1472 2739 quercus.'
1514 2699 1615 2732 Unde
1645 2702 1713 2734 Or·

1018 2750 1135 2789 pheus,
1160 2748 1295 2779 εὕλαλον
1317 2748 1427 2787 Ἀργὼ.
1469 2748 1647 2789 Palmulae‚
1675 2755 1715 2783 ut

1020 2798 1134 2828 Catul.
1146 2797 1232 2836 vult,
1248 2798 1257 2814 ‘
1272 2795 1449 2837 abiegnae.’
1482 2797 1587 2830 Facta
1599 2803 1713 2830 antem

1018 2848 1050 2878 in
1068 2847 1245 2888 Magnesia
1268 2847 1377 2888 navis,
1395 2847 1495 2888 juxta
1510 2848 1715 2889 Pindarum3
