1889 3194
521 345 580 373 DE
614 343 770 373 BELLO
804 343 1028 373 'PROJANO
1063 344 1158 374 LlB.
1189 345 1219 374 1.

149 436 269 478 Rara
290 449 452 485 comeS‚
473 449 571 477 raro
594 435 825 490 Phrygiam
849 448 948 476 cum
969 435 1105 475 milite
1124 435 1289 488 pendit.

1504 333 1589 375 379

1505 436 1589 477 135

146 503 330 557 Excipit
350 504 563 557 ancipites
584 503 703 544 docti!
718 504 826 544 tuba
848 502 1052 544 Nestoris
1074 515 1219 551 aureS‚

147 570 484 623 Suspensosque
505 571 629 622 regit,
644 571 843 623 irataque
865 575 1045 623 pectora
1060 568 1244 609 mulcet:

203 636 242 677 O
264 637 338 690 qui
360 639 637 689 magnanimo
659 637 890 678 domuistis
910 636 1072 688 remige
1092 634 1267 684 fluctus,

146 701 237 753 Qui
258 702 382 752 freta,
404 703 480 756 qui
502 707 657 744 ventos
678 704 808 756 primi
829 703 1014 752 libastis,
1036 706 1080 743 et
1101 706 1232 750 astra,

144 769 311 811 Iratum
334 769 549 810 didicistis
569 771 664 819 iter,
687 783 775 811 non
791 775 895 811 nota
916 770 1067 819 secuti,

1503 766 1587 807 140

147 834 318 875 Discite
337 835 445 876 dura
465 835 581 889 pati;
603 836 700 877 sola
720 840 790 876 est
809 849 909 889 quae
931 835 1116 876 conterit
1137 835 1329 884 hostem,

145 901 428 955 Virtutesque
446 903 554 954 regit
574 903 813 956 patientia:
847 903 946 943 sola
966 902 1196 955 triumphis

146 968 313 1009 Militat
333 969 553 1017 innocuis,
574 974 620 1009 et
642 969 839 1010 honestae
862 968 1052 1010 consulit
1071 969 1162 1008 irae.

145 1033 228 1075 Est
249 1039 433 1089 tempus,
456 1036 650 1089 quando,
671 1036 799 1076 locus
816 1041 898 1085 est,
919 1035 993 1076 ubi
1012 1034 1210 1076 laedimur
1230 1045 1391 1082 omnes,

797 1176 937 1208 NOTAE

144 1270 280 1312 pessimi
302 1271 402 1303 turba
423 1272 498 1304 est.’
542 1273 696 1314 Scaliger
711 1274 743 1304 in
761 1282 838 1305 cen-

143 1331 223 1352 sura
239 1321 362 1352 Horat.
389 1322 501 1353 ‘mare
518 1328 569 1354 est
594 1325 741 1364 seipsum
768 1333 837 1354 mo-

145 1369 253 1401 vens.’
277 1370 447 1402 Cleanthis
462 1372 634 1412 egregium
650 1372 731 1403 illud
748 1372 835 1412 apud

145 1420 253 1450 Clem.
277 1419 377 1451 AleX.
404 1429 437 1451 v.
467 1424 539 1453 405.
573 1422 608 1452 οὐ
632 1422 695 1462 ’γὰρ
719 1423 837 1459 πλῆθος

145 1469 214 1508 ἔχει
233 1470 364 1507 συνετὴν
385 1469 496 1511 κρίσιν,
518 1471 589 1502 οὔτε
611 1470 740 1511 δικαίαν,
753 1471 836 1502 Οὔτε

144 1518 257 1559 καλὴν,
291 1518 408 1558 ὀλίγοις
444 1520 479 1551 δέ
511 1533 569 1562 περ
609 1520 735 1562 ἀνδράσι
764 1522 836 1552 τοῦ·

142 1568 181 1600 τό
202 1581 257 1601 κεν
277 1569 384 1609 εὕροις.
430 1571 476 1602 Et
494 1572 594 1611 paulo
616 1578 692 1612 post
709 1581 752 1602 ex
772 1572 835 1602 Co-

142 1619 243 1659 mico,
272 1618 403 1659 αἷσχρὸν
426 1619 460 1651 δὲ
479 1619 583 1660 κρίκεν
614 1620 655 1651 τὰ
688 1620 770 1652 καλὰ
792 1621 837 1660 τῷ

142 1670 254 1708 πολλῷ
281 1668 381 1710 ψόφῳ.
443 1671 606 1702 Nazianz.
639 1671 751 1711 Epist.
779 1673 836 1702 67.

142 1719 263 1759 vulgus
289 1719 332 1750 de
360 1719 425 1759 piis
448 1720 494 1750 ait
512 1720 684 1760 judicare,
707 1725 744 1752 ut
761 1730 836 1760 gra-

144 1769 212 1799 culi
236 1769 280 1799 de
305 1769 435 1810 aquilis.
490 1771 575 1800 Vide
600 1771 701 1801 etiam
726 1770 837 1801 Maxi-

144 1828 233 1849 mum
244 1819 380 1859 Tyrium
396 1820 583 1851 Declamat.
596 1821 724 1852 ultima.
747 1821 838 1851 Pho-

145 1869 287 1909 cylides,
309 1869 387 1901 λαὸς
407 1869 457 1900 καὶ
481 1870 557 1911 ὕδωρ
579 1870 630 1901 καὶ
648 1871 708 1911 πῦρ
723 1868 837 1901 ἀκατά-

144 1930 249 1959 σχετοι
256 1918 370 1950 πάντα.
393 1920 538 1960 Egregie
551 1925 587 1951 et
600 1920 739 1952 Nicetas
751 1921 838 1952 Cho-

143 1970 254 2001 niates
283 1970 315 2000 in
345 1969 444 2001 Alex.
469 1970 587 2001 Comn.
611 1973 686 2002 25⁷.
732 1971 839 2001 Plura

143 2019 223 2050 vide
259 2018 348 2059 apud
389 2019 604 2050 Phalaridem
642 2020 753 2059 Epist.
783 2023 837 2052 77.

146 2069 321 2109 chrysost.
331 2069 433 2101 Hom.
445 2072 499 2100 41.
514 2070 546 2100 ὶη
561 2070 647 2101 Mat.
670 2070 746 2101 ὅταν
760 2070 839 2102 λαὸν

147 2117 233 2159 ἕπῃς,
248 2117 336 2149 οὐδὲν
349 2118 431 2150 ἄλλο
445 2118 551 2157 λέγεις
561 2119 581 2156 ἢ
596 2119 779 2160 προβόλους,
790 2120 841 2151 καὶ

146 2166 331 2208 σκοπέλους,
354 2167 405 2198 καὶ
431 2167 579 2209 ὑφάλους,
603 2168 654 2200 καὶ
675 2168 839 2210 σπιλάδας,

147 2219 213 2248 &c.
230 2220 304 2249 385.
337 2218 509 2249 Victorius
525 2219 606 2249 Var.
621 2220 716 2251 Lect.
731 2228 838 2251 xxxr.

146 2269 177 2298 7.
221 2266 349 2298 Eadem
366 2267 408 2298 de
428 2267 529 2308 vulgo
544 2273 622 2299 sunt
637 2268 727 2309 apud
745 2269 839 2300 Gun-

148 2316 278 2346 merum
294 2318 369 2347 689.

193 2367 252 2396 135
277 2366 363 2396 Raro
381 2365 554 2406 Phrygiam
568 2375 637 2397 cum
653 2367 754 2398 milite
767 2377 840 2407 pen-

148 2416 212 2457 dit]
233 2417 290 2448 Sic
315 2426 367 2448 ιν.
390 2418 491 2448 ‘Dux
530 2417 669 2448 Ithacus
695 2417 842 2458 prudens

148 2466 337 2498 consultum
373 2465 546 2506 pendere.’
579 2476 630 2497 vr.
673 2467 721 2496 ‘si
746 2467 842 2497 lumi-

146 2525 192 2547 na
216 2516 367 2556 pendas!
413 2516 585 2557 Frequens
616 2516 648 2547 in
680 2516 754 2548 istis
790 2520 844 2547 est

150 2567 227 2598 loco
253 2565 408 2598 συνθέτων
434 2566 619 2606 ponendis;
657 2570 696 2597 ut
722 2569 731 2583 ⁴
748 2565 844 2596 limat

150 2616 265 2657 pulmo
288 2615 435 2657 loquax‚’
452 2625 503 2646 iv.

193 2669 255 2697 136
278 2665 364 2696 Tubu
395 2663 558 2704 Nestoris]
581 2663 762 2701 Facundia,
788 2664 840 2694 vel

150 2715 232 2747 tuba
253 2714 422 2755 Nestoris,
445 2724 505 2755 pro
533 2714 693 2745 Nestore.
735 2713 792 2745 Sic
808 2723 841 2745 v.

146 2768 156 2784 ⁶
170 2765 400 2805 Agamemnon
418 2763 600 2804 Imperiale
626 2762 744 2794 tonat.'
786 2763 842 2794 Ita

149 2816 246 2855 Virg.
289 2817 299 2833 ‘
314 2814 505 2854 Augustam
547 2811 688 2843 tubam.’
754 2812 842 2843 Vide

152 2864 370 2904 Hartungum
395 2872 450 2894 ιιι.
480 2862 640 2893 Criticor.
668 2864 742 2893 719.
787 2862 844 2893 lta

893 1271 1000 1303 Prud.
1015 1271 1058 1302 de
1074 1270 1288 1311 Symmacho,
1300 1270 1309 1287 ‘
1327 1273 1458 1310 partam
1473 1268 1588 1300 dicen-

891 1322 926 1353 di
948 1321 1090 1352 fulmine
1116 1320 1258 1351 famam:
1304 1321 1359 1350 De
1376 1319 1510 1350 Pericle
1527 1329 1584 1350 no-

891 1376 961 1402 tum
977 1375 1030 1403 est
1044 1370 1236 1410 ἥστραπτεν,
1253 1368 1395 1409 ἐβρόντα.
1410 1368 1587 1408 Aristoph.

890 1420 1135 1452 Acharnensib.
1172 1419 1269 1450 Idem
1284 1420 1317 1449 in
1335 1419 1451 1459 Equit.
1468 1418 1484 1448 ὃ
1501 1419 1524 1448 δ’
1543 1417 1589 1457 ἄρ’

890 1470 978 1502 ἔνδον
1012 1469 1211 1510 ἐλασίβροντ’
1239 1467 1442 1508 ἀναῤῥηγνύς.
1501 1466 1588 1497 Inde

889 1521 1034 1563 Apocal.
1053 1524 1081 1552 1.
1114 1519 1200 1559 φωνὴ
1214 1519 1254 1550 ὡς
1268 1517 1458 1556 σάλπιγγος.
1504 1516 1590 1547 Hie-

891 1581 964 1604 ron.
990 1573 1036 1603 D.
1052 1571 1194 1602 Paulum
1220 1571 1228 1586 ‘
1242 1569 1356 1600 tubam
1384 1567 1563 1607 Evangelii
1579 1565 1588 1579 '

890 1621 1062 1652 nominat:
1096 1624 1132 1650 et
1162 1617 1368 1650 Athanasius
1394 1616 1503 1647 audiit
1533 1627 1588 1653 με·

889 1669 977 1711 ’γάλη
992 1669 1132 1709 σάλπιγξ
1143 1670 1199 1706 τῆς
1211 1666 1390 1705 ἐκκλησίας.
1413 1666 1470 1697 Sic
1481 1666 1588 1706 Chry-

891 1727 1027 1753 sostom.
1043 1722 1086 1752 D.
1103 1721 1246 1751 Paulum
1270 1716 1435 1756 σάλπιγγα
1456 1717 1519 1747 τῶν
1539 1716 1590 1747 οὐ·

890 1771 1010 1812 ρανῶνι
1050 1775 1086 1801 et
1117 1769 1218 1800 toties
1253 1767 1359 1807 φωνὴν
1384 1765 1590 1807 ἆστραπαίαν,

891 1821 1025 1861 βροντῆς
1054 1816 1282 1859 λαμπροτέραν.
1325 1816 1512 1857 Tryphiod.
1543 1815 1586 1845 de

892 1873 1028 1913 Ulysse,
1045 1872 1126 1902 θεῖον
1141 1870 1337 1910 ἐβρόντησεν.
1360 1868 1504 1899 Teu-tull.
1532 1868 1590 1899 De

892 1922 1028 1954 veland.
1056 1922 1152 1961 Virg.
1169 1928 1302 1951 cxnx.
1330 1921 1380 1949 13.
1404 1917 1485 1948 nihil
1508 1918 1517 1934 ‘
1532 1917 1591 1947 de·

894 1972 1111 2003 buccinemus
1124 1979 1254 2007 eorum,
1270 1977 1345 2009 quae
1369 1966 1458 2007 apud
1478 1967 1590 1997 Deum

891 2020 1084 2052 mercedem
1129 2017 1376 2050 merebuntur:
1420 2014 1589 2046 Pindarus

891 2070 1125 2106 audacissime,
1163 2066 1264 2099 δονέοι
1299 2065 1428 2106 μάστιγι
1457 2065 1591 2096 πειθοῦς.

896 2120 1000 2161 Pyth.
1018 2119 1088 2150 Od.
1100 2121 1133 2149 4.

939 2172 1000 2201 142
1015 2168 1180 2200 Patientia
1189 2180 1199 2199 .·
1212 2167 1277 2199 sola
1293 2164 1476 2205 triumphis]
1489 2163 1591 2194 Silius

894 2219 1022 2260 optime
1048 2218 1105 2249 lib.
1122 2226 1156 2248 x.
1179 2218 1254 2248 ‘est
1281 2216 1387 2246 virtus
1409 2213 1507 2244 futile
1532 2222 1592 2243 no-

892 2278 980 2308 men,
996 2267 1041 2299 Ni
1057 2267 1161 2298 decus
1178 2262 1513 2304 adfueritpatiendi.’
1525 2264 1591 2293 &c.

892 2318 980 2349 Vide
1009 2317 1105 2348 Stob.
1131 2325 1231 2346 serm.
1248 2315 1290 2345 de
1318 2313 1465 2354 patient.
1488 2317 1523 2343 et
1547 2312 1591 2343 de

894 2366 1013 2398 eadem
1028 2365 1158 2396 Ten-tul.
1175 2364 1382 2404 Cyprianum
1406 2361 1531 2393 Homil.
1545 2361 1589 2392 de

895 2416 1002 2448 nativ.
1025 2414 1163 2445 Christi.
1201 2414 1376 2453 Chrysost.
1406 2412 1534 2451 optime
1557 2412 1590 2441 in

895 2465 963 2496 fine
993 2465 1056 2505 Ep.
1077 2467 1108 2495 7.
1131 2463 1284 2501 ὑπομονῆς
1304 2462 1373 2492 ἴσον
1397 2460 1497 2499 οὐδὲν,
1519 2460 1595 2491 ἀλλ’

898 2515 976 2552 αὕτη
990 2512 1132 2554 μάλιστά
1145 2513 1213 2543 ἐστι
1226 2511 1246 2550 ἦ
1255 2510 1382 2548 βασιλὶς
1394 2512 1456 2541 τῶν
1467 2511 1595 2551 ἀρετῶν,

897 2566 914 2596 ὁ
930 2563 1073 2602 θεμέλιος
1100 2565 1163 2594 τῶν
1187 2559 1438 2602 κατορθωμάτων,
1463 2560 1480 2590 ὖ
1500 2559 1595 2599 λιμὴν

899 2615 916 2646 ὁ
934 2614 1121 2653 ἂκύμαντος,
1134 2613 1154 2650 ἡ
1169 2613 1202 2644 ἐν
1220 2611 1368 2650 πολέμοις
1384 2609 1497 2651 εἰρήνη,
1515 2609 1537 2648 ὴ
1561 2613 1594 2641 ἐν

893 2664 1024 2695 λαίλαπι
1037 2661 1185 2702 γαλήνη.’
1197 2664 1260 2693 &c.
1275 2663 1349 2692 760.

931 2716 994 2744 144
1007 2714 1064 2744 Est
1075 2717 1205 2752 tempus,
1216 2712 1348 2752 quando,
1361 2710 1443 2740 locus
1452 2712 1511 2747 est,
1522 2708 1591 2749 ubi]

894 2764 1054 2795 Nazianz.
1078 2763 1176 2794 Orat.
1192 2764 1245 2793 33.
1275 2758 1364 2790 ἔστιν
1388 2757 1442 2789 ὅτε
1472 2757 1522 2788 καὶ
1549 2756 1594 2789 οἷς

894 2812 946 2844 καὶ
972 2813 1019 2852 ἐφ’
1043 2812 1126 2844 ὅσον.
1139 2814 1212 2843 530.
1256 2808 1446 2842 Videinfra
1465 2817 1518 2840 vi.
1539 2810 1594 2839 33.

896 2867 930 2894 et
946 2871 987 2894 ιι.
1012 2864 1086 2894 492.
