1889 3194
243 296 327 336 1108

763 305 966 336 JOSEPHl
999 305 1162 335 lSCANl

246 399 283 440 F
286 399 514 441 oecundam
535 399 705 441 factura
727 400 841 440 sitim
859 413 868 440 :
899 398 1103 451 repetisse
1126 398 1344 451 voluptas,

246 465 301 506 Et
322 466 437 507 vires
460 466 652 507 conferre
674 467 811 507 libet:
840 466 1025 507 civiliter
1046 465 1134 516 ipsi

244 531 476 584 Indulgent
496 545 701 585 proceres
724 532 910 585 cyathis,
932 530 1161 582 bibulique
1184 529 1381 578 clientes,

1626 530 1685 571 85

245 598 379 639 Heus
401 599 645 652 Hymenaee
663 600 672 639 Ξ
697 602 870 647 sonant,
891 603 935 637 et
953 598 995 637 in
1017 609 1149 637 aurea
1170 597 1333 649 pocula
1350 597 1455 646 fusi,

242 664 439 706 Invitant
461 678 560 706 sese
582 666 772 718 pateris:
804 664 932 716 plebs
951 664 1092 704 mixta
1113 663 1317 704 Britanni

243 730 472 771 Certatum
492 731 591 779 sibi,
612 731 813 782 longique
834 730 1051 782 potentior
1069 729 1275 779 haustus,

242 796 454 837 Plebeios
475 795 638 849 gaudet
653 796 815 836 calices
835 799 878 835 et
900 796 1047 836 sobria
1068 796 1171 836 vina

241 861 406 913 Regali
428 869 621 901 mutasse
642 874 787 901 mero:
820 861 1083 915 redimitque
1105 862 1315 915 voluptas

1627 864 1685 906 90

241 925 362 967 Rara
383 940 543 977 moras,
564 939 643 967 nec
665 932 811 967 cessat
828 927 968 974 hians,
989 927 1091 968 dum
1114 933 1294 980 pectore
1312 929 1428 970 victo

242 993 413 1046 Lingua
432 994 553 1043 fluat,
575 997 772 1034 crescant
793 993 953 1048 lychni,
976 994 1160 1046 vestigia
1181 999 1347 1035 nutent.

842 1132 960 1145 eeeeee

283 1211 321 1239 87
350 1208 505 1249 Tyrannis
529 1209 682 1240 Dresem.
711 1207 802 1239 Vide
817 1212 888 1239 not.

964 1132 1080 1145 eeeeee

892 1314 1034 1346 NOTAE

238 1389 361 1427 detur3
386 1390 439 1421 vel
460 1399 523 1430 pro
544 1389 694 1429 ferculis,
712 1395 748 1421 ut
765 1389 886 1421 Claud.
901 1392 933 1422 2.

236 1440 273 1470 in
302 1440 440 1479 Eutrop.
464 1441 734 1481 ‘corruptasque
757 1440 861 1479 dapes
878 1449 932 1470 va-

238 1489 344 1520 riasse
360 1489 519 1520 decorum
535 1489 556 1519 :'
591 1489 634 1519 de
656 1499 723 1529 qua
740 1498 776 1519 re
793 1488 933 1519 Casaub.

236 1538 272 1569 in
297 1537 441 1579 August.
463 1539 557 1570 Suet.
580 1541 653 1569 100.
696 1538 753 1569 Ita
777 1540 786 1556 ‘
802 1547 933 1568 mensas

238 1587 398 1628 variare‚‘
413 1592 502 1618 esset
527 1587 709 1628 παραθέσεις
736 1588 789 1618 vel
812 1587 933 1618 missus

238 1637 351 1679 (Suet.
383 1638 534 1669 nominat
564 1637 758 1677 ‘fercula’)
789 1642 933 1668 mutare.

238 1688 378 1718 Mensas
400 1696 481 1717 vero
500 1688 534 1718 in
556 1687 793 1727 dapsilioribus
817 1687 932 1718 convi-

237 1737 303 1768 viis
321 1742 357 1768 et
371 1737 513 1768 Romani
537 1742 573 1768 et
597 1737 711 1769 Graeci
736 1737 931 1769 variabant:

238 1791 378 1827 eratque
406 1787 507 1818 etiam
536 1787 644 1818 altera
669 1787 933 1826 esculentorum,

237 1846 346 1878 eaque
362 1836 489 1877 duplex
513 1846 556 1867 ex
580 1837 735 1868 carnibus
757 1842 792 1867 et
814 1835 933 1867 fructi-

237 1886 321 1918 bus:
339 1887 446 1917 altera
460 1887 739 1926 poculentorum:
757 1896 823 1926 qua
839 1885 881 1916 de
895 1895 932 1916 re

239 1936 385 1968 casaub.
403 1936 444 1967 ad
468 1935 593 1967 Athen.
614 1944 666 1966 xr.
689 1939 721 1966 2.
756 1935 931 1966 Plutarch.

239 1986 273 2017 in
291 1986 401 2027 Agide
416 1991 450 2017 et
467 1986 661 2018 Cleomene.
686 1985 792 2016 Ovid.
814 1985 823 2001 ‘
838 1985 934 2015 Men-

239 2047 343 2078 saque
370 2046 557 2077 purpureos
581 2036 709 2066 deserit
733 2036 803 2066 alta
825 2033 934 2065 viros!

236 2086 292 2117 Sic
306 2086 499 2126 Cleopatra,
509 2085 598 2126 apud
609 2085 698 2117 Plin.
712 2093 761 2116 lx.
773 2088 827 2116 35.
838 2085 932 2115 uuio-

237 2146 314 2167 neru
342 2137 512 2172 haustura,
538 2135 547 2151 ‘
561 2145 707 2166 mensam
728 2134 931 2165 secundam’

236 2185 364 2217 inferre
380 2186 493 2226 jubet.
539 2185 625 2216 Vide
643 2185 735 2226 Lips.
761 2194 803 2216 11.
822 2186 933 2216 Elect-

237 2236 368 2268 victor.
384 2237 466 2266 Var.
482 2235 580 2266 Lect.
605 2244 629 2265 1.
651 2237 681 2265 1.
714 2235 878 2266 Salmutlii
896 2238 932 2266 et

237 2286 412 2317 Pancirol.
437 2285 479 2316 de
502 2285 578 2316 cibo
601 2284 767 2325 capiendo
790 2287 865 2316 503.
885 2284 932 2314 ἐν·

237 2333 409 2366 αλλάττειν
429 2333 584 2374 τράπεζαν
605 2335 705 2365 etiam
730 2335 932 2375 chrysosto-

235 2395 289 2416 mo
306 2385 479 2424 usitatum,
498 2384 625 2415 Homil.
640 2386 673 2415 4.
689 2386 743 2416 72.
759 2384 800 2415 ad
825 2394 932 2425 popu-

236 2436 303 2465 lum
320 2434 523 2466 Antiochen.

281 2487 320 2515 87
346 2485 488 2516 Invitant
503 2493 568 2516 sese
577 2483 713 2524 pateris:
732 2483 819 2523 plebs
831 2484 932 2515 mixta

237 2534 405 2574 Britanni]
438 2534 532 2566 Guil.
549 2532 776 2572 Cambdenns‚
796 2533 849 2564 cui
873 2544 930 2564 no-

237 2593 313 2615 men
339 2589 373 2615 et
399 2583 522 2614 famam
551 2583 741 2613 restitutam
762 2582 930 2623 Josepbus

238 2633 293 2663 hic
308 2633 420 2668 debet,
435 2634 468 2664 iu
486 2642 546 2663 sua
559 2632 746 2672 Britannia,
763 2643 795 2672 p.
806 2635 859 2663 33.
883 2633 932 2664 ita

238 2681 376 2712 scribit:
411 2682 532 2714 ‘Quod
560 2691 640 2712 vero
663 2681 843 2713 Britannos
865 2692 932 2714 una

239 2740 314 2762 cum
340 2730 489 2762 Hercule
517 2732 549 2761 in
572 2731 740 2762 Hesiones
764 2736 864 2771 raptu
881 2731 931 2763 af-

239 2779 342 2810 fuisse
369 2780 548 2820 colligatur
572 2791 614 2811 ex
638 2781 687 2812 bis
712 2781 873 2822 Cornelii,
895 2788 932 2814 ut

240 2828 447 2868 existimant,
476 2829 636 2870 Nepotis,
662 2829 826 2870 versibus,
852 2831 931 2863 dum

986 1389 1122 1430 nuptias
1152 1389 1342 1420 Telamonis
1369 1393 1405 1420 et
1430 1387 1600 1420 Hesiones
1626 1387 1683 1419 de·

986 1438 1117 1478 scribit,
1132 1438 1142 1455 ⁴
1156 1443 1191 1470 et
1209 1439 1242 1469 in
1264 1448 1366 1470 aurea
1389 1439 1511 1479 pocula
1525 1437 1605 1478 fusi,
1629 1438 1685 1469 In·

987 1488 1098 1518 vitant
1112 1497 1185 1518 sese
1209 1487 1349 1528 pateris,
1366 1488 1461 1528 plebs
1484 1487 1591 1518 mixta
1606 1488 1682 1518 Bri-

987 1536 1107 1575 tanni‚’
1141 1538 1207 1568 &c.
1266 1537 1373 1567 Plane
1398 1536 1568 1577 poeticum
1604 1534 1684 1569 est?

988 1587 1166 1617 Hactenus
1189 1587 1257 1617 ille.
1303 1588 1414 1618 Dares
1431 1587 1612 1628 Phrygius,
1625 1597 1685 1619 cu-

981 1636 1037 1676 jus
1069 1640 1170 1667 vento
1201 1637 1328 1667 Noster
1355 1637 1506 1676 navigat,
1532 1636 1615 1668 nihil
1641 1636 1684 1669 de

990 1685 1175 1723 Britannis,
1193 1685 1329 1726 Dictys,
1339 1685 1380 1716 ad
1396 1695 1494 1726 quem
1511 1686 1683 1718 interdum

988 1735 1140 1775 respicit,
1165 1735 1388 1766 tantumdem.
1432 1736 1580 1769 Quinam
1603 1746 1686 1768 vero

988 1783 1144 1815 Britanni
1160 1784 1193 1815 in
1211 1785 1288 1815 aula
1300 1785 1518 1816 Telamonis?
1539 1786 1595 1817 vel
1609 1787 1684 1828 quis

987 1835 1114 1865 Brutus
1142 1834 1251 1865 inibi?
1280 1836 1372 1876 (nam
1391 1845 1410 1866 a
1427 1836 1579 1876 Trojano
1602 1846 1684 1878 quo-

987 1884 1064 1915 dam
1089 1885 1197 1915 Bruto
1219 1885 1389 1916 deducere
1409 1887 1572 1927 quosdam
1588 1886 1684 1928 novi)

987 1943 1007 1965 a
1023 1944 1090 1975 quo
1114 1934 1285 1965 Britannis
1310 1935 1488 1967 concilium
1512 1936 1684 1968 nominis?

986 1985 1075 2024 λῆροι
1091 1983 1205 2024 λήρων,
1223 1983 1274 2015 καὶ
1293 1983 1453 2024 φλήναφοι
1467 1985 1598 2026 μακροίἔ
1624 1987 1683 2028 qui

987 2033 1089 2064 facile
1105 2035 1346 2073 excluduntur,
1362 2034 1389 2065 si
1412 2036 1505 2076 legas
1521 2041 1556 2067 et
1578 2036 1683 2067 inter-

986 2093 1118 2124 pungas
1135 2094 1278 2120 mecum,
1300 2084 1416 2125 ‘plebs
1439 2086 1549 2117 mixta
1568 2090 1684 2126 tyran-

986 2133 1038 2163 nis
1050 2132 1074 2163 ε’
1090 2133 1253 2174 ἆρχαικῶς.
1281 2134 1430 2165 Firmant
1446 2133 1478 2165 id
1492 2136 1684 2175 sequentia,

984 2183 995 2200 ‘
1021 2183 1178 2214 Plebeios
1202 2182 1327 2223 gaudet
1351 2183 1475 2214 calices
1500 2189 1538 2215 et
1571 2184 1683 2216 sobria

985 2232 1065 2264 vina
1082 2234 1201 2273 Regali
1216 2238 1363 2264 mutasse
1379 2232 1494 2264 mero?

1027 2285 1068 2314 90
1092 2283 1289 2324 Redimitque
1303 2283 1442 2324 voluptas
1465 2283 1553 2314 Rara
1567 2284 1686 2325 moras]

985 2333 1220 2373 Papin.Theb.
1237 2341 1303 2363 vn.
1326 2334 1336 2351 ‘
1351 2332 1578 2374 Praecipitant
1594 2333 1684 2365 redi-

984 2387 1148 2423 muntque
1164 2380 1298 2413 moras.'

1027 2436 1069 2464 92
1105 2433 1232 2472 Lingua
1251 2432 1353 2473 fluat,
1388 2436 1527 2463 crescant
1564 2432 1682 2473 lychni,

984 2483 1119 2522 vestigia
1147 2481 1272 2522 nutent]
1314 2481 1355 2512 Id
1387 2481 1517 2513 scilicet
1547 2481 1684 2513 lucrifa-

984 2533 1079 2564 ciunt
1102 2542 1170 2563 non
1196 2530 1405 2572 ἂκροθῶρηκες
1420 2535 1455 2562 et
1469 2530 1685 2572 ἂκρομέθυσοι,

986 2581 1046 2613 sed
1063 2581 1155 2613 Furii
1170 2581 1220 2612 illi
1237 2580 1393 2615 bibaculi,
1417 2579 1549 2611 κυλίκων
1571 2580 1683 2622 ἐρέται.

986 2630 1076 2662 Οἶνος
1091 2631 1152 2671 γὰρ
1165 2630 1221 2661 οὔκ
1234 2629 1300 2669 ἔχει
1315 2627 1461 2667 πηδάλια,
1476 2633 1514 2660 ut
1529 2634 1581 2661 est
1591 2631 1682 2671 apud

986 2682 1205 2718 Athenaeum,
1235 2678 1353 2719 δίθυρον
1380 2677 1419 2708 τὸ
1456 2677 1560 2717 στόμα
1587 2682 1681 2712 ποιεῖ.

986 2732 1044 2770 Et,
1075 2735 1114 2762 ut
1143 2729 1230 2760 scite
1256 2728 1402 2768 dictum,
1425 2727 1502 2768 ἀνὴρ
1525 2730 1601 2760 πιὼν
1624 2729 1681 2761 τὸν

986 2779 1080 2821 οἶνον,
1109 2780 1149 2810 ὡς
1175 2778 1252 2817 ὕδωρ
1276 2777 1384 2817 ἵππος,
1407 2777 1551 2809 Σκυθιστὶ
1574 2782 1682 2821 φωνεῖ,

985 2831 1063 2870 μηδὲ
1096 2829 1204 2862 κάππα
1236 2827 1392 2868 γινώσκει.
1447 2829 1584 2861 Lucret.
1623 2840 1680 2863 nr.
