1889 3194
240 291 325 335 568

758 305 960 338 JOSEPHI
994 306 1160 339 {ScANl

239 396 407 448 Troile,
427 397 563 453 Troja
578 399 688 442 fuit:
709 413 790 442 nec
812 401 928 442 enim
949 414 1055 455 pars
1076 398 1214 456 impia
1234 405 1376 445 nostri

242 464 344 506 Fax
362 465 474 506 uteri
492 466 799 509 memorandus
817 469 912 509 erit.

971 468 1049 509 Sic
1069 468 1198 519 fatur,
1220 473 1262 510 et
1282 471 1418 523 ignes,

243 530 370 581 Quos
390 532 708 576 Phaethonteae
728 540 949 588 nequeant
970 548 1143 589 aequare
1163 535 1344 587 favillae,

243 597 459 652 Quosque
477 604 602 653 neget
620 601 719 650 tibi,
743 601 905 651 Roma,
927 601 1065 651 Nero,
1087 602 1279 653 miratur,
1306 608 1354 645 et
1374 604 1514 656 addit,

242 664 403 706 Hasne
423 666 547 708 faces
568 668 753 720 peperi?
784 669 1007 721 peperine,
1028 672 1073 710 et
1092 668 1279 711 fulmina
1298 672 1504 713 cessant?

1602 670 1687 713 840

241 730 359 772 Haec
378 733 492 773 uteri
509 733 667 774 foetura
686 734 789 783 mei,
810 747 889 775 nec
912 735 1046 776 solvit
1066 735 1234 777 hiatum

240 798 380 840 Terra
396 812 533 841 vorax
549 801 568 840 Τ
599 804 723 854 peste
743 801 828 841 hac
847 802 999 852 tumui,
1021 808 1293 858 parcuntque
1312 805 1507 846 minaces

241 865 533 907 Deucalionis
553 880 679 920 aquae
694 869 713 908 ’ἒ
744 881 824 910 vos
844 881 887 918 o,
906 882 1020 922 quos
1038 870 1178 923 impia
1197 871 1308 922 laesi,

240 931 337 973 Vos
358 933 522 985 potius,
543 934 704 986 quibus
724 934 822 977 haec
844 937 998 990 peperi
1017 937 1220 988 lamenta,
1242 943 1472 980 nocentem

242 997 450 1040 Certatim
468 999 648 1051 laniate,
670 1001 865 1056 Phryges
884 1016 894 1042 ε
927 1003 1006 1044 sed
1026 1005 1160 1046 serior
1179 1005 1244 1046 ira
1261 1017 1272 1044 :

1602 1006 1688 1048 845

239 1064 365 1106 Tunc
386 1069 574 1120 tempus,
595 1081 694 1109 cum
712 1082 894 1110 somnus
913 1075 1031 1112 erat:
1063 1074 1214 1125 tuque,
1233 1073 1396 1126 inclyte
1416 1071 1596 1126 conjux,

240 1131 311 1172 Tu
333 1132 514 1174 thalami
534 1135 777 1189 tumulique
795 1150 956 1188 comes,
978 1143 1125 1179 tecum
1145 1139 1221 1180 ibo
1241 1140 1325 1180 sub
1348 1140 1536 1181 umbras.

242 1198 320 1241 Me
340 1201 540 1242 miseram
560 1201 569 1242 !
600 1202 795 1244 deeritne
815 1204 988 1246 hostis?
1020 1205 1097 1246 ubi
1116 1206 1232 1247 bella
1252 1205 1466 1247 furentum
1482 1208 1501 1247 ’ἒ

242 1265 438 1319 Pyrrhus
457 1268 564 1309 ubi?
596 1269 699 1311 date
721 1271 824 1321 tela,
846 1271 955 1313 viri:
985 1271 1089 1313 date
1107 1273 1211 1323 tela,
1232 1273 1396 1314 seniles

243 1333 467 1376 Sufficient
485 1335 532 1376 in
551 1335 644 1378 fata
663 1350 819 1379 manus
837 1351 847 1380 :
877 1339 1103 1380 discamne
1124 1341 1263 1381 vereri

1605 1338 1691 1382 850

241 1400 475 1453 Argolicas
496 1403 679 1455 captiva
697 1407 867 1446 nurus?
928 1407 1003 1448 Sic
1022 1407 1150 1456 satur,
1171 1410 1214 1447 et
1235 1420 1388 1448 omnes

243 1465 299 1507 In
319 1467 485 1509 luctum
505 1469 689 1511 Danaos
710 1471 853 1524 pietas
874 1477 1051 1514 extorta
1068 1474 1261 1515 resolvit.

299 1533 356 1573 Et
369 1533 462 1586 jam
482 1536 681 1577 rorificas
700 1538 841 1579 noctis
861 1540 1099 1581 nudaverat
1117 1541 1310 1590 umbras,

247 1598 337 1639 Sed
355 1601 546 1642 nondum
570 1603 758 1654 detersa,
787 1605 905 1647 dies:
937 1607 1050 1647 ultro
1071 1607 1168 1660 ipse
1188 1608 1352 1648 latebat

244 1665 460 1716 Phoebus,
482 1672 526 1709 et
544 1671 721 1722 eversis,
743 1685 841 1724 quae
862 1674 1037 1723 struxit,
1058 1673 1296 1722 moenibus,
1316 1673 1490 1714 hostem
1605 1672 1690 1714 855

246 1731 518 1783 Ingemuisse
536 1739 690 1788 putes:
720 1739 873 1791 praeda
892 1741 1031 1780 omnis
1052 1741 1095 1780 in
1115 1752 1213 1780 arce
1236 1739 1448 1780 Minervae

248 1797 517 1852 Congeritur,
537 1803 766 1857 noctisque
785 1805 979 1846 lucrum:
1008 1805 1240 1859 Trojaeque
1254 1805 1449 1859 jacentis

848 1913 966 1924 ”etot

968 1913 1084 1924 ‘mco

289 1971 354 2002 836
377 1972 444 2004 Nec
456 1973 538 2004 enim
553 1974 651 2005 Paris
666 1976 820 2008 Dresem.
857 1977 945 2009 Vide
961 1984 1034 2009 not.

899 2072 1037 2105 NOTAE

291 2132 354 2161 836
379 2131 446 2162 Nec
459 2132 541 2164 enim
557 2143 632 2173 pars
646 2135 741 2175 impia
756 2137 857 2168 nostri
872 2137 942 2169 Fax

246 2181 329 2212 uteri
342 2185 556 2214 memorandus
575 2184 653 2224 erit]
676 2186 824 2217 Σόλοικον
839 2188 942 2218 mani·

248 2228 358 2262 festo:
384 2232 411 2262 si
423 2232 473 2264 ita
481 2233 630 2265 scribere
644 2235 845 2276 induxisset,
857 2239 866 2255 ‘
877 2247 943 2268 me-

247 2281 409 2312 moranda
418 2282 514 2314 mihi'
530 2283 748 2324 sinejactura
760 2291 795 2318 et
806 2297 944 2319 versura

248 2331 432 2370 potuisset:
457 2333 587 2365 talento
602 2334 635 2365 in
657 2337 848 2368 teruncium
865 2347 944 2369 con·

249 2379 365 2421 tendo,
387 2382 569 2422 legendum
594 2386 704 2425 esse‚‘
718 2396 830 2428 neque
853 2388 946 2420 enim

249 2430 347 2461 Paris
373 2432 477 2472 impia
503 2435 610 2466 nostri
633 2436 702 2467 Fax
732 2438 847 2470 uteri!
893 2440 947 2470 De

248 2479 323 2512 face
335 2481 392 2512 ilia
409 2482 485 2514 vide
498 2482 657 2524 Apollod.
667 2495 725 2519 ιιι.
738 2490 813 2520 182.
837 2488 948 2529 Hygi-

250 2539 329 2562 num
338 2530 406 2563 fab.
414 2534 470 2564 91.
491 2533 622 2575 Dictyn
632 2544 673 2567 11.
690 2537 947 2578 Lycopiironem

253 2589 287 2619 p.
303 2583 357 2612 62.
388 2580 492 2613 Ovid.
509 2583 619 2623 Epist.
636 2585 784 2622 Paridis,
801 2587 899 2628 Virg.
911 2597 949 2620 x.

252 2631 385 2709 ffneid.
412 2632 492 2664 item
519 2642 585 2666 vn.
618 2635 771 2676 Euripid.
796 2638 830 2669 in
844 2639 945 2670 Troa-

278 2680 363 2711 ibus.

294 2732 358 2760 839
375 2730 518 2771 Quosque
530 2737 621 2772 neget
636 2733 705 2775 tibi,
719 2735 829 2774 Roma,
844 2737 946 2778 Nero]

253 2778 390 2811 Sueton.
436 2785 445 2798 ¹
458 2781 550 2812 Nero
580 2783 680 2814 laetns
709 2783 853 2817 flammae
875 2787 947 2826 pul-

254 2828 458 2872 chritudine,
473 2830 589 2862 ἅλωσιν
604 2832 637 2864 in
656 2833 713 2865 iilo
730 2844 789 2866 suo
810 2836 947 2868 scenico

996 2137 1111 2169 habitu
1135 2137 1359 2169 decantavit)
1402 2138 1562 2170 Meminit
1591 2139 1692 2171 etiam

996 2187 1154 2228 Tacitus,
1174 2187 1320 2218 Orosius
1335 2187 1392 2228 qui
1409 2187 1552 2219 Iliadem
1569 2189 1695 2220 decan-·

998 2242 1084 2268 tasse
1100 2238 1159 2268 ait.
1183 2237 1349 2268 Eusebius
1364 2241 1399 2268 et
1421 2238 1606 2279 Eutropius
1623 2239 1695 2270 Ne-

997 2297 1112 2319 ronem
1137 2286 1360 2318 inflammasse
1383 2287 1500 2318 urbem
1525 2288 1697 2330 scribung

997 2343 1036 2369 ut
1049 2339 1164 2379 Trojae
1178 2337 1373 2370 incendium
1388 2337 1451 2368 sub
1463 2338 1610 2378 imagine
1620 2348 1694 2371 cer-

996 2393 1107 2420 neret.
1153 2389 1299 2428 Magnus
1313 2387 1469 2427 Scaliger
1483 2396 1509 2418 1.
1528 2387 1630 2420 Poe—lt.
1643 2391 1696 2420 18.

995 2440 1117 2470 ‘Nero
1145 2438 1258 2479 potuit
1282 2436 1396 2476 Ῥώμης
1424 2435 1595 2476 ἐκπύρωσιν
1629 2438 1697 2469 sal-

996 2494 1084 2528 tare,
1100 2489 1221 2529 dignus
1247 2488 1344 2528 cujus
1361 2485 1530 2528 ἐκπύρωσιν
1551 2487 1696 2519 saltaret

995 2538 1163 2571 mundus.’

1039 2592 1103 2621 854
1129 2589 1277 2619 Nondum
1301 2588 1434 2622 detersa,
1463 2586 1546 2627 dies]
1576 2585 1635 2618 Ita
1657 2595 1694 2618 v.

998 2645 1005 2657 ‘
1020 2639 1157 2669 detersa
1173 2642 1323 2668 meretur
1338 2636 1427 2668 Juno
1443 2634 1588 2667 Jovem.’

1042 2693 1105 2721 856
1129 2687 1318 2726 Ingemuisse
1339 2684 1445 2725 putes]
1467 2684 1555 2716 Vide
1572 2693 1597 2716 1.
1619 2687 1695 2718 179.

999 2740 1008 2756 ‘
1026 2739 1228 2778 Neptunum
1245 2735 1388 2766 sensisse
1403 2732 1527 2775 putes.’

1043 2791 1105 2819 857
1132 2786 1288 2826 Trojoeque
1315 2783 1453 2822 jacentis
1481 2783 1596 2814 Metiri
1623 2784 1696 2823 J'am

991 2838 1067 2875 futu
1088 2835 1177 2876 licet]
1204 2833 1356 2867 Eandem
1379 2842 1450 2865 rem
1478 2833 1610 2874 prolixe
1636 2835 1698 2866 de-
