1889 3194
332 319 417 364 628

333 427 376 458 de
408 426 418 444 ‘
434 426 612 467 Gergethii
624 426 633 441 '
664 426 696 458 ἐν
721 427 762 467 τῇ
788 426 912 465 Τρώαδι,
942 435 1025 466 quos

331 475 468 507 Attalus
483 476 515 507 in
540 486 662 517 pagum
688 476 898 516 Gen-getham
919 484 1026 515 prope

332 527 427 558 Caici
453 525 562 558 fontes
585 526 789 565 transduxit,
821 525 960 566 oppido,
984 524 1027 555 de

331 585 399 617 quo
415 576 511 607 nobis
525 576 577 607 liic
593 580 701 607 sermo
718 579 785 614 est,
801 575 949 606 sublato.

370 627 391 667 ᾧ
408 629 449 657 28
473 626 649 664 Praferens
667 625 732 656 Dei
746 625 861 665 vallas]
884 623 1027 655 Simula-

331 684 391 706 cra
408 675 585 715 Apollinis.

371 722 632 764 Magnificarent]
640 722 757 763 Magni
767 722 933 754 facerent.
949 722 1027 753 Vox

330 774 460 805 Latinis
476 773 638 804 Patribus
655 779 827 812 usurpata.

372 825 389 864 ᾗ
405 826 446 854 30
470 823 534 854 Sed
558 833 666 861 regum.
681 822 802 853 omnino
817 822 935 863 nullus]
954 821 1026 852 Sci-

328 873 425 913 licet,
440 872 450 889 ‘
460 871 630 912 Quicquid
641 871 788 903 delirant
798 871 924 912 Reges,
934 871 1026 912 plec-

330 926 450 953 tuntur
466 921 610 952 Achivi?

504 332 647 364 NOTAE
680 332 943 363 VARIORUM
980 332 1030 361 IN

371 971 554 1011 Perspicere
575 972 622 1013 se]
647 970 718 1004 Aut
740 971 796 1003 bie
822 971 1028 1012 addendum,

328 1022 338 1039 ‘
353 1022 422 1063 ait,’
437 1026 496 1053 aut
510 1022 689 1054 delendum
706 1025 715 1039 ‘
727 1020 788 1053 se!

372 1073 390 1113 ᾧ
417 1075 457 1103 33
494 1073 654 1113 Tanquam
684 1070 822 1112 sperato]
855 1070 1028 1103 Eradatur

327 1123 337 1140 ‘
350 1125 533 1163 tanquam.’

372 1173 390 1213 ξ
407 1174 446 1202 35
460 1172 627 1203 Pandarus
638 1170 781 1211 Lycaone
791 1169 932 1210 genitas]
945 1170 1026 1201 Duo

328 1222 430 1263 hujus
444 1221 588 1253 nominis
604 1221 761 1252 videntur
776 1219 892 1261 fuisse,
905 1219 1027 1260 Lycius

330 1273 430 1310 alter,
449 1272 537 1301 alter
556 1270 738 1310 Trojanus:
759 1269 883 1300 Strabo
899 1270 1027 1310 qnippe

330 1319 630 1352 xiv.665.inhunc
639 1319 774 1351 modum
786 1319 851 1350 ait:
869 1318 1028 1350 ὑπόκειται

328 1371 373 1409 τῷ
381 1368 495 1411 ΚράὙω
504 1368 621 1410 Πίναρα
633 1369 666 1400 ἐν
673 1368 839 1411 μεσογαίᾳ,
848 1371 911 1400 τῶν
919 1369 1030 1408 μεγίσ-

329 1431 392 1450 των
403 1418 481 1451 οῧσα
494 1418 615 1450 πόλεων
630 1419 712 1460 ἐντῇ
725 1418 832 1460 Λυκίᾳ·
852 1419 982 1450 ἐνταῦθα
995 1417 1029 1451 δὲ

330 1469 488 1511 Πάνδαρος
512 1470 649 1509 τιμᾶται,
672 1468 774 1508 τυχὸν
787 1469 861 1501 ’ἴσως
876 1469 1030 1509 ὁμώνυμος

329 1521 378 1558 τῷ
394 1518 622 1560 Τρωῖκῷ,...καὶ
646 1518 707 1559 ’γὰρ
727 1519 840 1550 τοῦτον
859 1519 894 1549 ἐκ
917 1518 1029 1551 Λυκίας

329 1569 436 1609 φασίν.
480 1570 607 1599 Verum
637 1578 712 1600 cnm
735 1568 860 1599 Strabo
886 1577 970 1600 xm.
985 1578 1028 1600 ex

334 1619 438 1650 Hom.
452 1618 495 1650 Il.
512 1623 547 1649 Β.
592 1619 713 1658 Lycios
736 1618 902 1659 appellari
923 1619 1028 1650 Troas

331 1668 391 1708 ait,
413 1673 448 1699 et
463 1667 554 1707 apud
580 1667 807 1703 Eustathium,
834 1668 1030 1705 σημειοῦνται

333 1717 363 1747 οἱ
377 1715 515 1751 παλαιοὶ,
531 1715 578 1747 ὅτι
592 1715 612 1753 ἡ
627 1714 683 1754 μὲν
694 1715 776 1746 κατὰ
791 1715 950 1757 Πάνδαρον
964 1716 1028 1755 χώ-

332 1779 371 1807 ρα
392 1767 547 1805 ὁμώνυμος
571 1767 612 1808 τῇ
633 1767 666 1797 ἐν
685 1768 733 1806 τῷ
747 1766 850 1806 Ξάνθῳ
864 1766 959 1809 Λυκίᾳ
975 1774 1029 1798 κα-

332 1823 448 1855 λειται,
473 1816 624 1847 Pandari
649 1815 715 1847 duo
737 1826 801 1847 non
819 1822 947 1848 temere
963 1821 1030 1848 sta-

333 1866 451 1897 tuendi
476 1872 567 1905 sunt,
589 1875 663 1897 cum
686 1865 841 1897 Priamus
863 1876 906 1897 ex
935 1865 1028 1898 Altae

333 1916 497 1956 Lelegum
511 1916 730 1956 Imperatoris
749 1916 820 1947 filia
836 1916 1030 1957 Lycaonem

335 1964 504 2005 genuerit,
529 1970 658 2005 patrem
673 1965 820 1996 Paudari
836 1965 956 1997 nostri.

376 2014 536 2045 Larissam
563 2014 816 2055 Pelasgidmum]
851 2015 900 2046 Ut
915 2015 957 2046 ab
972 2015 1030 2046 illa

334 2073 410 2105 quae
433 2064 467 2094 in
482 2065 659 2095 Thessalia
676 2069 726 2096 est
742 2064 1029 2106 ‹ilsungum-etun

333 2115 484 2155 quamvis
504 2118 540 2145 et
563 2115 621 2145 illa
642 2114 899 2155 Pelasgidarum
917 2114 1031 2146 vocari

334 2164 452 2203 possit,
468 2174 544 2195 cum
561 2165 639 2195 olim
656 2165 745 2195 inter
760 2165 872 2196 AEoles
889 2165 1031 2196 Thessa-

335 2213 387 2244 liae
404 2213 531 2245 incolas
547 2223 629 2255 gens
646 2214 831 2245 clarissima
844 2213 949 2246 fuerit
963 2215 1030 2246 Pe-

332 2263 430 2303 lasgi.

375 2314 568 2354 Pyloemenes
584 2312 825 2354 Paphlagoniae]
840 2312 919 2343 Non
933 2312 1030 2344 omit-

335 2363 440 2395 tenda
454 2367 544 2403 sunt,
562 2372 638 2404 quae
656 2363 698 2393 de
715 2363 847 2394 nomine
862 2364 1030 2404 Pylaeme-

334 2414 384 2444 nis
402 2413 597 2444 Eustathius
611 2412 730 2453 habet,
747 2413 787 2443 ad
812 2413 855 2444 Il.
872 2417 906 2443 Β.
929 2413 945 2443 ὁ
968 2417 1030 2444 Πυ-

334 2462 480 2501 λαιμένης
501 2462 675 2503 παράγεται
699 2460 780 2493 κατὰ
803 2462 860 2493 τὸν
882 2461 1030 2501 μεσαιπό-

334 2519 413 2545 λιον.
427 2514 467 2545 ὥς
477 2513 539 2553 ’γὰρ
551 2514 644 2544 τοῦτο
657 2512 776 2552 ’γίνεται
791 2512 850 2543 ἀπὸ
865 2514 923 2544 τοῦ
935 2525 1031 2552 μεσο-

334 2563 455 2603 πόλιος,
467 2562 517 2594 καὶ
528 2564 627 2604 τροπῇ
639 2564 695 2593 τοῦ
706 2575 722 2594 ο
734 2562 776 2594 εἰς
788 2575 818 2599 α,
829 2563 1030 2604 μεσαπόλιος,

336 2613 387 2644 καὶ
412 2615 599 2652 πλεονασμῷ
613 2614 671 2644 τοῦ
695 2626 704 2644 ι
718 2613 935 2652 μησαιπόλιος,
952 2612 1031 2644 οὕτω

338 2663 389 2694 καὶ
407 2663 599 2702 Πυλομένης,
615 2662 809 2702 Πυλαμένης,
828 2662 1031 2703 Πυλαιμένης.

336 2714 424 2746 Vide
437 2724 599 2754 nuperum
612 2714 801 2745 Sebastiani
814 2714 1032 2745 Faesclniidis-

337 2766 554 2796 sertationem
585 2763 627 2795 de
655 2774 792 2796 nummo
828 2764 1032 2805 Pylaemeuis

342 2814 520 2855 Evergetae
551 2814 655 2855 Regis
685 2814 940 2856 Paplilagoniae,
976 2814 1033 2856 qui

1070 331 1258 360 DlC'rYM
1293 328 1607 360 CRETENSEM.

1077 424 1242 456 familiare
1261 432 1383 455 nomen
1405 422 1610 464 Pylaemenis
1625 420 1776 463 Regibus

1077 473 1324 514 Paphlagoniae
1354 472 1459 506 fuisse
1482 472 1613 509 asserit,
1626 477 1662 504 et
1677 481 1697 504 a
1709 472 1778 514 pri-

1076 532 1130 554 mo
1153 524 1223 564 illo,
1250 533 1350 565 quem
1380 523 1497 554 laudat
1524 522 1708 564 Homerus,
1733 524 1776 555 ad

1077 572 1228 604 ultimum
1254 582 1359 614 usque
1386 571 1614 613 descendisse,
1631 576 1670 604 ut
1685 572 1777 613 apud

1077 622 1301 663 Cappadocas
1318 631 1439 653 nornen
1458 621 1664 663 Ariarathis,
1685 622 1776 664 apud

1076 672 1255 713 AEgypfios
1271 671 1463 712 Ptolemaei,
1486 673 1551 703 &c.

1121 723 1221 754 Odius
1249 722 1444 763 Azanorum]
1477 723 1559 763 Leg.
1587 721 1778 762 Alizonum‚

1076 782 1159 813 quos
1175 772 1298 803 Strabo
1322 771 1499 804 Allazonas
1525 777 1637 804 vocat.
1683 771 1778 803 Male

1076 823 1111 854 iu
1126 822 1328 864 quibusdam
1340 821 1435 853 libris
1447 821 1620 862 impressis
1635 820 1777 854 Homer.

1077 873 1122 905 11.
1138 877 1173 904 Β.
1197 872 1214 902 ὃ
1229 871 1314 910 Διὸς,
1330 871 1426 913 quasi
1449 875 1540 903 esset
1567 871 1674 910 Dius;
1698 880 1777 902 nam

1077 932 1238 964 expresse
1255 921 1453 953 Eustathius
1471 921 1542 953 ait:
1565 919 1737 960 Ἁλιζώνων
1759 921 1777 953 ὅ

1076 984 1112 1004 τε
1126 972 1227 1004 Ὀδίος
1241 970 1340 1011 ἦρχον
1353 969 1404 1002 καὶ
1421 971 1438 1001 ὁ
1451 970 1670 1012 Ἐπίστροφος.

1121 1023 1236 1054 Nastes
1247 1026 1277 1053 et
1292 1021 1534 1062 Amphimachus
1542 1023 1579 1053 de
1594 1019 1706 1061 Caria]
1721 1019 1778 1052 In-

1077 1080 1154 1103 sere
1165 1076 1174 1090 '
1188 1071 1379 1111 Nomionis;
1388 1070 1397 1084 ’
1407 1071 1504 1111 hujus
1515 1070 1603 1101 enim
1613 1069 1676 1102 filii
1690 1075 1779 1102 teste

1078 1119 1229 1152 Homero
1250 1125 1361 1153 erant.
1385 1120 1428 1152 Il.
1443 1124 1478 1152 Β.
1499 1119 1649 1160 Νομίονος
1670 1118 1778 1160 ἆγλαὰ

1076 1181 1180 1202 7610!oe-

1121 1221 1138 1261 ᾗ
1155 1222 1195 1251 38
1212 1219 1365 1252 Densatis
1369 1219 1550 1261 frontibus]
1568 1220 1616 1252 Ut
1632 1229 1735 1261 supra
1744 1223 1778 1252 2.

1076 1269 1086 1287 ‘
1101 1269 1319 1301 condensatis
1336 1270 1504 1311 utrimque
1520 1269 1714 1301 frontibus!

1121 1320 1192 1359 §39
1209 1318 1334 1349 Graecis
1346 1329 1383 1350 ac
1390 1318 1542 1360 singulis]
1558 1320 1641 1361 Leg.
1657 1319 1666 1336 ‘
1679 1319 1777 1352 Grae-

1078 1376 1193 1399 corum
1210 1368 1375 1408 singulis.’

1118 1417 1166 1448 At
1175 1417 1228 1449 ubi
1241 1418 1363 1458 procul]
1376 1418 1462 1459 Leg.
1482 1417 1493 1436 ‘
1505 1418 1546 1450 Id
1561 1418 1618 1450 ubi
1635 1418 1779 1459 procul.’

1119 1466 1172 1498 Ad
1182 1470 1371 1508 postremum
1387 1467 1518 1509 cogunt]
1541 1468 1668 1501 Melius
1683 1468 1693 1486 ‘
1709 1469 1776 1501 Co-

1081 1516 1190 1558 gere!

1122 1568 1139 1608 ξ
1155 1569 1197 1598 40
1212 1566 1386 1598 Adversum
1396 1566 1518 1607 cedens]
1530 1567 1614 1608 Leg.
1628 1565 1781 1598 ‘Adver-

1078 1626 1151 1648 sum
1168 1617 1322 1649 vadens!
1356 1618 1434 1649 Non
1451 1618 1540 1648 enim
1557 1616 1656 1658 cedo,
1672 1627 1780 1660 quan«

1078 1666 1122 1698 do
1138 1667 1170 1698 in
1187 1667 1337 1707 aliquem
1353 1666 1497 1698 infestus
1513 1676 1585 1699 ruo.

1120 1717 1138 1757 ᾧ
1154 1719 1193 1748 41
1212 1717 1351 1747 Militem
1363 1716 1563 1757 frequentem
1576 1717 1610 1748 in
1625 1727 1712 1749 arma
1722 1718 1779 1750 ha-

1078 1765 1185 1808 buere]
1202 1767 1285 1807 Leg.
1301 1767 1310 1783 ‘
1324 1766 1364 1796 In
1375 1766 1502 1806 armis,’
1518 1766 1581 1798 hoc
1593 1772 1660 1807 est,
1671 1778 1778 1799 arma-

1079 1819 1143 1847 tos.
1167 1815 1258 1847 Aut‘
1271 1815 1487 1857 frequentem
1502 1817 1592 1858 apud
1605 1817 1714 1849 arma'
1732 1818 1779 1849 le-

1079 1874 1160 1905 gere
1175 1865 1270 1905 licet,
1285 1869 1323 1897 ut
1339 1868 1394 1898 45.

1123 1916 1188 1951 Qui
1195 1915 1345 1957 reliquus]
1360 1917 1441 1957 Leg.
1455 1916 1466 1934 ‘
1479 1916 1558 1958 quia
1572 1915 1746 1956 reliquus.’

1122 1968 1191 2008 §45
1207 1967 1340 2008 Rhesus]
1365 1967 1489 1998 Strabo
1502 1975 1587 2000 xm.
1602 1967 1712 2004 Ῥῆσος
1721 1979 1777 1999 πο-

1079 2016 1175 2054 ταμὸς
1191 2017 1223 2047 ἐν
1236 2017 1339 2058 Τροίᾳ,
1351 2016 1462 2056 Ῥῆσος
1475 2015 1508 2048 δὲ
1528 2016 1579 2048 καὶ
1595 2017 1611 2048 ὁ
1626 2015 1778 2053 βασιλεὺς

1079 2069 1142 2099 τῶν
1158 2069 1296 2108 Θρᾳκῶν.
1485 2098 1491 2114 ἱ

1124 2118 1141 2158 ᾧ
1155 2119 1197 2148 49
1214 2117 1253 2147 In
1266 2119 1426 2157 utramque
1440 2116 1522 2148 sacri
1534 2116 1673 2158 partem]
1693 2117 1778 2157 Leg.

1079 2167 1089 2185 ‘
1104 2166 1201 2198 Inter
1219 2165 1421 2208 utramque!

1334 2249 1427 2282 LIB.
1451 2249 1523 2282 111.

1122 2316 1141 2356 ξ
1159 2317 1174 2346 1
1193 2315 1299 2346 'More
1327 2314 1457 2354 optimo]
1485 2313 1643 2345 Bai-thius
1673 2323 1779 2356 expo-

1081 2363 1142 2396 nit.
1163 2366 1173 2383 ⁴
1184 2364 1364 2395 Laudabili
1380 2362 1650 2395 consuetudine!

1125 2415 1212 2450 Quin
1225 2415 1308 2446 inter
1323 2413 1378 2445 hos
1383 2413 1454 2452 jam
1466 2412 1674 2454 praecelleret]
1695 2413 1778 2444 Bar-

1079 2465 1192 2496 thius:
1218 2465 1228 2482 ⁴
1240 2464 1331 2496 Quin
1347 2464 1405 2494 hos
1420 2463 1508 2494 inter
1519 2464 1618 2494 etiam
1635 2462 1778 2503 proecel-

1078 2515 1167 2547 leret
1181 2514 1200 2546 :'
1231 2513 1292 2545 sed
1315 2513 1397 2545 nihil
1419 2512 1614 2544 mutandum
1631 2521 1777 2553 cense03

1080 2565 1090 2583 ‘
1103 2565 1181 2597 Jam
1197 2568 1267 2596 tum
1280 2563 1290 2577 ’
1314 2564 1362 2594 ita
1385 2563 1507 2604 ubique
1530 2561 1665 2593 Author
1680 2572 1778 2594 usur-

1081 2620 1139 2655 pat
1154 2625 1162 2646 :
1194 2623 1292 2645 nemo
1320 2613 1445 2654 quippe
1473 2611 1664 2650 dubitabat,
1694 2611 1777 2652 quin

1075 2663 1276 2704 jamdudum
1293 2663 1383 2695 inter
1396 2663 1455 2693 lios
1467 2661 1681 2702 praecelleret
1695 2660 1776 2691 Phi·

1080 2716 1237 2754 loctetes,
1253 2722 1301 2744 sc.
1317 2712 1360 2744 ob
1374 2712 1502 2744 divinas
1518 2710 1672 2751 sagittas,

1123 2763 1294 2805 Suspectis]
1311 2764 1395 2805 Leg.
1416 2762 1594 2803 ‘exemplo
1608 2759 1773 2794 facinoris

1083 2812 1266 2855 suspecto.'
