1889 3194
574 312 638 341 DE
671 311 826 342 BELLO
860 309 1087 341 TROJANO
1125 310 1216 340 LlB.
1248 312 1311 341 Vl.

1584 301 1668 342 575

223 405 499 447 Accendisse
516 405 669 455 duces,
690 406 912 446 lacerasse
933 405 976 445 in
996 404 1150 458 praelia
1170 404 1394 452 mundum,

223 471 436 512 Infamem
457 472 587 513 famae
608 472 784 512 titulum
805 471 972 513 lucrata
990 470 1224 524 pudendae.

280 539 507 579 Hactenus
533 539 688 580 Iliacae
711 543 909 591 questus,
930 538 1136 587 lamenta,
1159 537 1311 586 ruinae,

222 603 422 645 Confusa
441 605 632 658 explicui
651 604 814 646 veteris
834 603 1099 657 compendia
1119 604 1227 645 veri.

1583 605 1667 646 960

279 669 410 720 Vive,
430 670 556 720 liber,
578 672 775 724 liberque
797 671 925 723 vige3
957 670 1035 711 sed
1057 670 1096 711 si
1119 683 1206 724 qua
1226 671 1466 721 nocebunt,

222 737 359 778 Disce
378 737 519 778 libens
539 738 677 779 livore
696 737 802 778 nihil
822 737 1054 778 sublimius
1077 750 1172 778 esse
1190 751 1200 778 :

221 803 333 844 Cum
354 803 433 844 tibi
454 804 688 845 mordaces
709 804 941 857 obliquent
959 803 1075 844 laeva
1095 803 1333 844 cachinnos

220 869 463 918 Murmura,
481 880 580 910 cum
602 869 785 923 cupiant
803 870 964 923 linguis
982 869 1181 911 lacerare
1202 870 1418 923 profanis,

222 935 296 976 Sis
317 935 485 976 utinam
504 935 673 976 invidia
692 935 864 989 dignus,
888 948 987 989 quae
1010 949 1182 977 summa
1200 936 1398 986 lacessit,

1582 937 1667 979 965

221 999 368 1050 Quam
388 1001 532 1054 pascit
552 1013 768 1055 praesens,
789 1006 1077 1056 extremaque
1100 1002 1303 1043 terminat
1323 1006 1446 1044 aetas.

868 1175 1007 1209 NOTAE

219 1272 275 1314 qui
301 1282 361 1305 sua
388 1273 587 1315 conjectura
610 1275 728 1307 statuit
745 1274 912 1306 Helenam

217 1323 356 1364 Trojam
372 1333 539 1365 nunquam
556 1324 657 1356 fuisse
675 1335 694 1356 a
711 1324 838 1356 Paride
854 1324 914 1355 de-

217 1373 367 1411 ductam,
389 1384 422 1415 p.
439 1377 512 1407 133.
542 1375 713 1415 Euripidis
730 1375 913 1415 interpres,

216 1423 259 1455 ad
291 1424 455 1460 Oresten,
480 1425 611 1460 scribit,
634 1434 675 1455 ex
703 1425 911 1465 stesichoro,

215 1472 384 1504 Helenam
399 1473 568 1514 lapidibus
582 1475 791 1505 obruendam
805 1473 912 1505 forma

214 1531 276 1553 sua
301 1522 351 1554 ita
378 1523 521 1554 movisse
546 1523 686 1563 animos,
713 1528 751 1555 nt
778 1523 911 1564 lapides

213 1580 315 1603 manu
331 1572 537 1611 exciderint,
552 1582 585 1613 p.
595 1575 669 1604 235.

256 1624 317 1654 961
337 1622 424 1663 Vive,
433 1622 522 1663 liber,
535 1622 668 1663 liberque
682 1622 769 1663 vige]
781 1622 912 1654 Seneca

214 1672 281 1713 Ep.
291 1675 344 1704 64.
356 1672 365 1690 ‘
380 1673 465 1704 Cum
480 1673 606 1713 legeris
621 1674 787 1711 Sextium,
798 1672 908 1703 dices:

212 1721 322 1762 Vivit,
338 1721 442 1762 viget,
459 1722 545 1754 liber
560 1722 635 1763 est,'
649 1724 714 1755 διο.
749 1722 910 1754 Modesta

213 1781 295 1804 vero
311 1773 462 1804 clausula
478 1782 617 1813 operam
632 1783 725 1805 suam
743 1782 911 1805 commen-

212 1821 283 1863 dat,
307 1822 407 1864 idque
433 1822 551 1861 ductu,
575 1828 614 1855 ut
635 1824 734 1860 solet,
757 1823 910 1865 Papinii,

212 1873 269 1914 qui
296 1873 338 1905 ad
362 1873 448 1905 hanc
472 1872 596 1905 faciem
618 1874 791 1906 Thebaida
814 1883 908 1905 suam

212 1923 357 1955 claudit.
401 1922 497 1955 Idem
514 1922 702 1964 σύγχρονος,
718 1928 755 1955 ut
773 1923 909 1964 quidem

213 1973 363 2013 videtur,
387 1972 453 2004 illis
479 1973 676 2005 Guntlierus
696 1974 730 2005 in
746 1973 909 2014 Ligurino

212 2022 310 2054 fecit.

256 2075 320 2103 962
346 2072 443 2104 Disce
469 2072 566 2104 libens
590 2073 688 2105 livore
711 2072 792 2104 nihil
814 2071 909 2103 subli-

212 2122 293 2153 mius
328 2123 408 2163 esse]
444 2122 570 2154 Omnia
613 2123 702 2154 enim
744 2121 911 2162 φενακίζει.

212 2171 374 2203 ‘Summa
401 2171 491 2212 petit
515 2171 626 2204 livor!
662 2172 764 2203 ovid.
794 2172 909 2211 Silius,

212 2222 222 2239 ‘
239 2221 414 2253 obtrectat
439 2222 546 2252 malus
573 2222 772 2253 immortalia
799 2220 909 2253 livor.'

213 2271 332 2303 Claud.
355 2270 510 2302 ‘rabiem
535 2270 651 2302 livoris
674 2270 789 2302 acerbi
806 2271 909 2302 Nulla

213 2326 328 2363 potest
341 2321 476 2361 placare
487 2320 581 2351 dies!
597 2321 735 2352 Lucret.
749 2329 783 2352 v.
799 2321 807 2337 ‘
820 2320 912 2352 Invi-

213 2371 270 2403 dia
285 2370 457 2412 quoniam,
468 2379 531 2402 ceu
543 2369 695 2407 fulmine,
708 2379 836 2401 summa
851 2380 909 2402 va-

212 2425 338 2463 porant
357 2421 577 2462 Plerumque,
591 2425 627 2452 et
649 2430 725 2462 quae
741 2424 820 2452 sunt
835 2421 909 2452 aliis

211 2471 318 2512 magis
329 2470 424 2502 edita
432 2469 599 2512 cumque!
615 2470 714 2501 Philo
724 2470 780 2501 De
797 2479 908 2502 rerum

212 2521 318 2553 divin.
342 2521 480 2560 herede,
498 2530 532 2561 p.
545 2523 621 2552 411.
635 2519 747 2560 φθόνος
770 2520 817 2552 ἀεὶ
841 2522 910 2552 ταῖς

210 2570 365 2611 μεγάλαις
382 2570 559 2612 εὐπραγίαις
580 2569 761 2603 ἀντίπαλος.
807 2572 908 2603 Clau-

212 2622 332 2653 dianus
355 2621 491 2663 quidem
516 2620 661 2653 affirmat
681 2630 738 2653 ιιι.
761 2621 803 2652 de
819 2622 910 2655 laud.

211 2671 322 2704 stilic.
345 2672 355 2690 ‘
369 2672 433 2703 Est
455 2670 591 2713 aliquod
614 2670 726 2702 meriti
748 2670 910 2711 spatium,

212 2721 301 2762 quod
325 2721 415 2753 nulla
437 2720 579 2752 furentis
595 2719 736 2751 Invidiae
753 2728 909 2751 mensura

213 2770 330 2811 capit.’
375 2770 479 2802 Ovid.
497 2780 547 2803 vi.
564 2770 706 2802 Metam.
722 2770 810 2801 ‘non
826 2771 907 2802 illud

215 2829 359 2860 carpere
373 2820 458 2853 Ilvor
474 2820 590 2852 Possit
611 2829 695 2861 opus
709 2818 730 2850 τ’
753 2819 811 2851 sed
828 2819 907 2851 σπά-

967 1284 1032 1304 νιον
1047 1272 1145 1314 illud,
1160 1282 1237 1304 raro
1256 1272 1391 1315 aliquod
1415 1272 1608 1311 ἀδιάβλητον
1629 1278 1665 1305 et

967 1322 1142 1361 ἀμώμητον.
1194 1324 1292 1356 Quod
1321 1324 1491 1356 Pindarus
1517 1325 1664 1356 omnium

967 1374 1252 1414 praestantissima
1278 1384 1339 1406 sua
1368 1375 1434 1406 Od.
1459 1375 1599 1417 Olymp.
1622 1385 1665 1407 ιι.

967 1424 1206 1464 conqueritur3
1253 1424 1333 1455 item
1379 1426 1541 1456 Nemeor.
1581 1434 1661 1458 vm.

966 1473 1055 1504 Vide
1072 1473 1243 1505 Stobaeum
1261 1476 1334 1506 139.
1350 1477 1423 1506 140.

1008 1527 1070 1556 965
1095 1524 1149 1555 Sis
1170 1525 1289 1555 utinam
1309 1525 1430 1556 invidia
1445 1525 1573 1566 dignus]
1596 1526 1663 1557 Eu-

964 1573 1028 1614 rip.
1056 1572 1099 1605 εἷς
1113 1573 1276 1612 τᾶπίσημα
1292 1574 1309 1604 ὁ
1324 1573 1434 1614 φθόνος
1450 1576 1551 1616 πηδᾷν
1568 1577 1665 1614 φιλεῖ.

963 1624 1132 1656 Pindarus
1150 1635 1158 1655 ε
1184 1622 1332 1664 Κρέσσων
1354 1623 1516 1664 οἰκτιρμῶν
1539 1624 1664 1664 φθόνος.

963 1674 1173 1706 Nazianzen.
1190 1674 1252 1706 Or.
1269 1683 1361 1706 xvn.
1377 1677 1451 1705 269.
1476 1674 1587 1713 φθόνος
1605 1675 1664 1715 μὲν

963 1724 1136 1765 εὐπραξίαν,
1147 1725 1305 1765 συμφορὰν
1323 1724 1348 1754 δ’
1366 1722 1455 1755 ἔλεος
1463 1723 1581 1762 ἵστησι,
1597 1727 1662 1758 &c-

962 1774 1074 1806 Φθόνος
1095 1774 1169 1815 πρὸς
1194 1774 1251 1806 τὸν
1276 1773 1394 1814 ἔχοντα
1414 1772 1510 1816 ἕρπει,
1532 1775 1662 1817 Sopho-

963 1823 1032 1855 cles
1049 1824 1082 1855 in
1100 1823 1223 1864 Ajace.

1005 1876 1070 1905 966
1094 1873 1198 1909 Quam
1217 1873 1319 1914 pascit
1344 1883 1493 1914 praesens,
1508 1877 1662 1906 extrema-

962 1933 1020 1963 que
1034 1924 1181 1955 terminat
1198 1923 1291 1964 cetus]
1315 1923 1491 1964 chrysost.
1511 1929 1605 1955 recte
1627 1925 1662 1955 iu

963 1974 1049 2005 libro
1063 1973 1107 2005 de
1124 1973 1319 2014 Virginitat.
1339 1983 1372 2014 p.
1386 1977 1460 2004 305.
1476 1983 1507 2006 c.
1520 1977 1573 2006 2⁷.
1586 1974 1663 2014 πρὸς

963 2022 998 2055 δὲ
1017 2022 1091 2055 τοὺς
1108 2022 1373 2060 τετελευτηκότας
1393 2022 1446 2055 καὶ
1466 2024 1496 2055 οἱ
1519 2024 1663 2063 πολέμιοι

963 2072 1154 2104 σπένδονται.
1199 2074 1394 2106 Mimnerm.
1417 2074 1518 2105 Δεινοὶ
1533 2074 1594 2115 ’γὰρ
1608 2075 1662 2106 ἄν·

963 2122 1010 2164 apl
1021 2121 1137 2154 πάντες
1149 2121 1243 2162 ἐσμὲν
1252 2123 1384 2163 εὖκλεεῖ,
1392 2124 1487 2154 zama
1497 2125 1660 2164 φθονῆσαι,

962 2171 1157 2203 κατθανόντα
1171 2172 1196 2202 δ’
1210 2170 1339 2204 αἰνέσαι.
1371 2171 1402 2204 Α
1416 2183 1482 2214 quo
1496 2174 1661 2205 Horatius

964 2222 1103 2253 sumsit:
1131 2226 1141 2239 ‘
1160 2221 1331 2253 Virtutem
1357 2222 1559 2254 incolumem
1587 2224 1661 2255 odi-

963 2270 1062 2311 mus‚'
1083 2273 1148 2303 &c.
1179 2272 1189 2289 ‘
1207 2271 1291 2302 Cum
1315 2272 1455 2303 mortuis
1478 2273 1565 2305 enim
1593 2283 1661 2305 non

962 2323 1027 2354 nisi
1044 2323 1144 2354 larvae
1160 2322 1357 2361 luctantur,’
1370 2326 1408 2354 ut
1423 2323 1572 2355 Plancus
1584 2323 1662 2355 Asi-

963 2372 1019 2404 nio
1047 2372 1195 2404 Pollioni
1225 2372 1468 2413 respondebat.
1512 2373 1603 2405 Plin.
1624 2374 1660 2406 in

963 2421 1168 2463 praefatione
1180 2422 1355 2453 librorum.
1371 2422 1520 2455 Philon.
1544 2424 1599 2455 De
1611 2424 1660 2455 vi-

963 2476 999 2503 ta
1012 2472 1118 2503 Mosis
1131 2482 1140 2503 ι
1162 2471 1204 2503 τὰ
1217 2471 1279 2513 ’γὰρ
1297 2471 1390 2507 καλὰ,
1400 2471 1458 2503 κᾶν
1471 2471 1571 2512 φθόνῳ
1585 2473 1661 2514 πρὸς

962 2521 1072 2561 ὀλίγον
1081 2523 1269 2563 ἐπισκιασθῇ
1275 2520 1454 2562 χρόνον,ε’πὶ
1462 2522 1567 2563 καιρὸν
1576 2521 1662 2556 αὖθις

962 2571 1138 2611 ἀναλάμπει
1148 2570 1269 2611 φύσεως
1277 2570 1428 2612 εὐμενείᾳ,
1437 2581 1471 2612 p.
1481 2574 1556 2605 509.
1571 2573 1661 2606 Vell.

962 2623 1101 2654 Patere.
1113 2631 1137 2654 1.
1148 2622 1157 2638 ‘
1167 2622 1273 2654 Quam
1284 2621 1326 2652 sit
1338 2620 1472 2652 assidua
1480 2621 1660 2654 eminentis

961 2670 1106 2702 fortunae
1126 2679 1239 2702 comes
1261 2669 1401 2709 invidia,
1422 2670 1660 2713 altissimisque

963 2720 1148 2758 adhaereat,
1162 2719 1264 2750 etiam
1279 2719 1343 2750 hoc
1358 2719 1502 2759 intelligi
1520 2721 1660 2762 potest‚’

962 2772 1026 2801 διε.
1051 2768 1204 2809 Insignia
1216 2768 1257 2799 de
1270 2768 1388 2799 eadem
1405 2777 1441 2799 re
1459 2768 1659 2810 Clirysosto-

962 2830 1035 2852 mus
1052 2820 1172 2853 scribit
1185 2829 1216 2851 v.
1229 2819 1271 2851 de
1289 2818 1423 2852 Sacerd.
1441 2829 1472 2860 p.
1487 2823 1559 2853 165.
1576 2821 1658 2853 edit.
