1889 3194
216 334 301 375 556

217 436 328 478 Cum
351 439 526 492 pavidae
549 443 591 480 et
611 441 742 482 nullis
761 454 853 482 usae
877 440 1144 493 Pelopeides
1166 442 1313 491 armis,

738 347 938 378 JOSEPHI
978 347 1140 378 lSGANl

1582 441 1668 483 605

219 504 469 547 Foemineas
490 507 639 549 audire
661 509 816 549 tubas:
849 512 893 549 at
913 508 1070 560 frigore
1094 509 1237 549 nescit

216 570 262 611 N
265 572 383 613 ativo
405 574 622 626 geminum
645 575 900 616 crudescere
922 575 1097 627 vulgus,
1115 579 1157 615 et
1177 588 1306 616 axem

215 639 505 680 Sarmaticum
529 654 729 693 generare
751 641 909 682 animis
926 642 1161 692 gentilibus
1183 643 1303 682 iram.

274 706 396 747 Tunc
411 707 476 747 sic
490 707 773 760 increpitans,
796 707 987 756 Pudeat,
1007 707 1131 748 Mars
1151 709 1330 762 inclyte,
1346 709 1461 751 dixit
1482 724 1492 752 ι

214 774 279 814 En
295 776 371 814 tua
391 775 515 826 signa
531 776 655 826 gerit,
678 780 722 815 et
742 778 893 815 nostra
909 773 1151 816 effoeminat
1172 788 1292 816 arma

1575 777 1661 820 610

216 840 486 881 Staminibus
508 841 584 882 vix
609 846 719 894 apta
739 853 920 882 manus:
952 854 1069 883 nunc
1091 843 1442 894 stabitishercle‚

215 907 406 961 Perjurae
428 912 583 957 turres,
606 907 806 948 calathos
828 912 872 950 et
893 921 1033 962 pensa
1052 909 1217 962 puellae

213 973 349 1016 Plena
368 977 522 1025 rotant,
542 979 840 1029 sparguntque
862 976 989 1018 colos
1008 990 1017 1018 :
1049 976 1134 1018 hoc
1157 977 1292 1020 milite
1312 977 1463 1032 Troja,

865 1086 1006 1119 NOTAE

213 1158 345 1200 scribit,
367 1160 442 1192 οἴκοι
462 1159 601 1201 λέοντες,
618 1161 652 1192 ἐν
676 1161 798 1202 Ἐφέσῳ
812 1160 910 1193 Λάκο-

211 1220 282 1241 νσςε
315 1211 404 1252 quod
431 1215 525 1243 recte
551 1212 586 1243 in
616 1211 774 1244 ἀλώπεκες
802 1217 912 1245 mutat

211 1259 352 1290 Florens
367 1259 589 1292 Christianus.
633 1262 783 1293 AElianus
796 1262 829 1294 id
848 1264 909 1294 La-

210 1308 288 1340 miae
313 1310 460 1341 scortillo
484 1311 615 1351 tribuit,
633 1321 707 1352 quae
734 1313 910 1353 Lysandro

212 1358 411 1400 insultabat,
428 1369 512 1392 xm.
527 1364 558 1392 9.
580 1361 610 1392 οἱ
630 1362 664 1393 ἐκ
678 1363 735 1400 τῆς
756 1363 909 1396 Ἑλλάδος

212 1408 351 1446 λέοντες,
373 1411 406 1441 ἐν
419 1409 538 1451 Ἐφέσῳ
560 1411 726 1450 γεγόνασιν
741 1412 910 1445 ἀλώπεκες.

211 1459 310 1491 Idem
350 1461 422 1492 vult
451 1462 605 1502 adagium
635 1464 726 1502 apud
757 1464 909 1504 Junium,

210 1511 219 1528 ‘
238 1510 408 1552 Briareus,
435 1512 515 1543 alias
544 1513 665 1553 lepus,’
691 1518 836 1545 sumtum
865 1525 908 1546 ex

211 1559 400 1600 Posidippo
425 1562 584 1601 Comic03
606 1562 723 1603 Ἐφάνη
749 1563 907 1605 Βριάρεως,

212 1609 250 1640 ἂν
264 1609 347 1652 τύχῃ
363 1612 400 1651 δ’,
417 1612 503 1644 ἐστὶν
512 1613 629 1652 λαγώς.
661 1616 804 1646 Tertull.
821 1617 907 1648 libro

211 1658 254 1690 de
270 1661 404 1692 Corona
415 1662 528 1693 militis
544 1672 568 1694 1.
591 1663 602 1680 ζ
617 1664 659 1695 In
676 1674 760 1705 pace
777 1666 905 1705 leones,

211 1709 245 1740 in
270 1710 387 1750 praelio
410 1712 529 1743 cervi.’
572 1713 782 1753 Heraclitus,
799 1716 860 1755 Ep.
876 1719 907 1747 2.

212 1758 255 1790 ad
291 1759 555 1794 Hermodorum:
580 1763 613 1793 ἐν
646 1765 715 1794 ταῖς
749 1764 908 1802 γλώτταις

211 1809 304 1848 ἔχετε
318 1810 359 1841 τὰ
372 1810 465 1842 ὅπλα.
508 1812 664 1844 Sidonius
680 1813 782 1854 Apol.
794 1823 828 1845 v.
843 1815 905 1855 Ep.

210 1864 241 1892 7.
266 1861 275 1877 ‘
293 1861 333 1892 In
348 1862 517 1902 praetoriis
532 1863 658 1903 leones,
674 1865 708 1896 in
725 1866 846 1896 castris
859 1867 905 1897 le-

211 1910 335 1950 pores.'
379 1912 428 1943 Eo
444 1916 601 1952 spectant
613 1914 787 1954 Sophoclis
802 1916 859 1946 illa
873 1916 906 1946 in

210 1960 407 1992 Philoctete
434 1964 528 1994 1337.
552 1963 642 1994 Ἀλλ’
671 1962 725 1995 οὖν
753 1965 907 1997 τοσοῦτόν

209 2010 241 2048 ’γ’
257 2010 319 2040 ἴσθι
338 2010 412 2042 τοὺς
425 2011 563 2052 πρώτους
584 2015 732 2054 στρατοῦ,
746 2014 823 2046 Τοὺς
843 2017 907 2046 τῶν

210 2059 342 2099 Ἀχαιῶν
374 2061 614 2103 ψευδοκήρυκας,
650 2063 761 2096 κακοὺς
788 2064 905 2097 ’Ὀντας

208 2109 284 2150 πρὸς
305 2109 431 2151 αἰχμὴν,
448 2111 480 2142 ἐν
502 2112 535 2143 δὲ
555 2114 621 2144 τοῖς
642 2112 751 2153 λόγοις
773 2118 905 2155 θρασεῖς.

210 2159 430 2192 Antisthenes
445 2172 452 2190 ε
476 2162 493 2192 ὁ
508 2161 644 2201 πόλεμος
659 2164 694 2194 οὐ
708 2164 795 2205 λόγῳ
809 2164 905 2206 κρῖνε·

207 2219 270 2247 ται,
282 2209 367 2242 ἀλλὰ
376 2209 467 2251 ἔργῳ.
486 2212 585 2244 Orat.
599 2223 661 2254 pro
671 2213 780 2255 Ajace
790 2220 905 2256 p.181.

209 2260 332 2291 AEmilii
358 2261 474 2302 Probi,
490 2263 542 2294 vel
567 2264 669 2295 Corn.
694 2265 853 2307 Nepotis,
868 2272 906 2299 ut

209 2310 281 2340 aliis
297 2310 403 2342 visum
426 2316 489 2347 est,
512 2322 579 2344 non
606 2313 767 2346 dissimile
791 2321 843 2348 est
868 2318 907 2348 il·

208 2360 277 2395 lud,
301 2362 310 2378 ‘
327 2362 459 2393 Fortius
475 2373 535 2403 pro
551 2363 711 2396 libertate
724 2366 905 2407 loqueban-

210 2415 384 2451 tur,quam
403 2413 621 2453 pugnabant!
646 2417 906 2456 p.71.inThra-

209 2460 340 2499 sybulo.
384 2461 442 2493 Ita
479 2463 684 2496 Claudianus
715 2467 757 2497 de
789 2468 903 2498 Leone

209 2519 379 2552 congrege
402 2513 558 2554 Eutropii
576 2523 618 2546 ιι.
640 2516 649 2532 ‘
668 2515 758 2546 Hinc
783 2526 903 2548 nomen

208 2558 317 2591 fertur
342 2563 502 2594 meruisse
523 2565 657 2605 Leonis,
674 2565 765 2598 Acer
788 2568 821 2598 in
845 2568 902 2599 ab·

208 2614 334 2650 sentes,
345 2612 625 2654 lingriajactator‚
636 2616 808 2648 abundans
823 2618 903 2649 Cor-

208 2660 530 2704 poris,exiguusque
542 2665 667 2696 animi.’
695 2667 901 2699 Demosthe-

209 2717 269 2739 nes
295 2719 335 2741 eo
365 2713 528 2751 respexit,
551 2722 627 2744 cum
651 2714 753 2756 dixit,
776 2717 902 2756 λαγωοῦ

207 2757 276 2792 βίον
291 2758 359 2800 ζῇν.
383 2760 582 2794 Cornificius
599 2764 675 2795 binc
690 2766 830 2806 ignavos
840 2767 900 2798 mi-

209 2807 287 2839 lites
312 2809 321 2825 ‘
338 2811 488 2849 galeatos
519 2812 673 2852 lepores’
705 2821 815 2856 vocat,
844 2817 901 2857 qui

208 2856 295 2896 ἀσκῷ
317 2858 525 2899 φλαυρίζουσι,
549 2866 584 2893 ut
610 2865 824 2903 proverbium
848 2871 901 2898 est

965 1162 1055 1203 apud
1074 1162 1336 1203 Diogenianum,
1350 1161 1390 1193 ὧν
1404 1161 1442 1193 ἂν
1457 1160 1563 1202 ἀνδρία
1577 1160 1665 1193 ἐστὶν

964 1212 1039 1254 ἄχρι
1060 1214 1117 1245 τοῦ
1137 1212 1254 1253 λέγειν,
1270 1219 1309 1245 ut
1334 1213 1511 1253 Sophoclis
1535 1213 1583 1244 ait
1607 1212 1666 1244 In-

964 1268 1109 1305 terpres.
1155 1264 1313 1296 Petronii
1341 1264 1437 1295 miles
1467 1263 1558 1302 talis,
1583 1262 1664 1304 ‘qui

963 1315 1136 1347 absentem
1150 1315 1238 1347 votis
1252 1314 1415 1346 interficit
1427 1312 1585 1345 hostem.’
1607 1313 1665 1344 In-

962 1366 1005 1397 de
1037 1366 1163 1397 Noster
1183 1375 1208 1397 1.
1239 1366 1248 1382 ‘
1266 1366 1473 1405 multumque
1503 1363 1664 1400 minatur,

963 1415 1029 1446 Sed
1046 1415 1176 1447 factura
1192 1413 1333 1455 parum!
1369 1413 1458 1445 Item
1473 1423 1482 1445 z
1507 1417 1516 1430 ¹
1529 1413 1663 1452 Litigiis

962 1466 1086 1502 audax,
1109 1470 1145 1497 et
1169 1466 1254 1496 citra
1282 1464 1400 1504 praelia
1424 1462 1547 1494 fortis!
1593 1462 1663 1494 Na-

961 1515 1065 1546 zianz.
1081 1515 1166 1546 scite
1188 1512 1365 1552 Σαλμουεὺς
1384 1512 1418 1543 ἐκ
1435 1510 1554 1552 βύρσης
1567 1514 1660 1552 βρον-

960 1566 1033 1596 τῶν.
1046 1565 1145 1597 Orat.
1160 1573 1199 1595 11.
1213 1565 1246 1595 in
1260 1563 1432 1596 Julianum
1448 1573 1480 1602 p.
1491 1565 1564 1593 115.
1579 1562 1660 1592 Phi-

961 1616 994 1646 lo
1010 1620 1103 1646 recte
1119 1616 1175 1646 De
1193 1613 1328 1645 somniis
1346 1623 1379 1652 p.
1396 1615 1472 1643 888.
1495 1612 1512 1642 ὅ
1525 1610 1582 1650 μὲν
1598 1612 1656 1642 τοῦ

959 1664 1125 1696 σπουδαίου
1153 1662 1233 1702 βίος,
1258 1664 1291 1694 ἐν
1315 1661 1426 1703 ἔργοις,
1446 1662 1479 1692 ἐν
1499 1660 1608 1700 λόγοις
1623 1660 1656 1694 δὲ

962 1716 978 1745 ὁ
993 1715 1051 1745 τοῦ
1065 1713 1187 1754 φαύλου
1202 1714 1367 1753 θεωρεῖται.

1003 1767 1066 1795 606
1093 1764 1274 1803 Alfi-igere
1296 1763 1394 1793 nescit
1417 1761 1536 1792 Nativa
1559 1763 1660 1801 gemi-

960 1825 1031 1846 num
1041 1817 1216 1847 crudescere
1227 1814 1352 1854 vulgus]
1376 1813 1503 1844 Versus
1514 1814 1657 1845 Boream

961 1867 1073 1898 omnia
1099 1866 1274 1905 vegetiora
1300 1870 1335 1896 et
1361 1864 1466 1903 magis
1495 1864 1658 1899 mascula,

961 1916 1048 1957 quod
1073 1917 1173 1947 Philo
1197 1916 1298 1947 etiam
1323 1915 1453 1945 monuit
1469 1923 1511 1944 ex
1527 1914 1656 1945 Aristo-

961 1967 1037 1999 telis
1065 1966 1299 2007 problematis,
1316 1969 1352 1995 et
1380 1964 1532 1995 Bodinus
1555 1964 1657 1995 toties

959 2017 1110 2049 iteravit.
1155 2016 1312 2047 Lucanus
1338 2023 1418 2046 vm.
1443 2015 1452 2031 ⁵
1473 2013 1594 2044 Omnis
1621 2013 1657 2044 in

959 2066 1098 2098 Arctois
1129 2066 1274 2107 populus
1305 2064 1494 2105 quicunque
1526 2062 1655 2103 pruinis

960 2116 1132 2155 Nascitur,
1148 2114 1331 2145 indomitus
1355 2113 1467 2153 bellis,
1482 2116 1517 2143 et
1532 2112 1657 2143 Martis

960 2171 1101 2197 amator.
1147 2164 1317 2204 Quicquid
1343 2162 1385 2193 ad
1404 2163 1493 2193 Eoos
1516 2166 1659 2202 tractus,

958 2216 1142 2257 mundique
1168 2220 1322 2255 teporem
1350 2212 1507 2251 Labitur,
1528 2212 1659 2243 emollit

959 2270 1079 2305 gentes
1096 2264 1277 2296 clementia
1288 2262 1389 2302 coeli,'
1405 2264 1471 2294 &c.
1506 2262 1560 2293 Ita
1572 2261 1657 2294 Ovi-

959 2315 1032 2347 dius
1049 2324 1098 2346 vr.
1123 2315 1263 2346 Metam.
1287 2313 1481 2351 ἆντιυλογεῖε
1506 2311 1515 2328 ‘
1533 2311 1593 2343 sed
1619 2316 1656 2343 et

957 2365 1045 2397 hunc
1071 2365 1185 2395 innata
1205 2362 1310 2394 libido
1336 2362 1556 2401 Exstimulat,
1578 2371 1655 2401 pro-

956 2425 1103 2457 numque
1118 2424 1221 2454 genus
1239 2413 1430 2452 regionibus
1449 2413 1513 2443 illis
1532 2412 1572 2444 ln
1587 2413 1655 2443 Ve-

957 2475 1087 2506 nerem,
1109 2464 1231 2506 flagrat
1254 2464 1337 2494 vitio
1365 2463 1556 2503 gentisque,
1577 2472 1654 2493 suo-

957 2515 1045 2557 que.’
1091 2516 1145 2546 De
1177 2514 1351 2554 regionum
1381 2510 1542 2553 ἐξαιρέτοις
1574 2512 1653 2543 vide

955 2567 1172 2599 Themistium
1185 2566 1284 2598 Orat.
1298 2574 1345 2596 vx.
1360 2568 1394 2596 et
1409 2564 1452 2595 ad
1464 2564 1555 2594 illum
1568 2563 1652 2595 talia

957 2622 1158 2650 tractantem
1180 2616 1307 2655 Georg.
1328 2615 1468 2645 Remum
1484 2623 1517 2653 p.
1533 2615 1609 2644 21⁷.

998 2670 1061 2699 610
1076 2668 1119 2698 Et
1127 2669 1233 2698 nostra
1240 2664 1407 2706 effoeminat
1415 2661 1518 2701 arma]
1529 2661 1649 2694 Claud.

955 2717 997 2748 de
1013 2717 1198 2756 Eutropio:
1221 2718 1230 2733 ‘
1250 2714 1453 2752 titulumque
1464 2709 1650 2742 effoeminat

955 2765 1057 2798 anni.'
1100 2765 1194 2797 Talis
1219 2763 1308 2805 apud
1324 2761 1504 2803 Virgilium
1521 2760 1649 2793 Numa·

955 2824 1095 2858 nuS,1x.
