<?xml version="1.0" encoding="UTF-8"?>
<!DOCTYPE html PUBLIC "-//W3C//DTD XHTML 1.0 Transitional//EN"
    "http://www.w3.org/TR/xhtml1/DTD/xhtml1-transitional.dtd">
<html xmlns="http://www.w3.org/1999/xhtml" xml:lang="en" lang="en">
 <head>
  <title>
</title>
<meta http-equiv="Content-Type" content="text/html;charset=utf-8" />
  <meta name='ocr-system' content='tesseract 3.04.00' />
  <meta name='ocr-capabilities' content='ocr_page ocr_carea ocr_par ocr_line ocrx_word'/>
</head>
<body>
  <div class='ocr_page' id='page_1' title='image "./dictyscretensise02dictuoft_0092.png"; bbox 0 0 1889 3194; ppageno 0'>
   <div class='ocr_carea' id='block_1_1' title="bbox 300 376 385 417">
    <p class='ocr_par' dir='ltr' id='par_1_1' title="bbox 300 376 385 417">
     <span class='ocr_line' id='line_1_1' title="bbox 300 376 385 417; baseline 0.012 -1"><span class='ocrx_word' id='word_1_1' title='bbox 300 376 385 417; x_wconf 79' lang='lat'><strong>436</strong></span> 
     </span>
    </p>
   </div>
   <div class='ocr_carea' id='block_1_2' title="bbox 357 474 1556 530">
    <p class='ocr_par' dir='ltr' id='par_1_2' title="bbox 357 474 1556 530">
     <span class='ocr_line' id='line_1_2' title="bbox 357 474 1556 530; baseline -0.003 -9"><span class='ocrx_word' id='word_1_2' title='bbox 357 480 602 528; x_wconf 86' lang='lat' dir='ltr'><strong>Consulite,</strong></span> <span class='ocrx_word' id='word_1_3' title='bbox 623 478 785 519; x_wconf 87' lang='lat' dir='ltr'><strong>ultores</strong></span> <span class='ocrx_word' id='word_1_4' title='bbox 808 475 1001 530; x_wconf 85' lang='lat' dir='ltr'><strong>Phrygii,</strong></span> <span class='ocrx_word' id='word_1_5' title='bbox 1020 474 1177 516; x_wconf 91' lang='lat' dir='ltr'><strong>Venus</strong></span> <span class='ocrx_word' id='word_1_6' title='bbox 1200 475 1367 517; x_wconf 85' lang='lat' dir='ltr'><strong>excitat</strong></span> <span class='ocrx_word' id='word_1_7' title='bbox 1387 489 1556 528; x_wconf 74' lang='lat' dir='ltr'><strong>aegros:</strong></span> 
     </span>
    </p>
   </div>
   <div class='ocr_carea' id='block_1_3' title="bbox 452 380 1610 415">
    <p class='ocr_par' dir='ltr' id='par_1_3' title="bbox 452 380 1610 415">
     <span class='ocr_line' id='line_1_3' title="bbox 452 380 1610 415; baseline -0.002 0"><span class='ocrx_word' id='word_1_8' title='bbox 452 383 653 415; x_wconf 78' lang='lat' dir='ltr'>JOSEPH}</span> <span class='ocrx_word' id='word_1_9' title='bbox 689 381 855 412; x_wconf 74' lang='lat' dir='ltr'><strong>lscANl</strong></span> <span class='ocrx_word' id='word_1_10' title='bbox 891 381 954 411; x_wconf 91' lang='lat' dir='ltr'><strong>DE</strong></span> <span class='ocrx_word' id='word_1_11' title='bbox 987 380 1142 410; x_wconf 78' lang='lat' dir='ltr'>BELLO</span> <span class='ocrx_word' id='word_1_12' title='bbox 1174 380 1399 411; x_wconf 76' lang='lat' dir='ltr'><strong>TROJANO</strong></span> <span class='ocrx_word' id='word_1_13' title='bbox 1434 382 1526 412; x_wconf 78' lang='lat' dir='ltr'><strong>LlB.</strong></span> <span class='ocrx_word' id='word_1_14' title='bbox 1557 381 1610 413; x_wconf 85' lang='lat'><strong>11.</strong></span> 
     </span>
    </p>
   </div>
   <div class='ocr_carea' id='block_1_4' title="bbox 1656 475 1741 519">
    <p class='ocr_par' dir='ltr' id='par_1_4' title="bbox 1656 475 1741 519">
     <span class='ocr_line' id='line_1_4' title="bbox 1656 475 1741 519; baseline 0 -1"><span class='ocrx_word' id='word_1_15' title='bbox 1656 475 1741 519; x_wconf 89' lang='grc'><strong>610</strong></span> 
     </span>
    </p>
   </div>
   <div class='ocr_carea' id='block_1_5' title="bbox 300 541 1458 732">
    <p class='ocr_par' dir='ltr' id='par_1_5' title="bbox 300 541 1458 732">
     <span class='ocr_line' id='line_1_5' title="bbox 301 541 1458 590; baseline -0.005 0"><span class='ocrx_word' id='word_1_16' title='bbox 301 549 419 590; x_wconf 87' lang='lat' dir='ltr'><strong>Haec</strong></span> <span class='ocrx_word' id='word_1_17' title='bbox 443 550 650 588; x_wconf 83' lang='lat' dir='ltr'><strong>constant</strong></span> <span class='ocrx_word' id='word_1_18' title='bbox 669 544 776 585; x_wconf 92' lang='lat' dir='ltr'><strong>mihi</strong></span> <span class='ocrx_word' id='word_1_19' title='bbox 797 543 895 585; x_wconf 87' lang='lat' dir='ltr'><strong>visa</strong></span> <span class='ocrx_word' id='word_1_20' title='bbox 915 541 1024 582; x_wconf 89' lang='lat' dir='ltr'><strong>fide:</strong></span> <span class='ocrx_word' id='word_1_21' title='bbox 1054 541 1128 582; x_wconf 87' lang='lat' dir='ltr'><strong>vel</strong></span> <span class='ocrx_word' id='word_1_22' title='bbox 1151 542 1324 583; x_wconf 85' lang='lat' dir='ltr'><strong>somnia</strong></span> <span class='ocrx_word' id='word_1_23' title='bbox 1341 547 1458 584; x_wconf 91' lang='lat' dir='ltr'><strong>certe</strong></span> 
     </span>
     <span class='ocr_line' id='line_1_6' title="bbox 300 607 1458 661; baseline -0.003 -6"><span class='ocrx_word' id='word_1_24' title='bbox 300 614 485 655; x_wconf 89' lang='lat' dir='ltr'><strong>Pondus</strong></span> <span class='ocrx_word' id='word_1_25' title='bbox 499 613 676 661; x_wconf 85' lang='lat' dir='ltr'><strong>habent,</strong></span> <span class='ocrx_word' id='word_1_26' title='bbox 692 612 763 652; x_wconf 90' lang='lat' dir='ltr'><strong>hic</strong></span> <span class='ocrx_word' id='word_1_27' title='bbox 784 610 876 651; x_wconf 85' lang='lat' dir='ltr'><strong>sata</strong></span> <span class='ocrx_word' id='word_1_28' title='bbox 895 620 1065 661; x_wconf 87' lang='lat' dir='ltr'><strong>sequor.</strong></span> <span class='ocrx_word' id='word_1_29' title='bbox 1109 607 1265 649; x_wconf 86' lang='lat' dir='ltr'><strong>Parete</strong></span> <span class='ocrx_word' id='word_1_30' title='bbox 1286 608 1458 660; x_wconf 87' lang='lat' dir='ltr'><strong>Dionae,</strong></span> 
     </span>
     <span class='ocr_line' id='line_1_7' title="bbox 301 675 1403 732; baseline -0.005 -10"><span class='ocrx_word' id='word_1_31' title='bbox 301 681 417 732; x_wconf 86' lang='lat' dir='ltr'><strong>Quae</strong></span> <span class='ocrx_word' id='word_1_32' title='bbox 438 680 526 721; x_wconf 89' lang='lat' dir='ltr'><strong>civi</strong></span> <span class='ocrx_word' id='word_1_33' title='bbox 541 681 776 732; x_wconf 85' lang='lat' dir='ltr'>lacrymas,</span> <span class='ocrx_word' id='word_1_34' title='bbox 796 676 912 717; x_wconf 88' lang='lat' dir='ltr'><strong>risus</strong></span> <span class='ocrx_word' id='word_1_35' title='bbox 932 687 1033 728; x_wconf 76' lang='lat' dir='ltr'><strong>quae</strong></span> <span class='ocrx_word' id='word_1_36' title='bbox 1054 676 1254 717; x_wconf 84' lang='lat' dir='ltr'><strong>terminat</strong></span> <span class='ocrx_word' id='word_1_37' title='bbox 1272 675 1403 717; x_wconf 91' lang='lat' dir='ltr'><strong>hosti.</strong></span> 
     </span>
    </p>
   </div>
   <div class='ocr_carea' id='block_1_6' title="bbox 902 793 1020 805">
    <p class='ocr_par' dir='ltr' id='par_1_6' title="bbox 902 793 1020 805">
     <span class='ocr_line' id='line_1_8' title="bbox 902 793 1020 805; baseline 0 0"><span class='ocrx_word' id='word_1_38' title='bbox 902 793 1020 805; x_wconf 64' lang='lat' dir='ltr'><strong>eeeeee</strong></span> 
     </span>
    </p>
   </div>
   <div class='ocr_carea' id='block_1_7' title="bbox 342 847 868 890">
    <p class='ocr_par' dir='ltr' id='par_1_7' title="bbox 342 847 868 890">
     <span class='ocr_line' id='line_1_9' title="bbox 342 847 868 890; baseline -0.006 -7"><span class='ocrx_word' id='word_1_39' title='bbox 342 855 403 883; x_wconf 87' lang='grc'><strong>611</strong></span> <span class='ocrx_word' id='word_1_40' title='bbox 431 852 503 883; x_wconf 82' lang='lat' dir='ltr'><strong>Hac</strong></span> <span class='ocrx_word' id='word_1_41' title='bbox 525 850 614 882; x_wconf 89' lang='lat' dir='ltr'><strong>Mor.</strong></span> <span class='ocrx_word' id='word_1_42' title='bbox 639 852 674 881; x_wconf 90' lang='lat' dir='ltr'><strong>et</strong></span> <span class='ocrx_word' id='word_1_43' title='bbox 697 847 868 890; x_wconf 88' lang='lat' dir='ltr'><strong>Spondan.</strong></span> 
     </span>
    </p>
   </div>
   <div class='ocr_carea' id='block_1_8' title="bbox 1022 793 1138 805">
    <p class='ocr_par' dir='ltr' id='par_1_8' title="bbox 1022 793 1138 805">
     <span class='ocr_line' id='line_1_10' title="bbox 1022 793 1138 805; baseline 0 0"><span class='ocrx_word' id='word_1_44' title='bbox 1022 793 1138 805; x_wconf 61' lang='lat'><strong>‘‘‘‘‘‘</strong></span> 
     </span>
    </p>
   </div>
   <div class='ocr_carea' id='block_1_9' title="bbox 958 922 1102 955">
    <p class='ocr_par' dir='ltr' id='par_1_9' title="bbox 958 922 1102 955">
     <span class='ocr_line' id='line_1_11' title="bbox 958 922 1102 955; baseline 0.007 -1"><span class='ocrx_word' id='word_1_45' title='bbox 958 922 1102 955; x_wconf 83' lang='lat' dir='ltr'><strong>NOTAE</strong></span> 
     </span>
    </p>
   </div>
   <div class='ocr_carea' id='block_1_10' title="bbox 296 996 996 1538">
    <p class='ocr_par' dir='ltr' id='par_1_10' title="bbox 296 996 996 1538">
     <span class='ocr_line' id='line_1_12' title="bbox 297 996 995 1038; baseline -0.001 -8"><span class='ocrx_word' id='word_1_46' title='bbox 297 998 379 1030; x_wconf 82' lang='grc' dir='ltr'>ἅπαν</span> <span class='ocrx_word' id='word_1_47' title='bbox 395 997 548 1038; x_wconf 77' lang='grc' dir='ltr'><strong>γύμνωσε,</strong></span> <span class='ocrx_word' id='word_1_48' title='bbox 562 996 613 1028; x_wconf 76' lang='grc' dir='ltr'><strong>καὶ</strong></span> <span class='ocrx_word' id='word_1_49' title='bbox 628 998 684 1028; x_wconf 77' lang='grc' dir='ltr'><strong>οὐκ</strong></span> <span class='ocrx_word' id='word_1_50' title='bbox 699 996 857 1037; x_wconf 81' lang='grc' dir='ltr'>ἂμνήσατο</span> <span class='ocrx_word' id='word_1_51' title='bbox 879 996 995 1037; x_wconf 73' lang='grc' dir='ltr'><em>μαζῶν.</em></span> 
     </span>
     <span class='ocr_line' id='line_1_13' title="bbox 297 1047 995 1088; baseline -0.004 -7"><span class='ocrx_word' id='word_1_52' title='bbox 297 1050 385 1081; x_wconf 84' lang='lat' dir='ltr'><strong>Haec</strong></span> <span class='ocrx_word' id='word_1_53' title='bbox 402 1054 454 1080; x_wconf 89' lang='lat' dir='ltr'><strong>est</strong></span> <span class='ocrx_word' id='word_1_54' title='bbox 470 1052 565 1079; x_wconf 89' lang='lat' dir='ltr'><strong>muta</strong></span> <span class='ocrx_word' id='word_1_55' title='bbox 581 1048 639 1079; x_wconf 88' lang='lat' dir='ltr'><strong>illa</strong></span> <span class='ocrx_word' id='word_1_56' title='bbox 655 1047 904 1080; x_wconf 83' lang='lat' dir='ltr'><strong>commendatio</strong></span> <span class='ocrx_word' id='word_1_57' title='bbox 921 1048 995 1088; x_wconf 87' lang='lat' dir='ltr'><strong>pul-</strong></span> 
     </span>
     <span class='ocr_line' id='line_1_14' title="bbox 297 1096 995 1138; baseline -0.003 -8"><span class='ocrx_word' id='word_1_58' title='bbox 297 1098 512 1137; x_wconf 87' lang='lat' dir='ltr'><strong>chritudinis,</strong></span> <span class='ocrx_word' id='word_1_59' title='bbox 541 1101 578 1127; x_wconf 92' lang='lat' dir='ltr'><strong>ut</strong></span> <span class='ocrx_word' id='word_1_60' title='bbox 605 1097 709 1137; x_wconf 89' lang='lat' dir='ltr'><strong>Syrus</strong></span> <span class='ocrx_word' id='word_1_61' title='bbox 740 1096 889 1138; x_wconf 87' lang='lat' dir='ltr'><strong>dicebat,</strong></span> <span class='ocrx_word' id='word_1_62' title='bbox 921 1106 995 1137; x_wconf 87' lang='lat' dir='ltr'><strong>reg-</strong></span> 
     </span>
     <span class='ocr_line' id='line_1_15' title="bbox 297 1147 992 1189; baseline -0.003 -9"><span class='ocrx_word' id='word_1_63' title='bbox 297 1157 445 1189; x_wconf 85' lang='lat' dir='ltr'><strong>numque</strong></span> <span class='ocrx_word' id='word_1_64' title='bbox 461 1148 532 1178; x_wconf 89' lang='lat' dir='ltr'><strong>sine</strong></span> <span class='ocrx_word' id='word_1_65' title='bbox 548 1147 709 1178; x_wconf 83' lang='lat' dir='ltr'><strong>satellitio</strong></span> <span class='ocrx_word' id='word_1_66' title='bbox 726 1152 764 1178; x_wconf 81' lang='lat' dir='ltr'><strong>ut</strong></span> <span class='ocrx_word' id='word_1_67' title='bbox 777 1147 992 1179; x_wconf 90' lang='lat' dir='ltr'><strong>Carneades:</strong></span> 
     </span>
     <span class='ocr_line' id='line_1_16' title="bbox 296 1196 994 1240; baseline -0.004 -10"><span class='ocrx_word' id='word_1_68' title='bbox 296 1199 375 1240; x_wconf 90' lang='lat' dir='ltr'><strong>quia</strong></span> <span class='ocrx_word' id='word_1_69' title='bbox 395 1197 535 1229; x_wconf 82' lang='lat' dir='ltr'><strong>formosi</strong></span> <span class='ocrx_word' id='word_1_70' title='bbox 550 1196 621 1227; x_wconf 87' lang='lat' dir='ltr'><strong>sine</strong></span> <span class='ocrx_word' id='word_1_71' title='bbox 637 1196 669 1227; x_wconf 88' lang='lat' dir='ltr'><strong>vi</strong></span> <span class='ocrx_word' id='word_1_72' title='bbox 693 1197 879 1237; x_wconf 86' lang='lat' dir='ltr'><strong>impetrant</strong></span> <span class='ocrx_word' id='word_1_73' title='bbox 902 1196 994 1236; x_wconf 87' lang='lat' dir='ltr'><strong>quic·</strong></span> 
     </span>
     <span class='ocr_line' id='line_1_17' title="bbox 297 1244 995 1290; baseline -0.006 -10"><span class='ocrx_word' id='word_1_74' title='bbox 297 1249 378 1290; x_wconf 91' lang='lat' dir='ltr'><strong>quid</strong></span> <span class='ocrx_word' id='word_1_75' title='bbox 395 1248 524 1279; x_wconf 88' lang='lat' dir='ltr'><strong>volunt.</strong></span> <span class='ocrx_word' id='word_1_76' title='bbox 569 1246 762 1286; x_wconf 84' lang='lat' dir='ltr'><strong>Anacreon,</strong></span> <span class='ocrx_word' id='word_1_77' title='bbox 785 1246 868 1286; x_wconf 77' lang='grc' dir='ltr'>Νικᾷ</span> <span class='ocrx_word' id='word_1_78' title='bbox 890 1244 924 1276; x_wconf 83' lang='grc' dir='ltr'><strong>δὲ</strong></span> <span class='ocrx_word' id='word_1_79' title='bbox 944 1244 995 1276; x_wconf 79' lang='grc' dir='ltr'><strong>καὶ</strong></span> 
     </span>
     <span class='ocr_line' id='line_1_18' title="bbox 297 1294 995 1338; baseline -0.004 -8"><span class='ocrx_word' id='word_1_80' title='bbox 297 1298 422 1338; x_wconf 85' lang='grc' dir='ltr'><strong><em>σίδηρον</em></strong></span> <span class='ocrx_word' id='word_1_81' title='bbox 437 1295 497 1328; x_wconf 74' lang='grc' dir='ltr'><strong>Καὶ</strong></span> <span class='ocrx_word' id='word_1_82' title='bbox 517 1296 576 1336; x_wconf 79' lang='grc' dir='ltr'><strong>πῦρ</strong></span> <span class='ocrx_word' id='word_1_83' title='bbox 596 1294 678 1332; x_wconf 84' lang='grc' dir='ltr'>καλή</span> <span class='ocrx_word' id='word_1_84' title='bbox 700 1307 748 1327; x_wconf 77' lang='grc' dir='ltr'><strong>τις</strong></span> <span class='ocrx_word' id='word_1_85' title='bbox 771 1294 859 1327; x_wconf 71' lang='grc' dir='ltr'>οὖσα.</span> <span class='ocrx_word' id='word_1_86' title='bbox 905 1296 995 1327; x_wconf 84' lang='lat' dir='ltr'><strong>Vide</strong></span> 
     </span>
     <span class='ocr_line' id='line_1_19' title="bbox 297 1344 996 1386; baseline -0.004 -7"><span class='ocrx_word' id='word_1_87' title='bbox 297 1349 500 1380; x_wconf 78' lang='lat' dir='ltr'><strong>Athenaeum</strong></span> <span class='ocrx_word' id='word_1_88' title='bbox 522 1354 604 1377; x_wconf 81' lang='lat' dir='ltr'><strong>xnl.</strong></span> <span class='ocrx_word' id='word_1_89' title='bbox 622 1348 695 1376; x_wconf 88' lang='grc'>566.</span> <span class='ocrx_word' id='word_1_90' title='bbox 714 1346 844 1386; x_wconf 84' lang='lat' dir='ltr'><strong>prolixe</strong></span> <span class='ocrx_word' id='word_1_91' title='bbox 862 1344 904 1377; x_wconf 91' lang='lat' dir='ltr'><strong>de</strong></span> <span class='ocrx_word' id='word_1_92' title='bbox 921 1346 996 1385; x_wconf 86' lang='lat' dir='ltr'><strong>pul-</strong></span> 
     </span>
     <span class='ocr_line' id='line_1_20' title="bbox 298 1394 995 1436; baseline -0.001 -7"><span class='ocrx_word' id='word_1_93' title='bbox 298 1396 490 1429; x_wconf 84' lang='lat' dir='ltr'><strong>chritudine</strong></span> <span class='ocrx_word' id='word_1_94' title='bbox 506 1399 677 1436; x_wconf 86' lang='lat' dir='ltr'><strong>agentem.</strong></span> <span class='ocrx_word' id='word_1_95' title='bbox 700 1395 710 1412; x_wconf 88' lang='lat'>‘</span> <span class='ocrx_word' id='word_1_96' title='bbox 722 1395 859 1427; x_wconf 85' lang='lat' dir='ltr'><strong>Diescit</strong></span> <span class='ocrx_word' id='word_1_97' title='bbox 872 1394 882 1409; x_wconf 88' lang='lat'>&#39;</span> <span class='ocrx_word' id='word_1_98' title='bbox 897 1395 995 1429; x_wconf 86' lang='lat' dir='ltr'><strong>dixit.</strong></span> 
     </span>
     <span class='ocr_line' id='line_1_21' title="bbox 299 1445 990 1482; baseline -0.003 -3"><span class='ocrx_word' id='word_1_99' title='bbox 299 1454 337 1479; x_wconf 88' lang='lat' dir='ltr'><strong>ut</strong></span> <span class='ocrx_word' id='word_1_100' title='bbox 353 1449 362 1465; x_wconf 91' lang='lat'>‘</span> <span class='ocrx_word' id='word_1_101' title='bbox 377 1445 563 1482; x_wconf 78' lang='lat' dir='ltr'><strong>noctescit,&#39;</strong></span> <span class='ocrx_word' id='word_1_102' title='bbox 588 1446 597 1462; x_wconf 89' lang='lat'>‘</span> <span class='ocrx_word' id='word_1_103' title='bbox 612 1445 777 1482; x_wconf 64' lang='lat' dir='ltr'><strong>lucescit:</strong></span> <span class='ocrx_word' id='word_1_104' title='bbox 801 1446 849 1477; x_wconf 83' lang='lat' dir='ltr'><strong>sic</strong></span> <span class='ocrx_word' id='word_1_105' title='bbox 875 1455 910 1477; x_wconf 90' lang='lat' dir='ltr'><strong>v.</strong></span> <span class='ocrx_word' id='word_1_106' title='bbox 934 1447 943 1463; x_wconf 92' lang='lat'>‘</span> <span class='ocrx_word' id='word_1_107' title='bbox 960 1451 990 1477; x_wconf 71' lang='lat' dir='ltr'><strong>et</strong></span> 
     </span>
     <span class='ocr_line' id='line_1_22' title="bbox 301 1494 995 1538; baseline -0.003 -10"><span class='ocrx_word' id='word_1_108' title='bbox 301 1497 440 1538; x_wconf 84' lang='lat' dir='ltr'><strong>pulchra</strong></span> <span class='ocrx_word' id='word_1_109' title='bbox 456 1504 615 1536; x_wconf 82' lang='lat' dir='ltr'><strong>genarum</strong></span> <span class='ocrx_word' id='word_1_110' title='bbox 633 1494 745 1536; x_wconf 81' lang='lat' dir='ltr'><strong>Rapta</strong></span> <span class='ocrx_word' id='word_1_111' title='bbox 762 1494 858 1535; x_wconf 71' lang='lat' dir='ltr'><strong>dies,&#39;</strong></span> <span class='ocrx_word' id='word_1_112' title='bbox 874 1495 995 1536; x_wconf 87' lang='lat' dir='ltr'><strong>Papin.</strong></span> 
     </span>
    </p>
   </div>
   <div class='ocr_carea' id='block_1_11' title="bbox 1047 996 1744 1477">
    <p class='ocr_par' dir='ltr' id='par_1_11' title="bbox 1047 996 1744 1477">
     <span class='ocr_line' id='line_1_23' title="bbox 1049 996 1741 1038; baseline 0 -10"><span class='ocrx_word' id='word_1_113' title='bbox 1049 1006 1101 1028; x_wconf 80' lang='lat' dir='ltr'><strong>vr.</strong></span> <span class='ocrx_word' id='word_1_114' title='bbox 1123 996 1132 1014; x_wconf 91' lang='lat'>‘</span> <span class='ocrx_word' id='word_1_115' title='bbox 1150 996 1444 1038; x_wconf 83' lang='lat' dir='ltr'><strong>membrorumque</strong></span> <span class='ocrx_word' id='word_1_116' title='bbox 1479 996 1586 1028; x_wconf 88' lang='lat' dir='ltr'><strong>omnis</strong></span> <span class='ocrx_word' id='word_1_117' title='bbox 1621 1002 1741 1038; x_wconf 86' lang='lat' dir='ltr'><strong>aperta</strong></span> 
     </span>
     <span class='ocr_line' id='line_1_24' title="bbox 1049 1046 1742 1088; baseline 0 -10"><span class='ocrx_word' id='word_1_118' title='bbox 1049 1052 1102 1078; x_wconf 91' lang='lat' dir='ltr'><strong>est</strong></span> <span class='ocrx_word' id='word_1_119' title='bbox 1125 1046 1286 1079; x_wconf 72' lang='lat' dir='ltr'><strong>Laetitia!</strong></span> <span class='ocrx_word' id='word_1_120' title='bbox 1330 1047 1431 1078; x_wconf 83' lang='lat' dir='ltr'><strong>Silius</strong></span> <span class='ocrx_word' id='word_1_121' title='bbox 1460 1056 1525 1078; x_wconf 83' lang='lat' dir='ltr'><strong>vn.</strong></span> <span class='ocrx_word' id='word_1_122' title='bbox 1549 1047 1584 1078; x_wconf 91' lang='lat' dir='ltr'><strong>in</strong></span> <span class='ocrx_word' id='word_1_123' title='bbox 1608 1047 1742 1088; x_wconf 91' lang='lat' dir='ltr'><strong>judicio</strong></span> 
     </span>
     <span class='ocr_line' id='line_1_25' title="bbox 1049 1095 1742 1137; baseline -0.001 -9"><span class='ocrx_word' id='word_1_124' title='bbox 1049 1096 1183 1128; x_wconf 85' lang='lat' dir='ltr'><strong>Paridis</strong></span> <span class='ocrx_word' id='word_1_125' title='bbox 1198 1097 1240 1128; x_wconf 93' lang='lat' dir='ltr'><strong>de</strong></span> <span class='ocrx_word' id='word_1_126' title='bbox 1255 1097 1399 1128; x_wconf 89' lang='lat' dir='ltr'><strong>Veneris</strong></span> <span class='ocrx_word' id='word_1_127' title='bbox 1415 1095 1542 1128; x_wconf 81' lang='lat' dir='ltr'><strong>forma:</strong></span> <span class='ocrx_word' id='word_1_128' title='bbox 1566 1097 1576 1114; x_wconf 89' lang='lat'>‘</span> <span class='ocrx_word' id='word_1_129' title='bbox 1594 1097 1669 1128; x_wconf 89' lang='lat' dir='ltr'><strong>Nec</strong></span> <span class='ocrx_word' id='word_1_130' title='bbox 1686 1097 1742 1137; x_wconf 90' lang='lat' dir='ltr'><strong>ju-</strong></span> 
     </span>
     <span class='ocr_line' id='line_1_26' title="bbox 1049 1145 1743 1187; baseline 0 -10"><span class='ocrx_word' id='word_1_131' title='bbox 1049 1146 1116 1178; x_wconf 87' lang='lat' dir='ltr'><strong>dex</strong></span> <span class='ocrx_word' id='word_1_132' title='bbox 1143 1146 1272 1178; x_wconf 83' lang='lat' dir='ltr'><strong>sedisse</strong></span> <span class='ocrx_word' id='word_1_133' title='bbox 1298 1147 1411 1177; x_wconf 85' lang='lat' dir='ltr'><strong>valet:</strong></span> <span class='ocrx_word' id='word_1_134' title='bbox 1445 1145 1593 1187; x_wconf 73' lang='lat' dir='ltr'><strong>fessique</strong></span> <span class='ocrx_word' id='word_1_135' title='bbox 1622 1146 1743 1177; x_wconf 78' lang='lat' dir='ltr'><strong>nitoris</strong></span> 
     </span>
     <span class='ocr_line' id='line_1_27' title="bbox 1049 1196 1743 1228; baseline -0.001 0"><span class='ocrx_word' id='word_1_136' title='bbox 1049 1197 1139 1228; x_wconf 88' lang='lat' dir='ltr'><strong>Luce</strong></span> <span class='ocrx_word' id='word_1_137' title='bbox 1156 1196 1283 1228; x_wconf 87' lang='lat' dir='ltr'><strong>cadunt</strong></span> <span class='ocrx_word' id='word_1_138' title='bbox 1299 1196 1408 1227; x_wconf 88' lang='lat' dir='ltr'><strong>oculi:</strong></span> <span class='ocrx_word' id='word_1_139' title='bbox 1432 1196 1554 1227; x_wconf 87' lang='lat' dir='ltr'><strong>metuit</strong></span> <span class='ocrx_word' id='word_1_140' title='bbox 1569 1196 1743 1227; x_wconf 83' lang='lat' dir='ltr'><strong>dubitasse</strong></span> 
     </span>
     <span class='ocr_line' id='line_1_28' title="bbox 1048 1245 1743 1286; baseline 0 -10"><span class='ocrx_word' id='word_1_141' title='bbox 1048 1245 1180 1277; x_wconf 84' lang='lat' dir='ltr'><strong>videri.’</strong></span> <span class='ocrx_word' id='word_1_142' title='bbox 1222 1245 1415 1277; x_wconf 85' lang='lat' dir='ltr'><strong>Secundum</strong></span> <span class='ocrx_word' id='word_1_143' title='bbox 1434 1245 1603 1276; x_wconf 87' lang='lat' dir='ltr'><strong>Venerem</strong></span> <span class='ocrx_word' id='word_1_144' title='bbox 1627 1245 1743 1286; x_wconf 85' lang='lat' dir='ltr'><strong>itaque</strong></span> 
     </span>
     <span class='ocr_line' id='line_1_29' title="bbox 1047 1294 1744 1332; baseline 0.001 -6"><span class='ocrx_word' id='word_1_145' title='bbox 1047 1295 1088 1326; x_wconf 88' lang='lat' dir='ltr'><strong>lis</strong></span> <span class='ocrx_word' id='word_1_146' title='bbox 1111 1299 1208 1326; x_wconf 87' lang='lat' dir='ltr'><strong>tanta</strong></span> <span class='ocrx_word' id='word_1_147' title='bbox 1227 1295 1339 1332; x_wconf 87' lang='lat' dir='ltr'><strong>datur,</strong></span> <span class='ocrx_word' id='word_1_148' title='bbox 1356 1299 1393 1326; x_wconf 91' lang='lat' dir='ltr'><strong>ut</strong></span> <span class='ocrx_word' id='word_1_149' title='bbox 1418 1294 1576 1326; x_wconf 88' lang='lat' dir='ltr'><strong>Lucanus</strong></span> <span class='ocrx_word' id='word_1_150' title='bbox 1599 1295 1646 1326; x_wconf 85' lang='lat' dir='ltr'><strong>ait</strong></span> <span class='ocrx_word' id='word_1_151' title='bbox 1662 1304 1744 1328; x_wconf 84' lang='lat' dir='ltr'><strong>vm.</strong></span> 
     </span>
     <span class='ocr_line' id='line_1_30' title="bbox 1048 1346 1742 1390; baseline 0.003 -13"><span class='ocrx_word' id='word_1_152' title='bbox 1048 1346 1147 1378; x_wconf 82' lang='lat' dir='ltr'><strong>Paris</strong></span> <span class='ocrx_word' id='word_1_153' title='bbox 1163 1347 1251 1378; x_wconf 90' lang='lat' dir='ltr'><strong>enim</strong></span> <span class='ocrx_word' id='word_1_154' title='bbox 1268 1346 1491 1387; x_wconf 76' lang='lat' dir='ltr'><strong>praesentibus</strong></span> <span class='ocrx_word' id='word_1_155' title='bbox 1514 1347 1672 1379; x_wconf 88' lang='lat' dir='ltr'><strong>ambabus</strong></span> <span class='ocrx_word' id='word_1_156' title='bbox 1688 1348 1742 1390; x_wconf 82' lang='lat' dir='ltr'><strong>(ut</strong></span> 
     </span>
     <span class='ocr_line' id='line_1_31' title="bbox 1048 1395 1740 1439; baseline 0.006 -13"><span class='ocrx_word' id='word_1_157' title='bbox 1048 1395 1082 1426; x_wconf 90' lang='lat' dir='ltr'><strong>in</strong></span> <span class='ocrx_word' id='word_1_158' title='bbox 1100 1398 1150 1426; x_wconf 83' lang='lat'><strong>12.</strong></span> <span class='ocrx_word' id='word_1_159' title='bbox 1174 1395 1244 1429; x_wconf 89' lang='lat' dir='ltr'><strong>tab.</strong></span> <span class='ocrx_word' id='word_1_160' title='bbox 1267 1396 1332 1428; x_wconf 86' lang='lat' dir='ltr'><strong>ista</strong></span> <span class='ocrx_word' id='word_1_161' title='bbox 1354 1396 1484 1439; x_wconf 84' lang='lat' dir='ltr'><strong>imiter)</strong></span> <span class='ocrx_word' id='word_1_162' title='bbox 1499 1396 1625 1430; x_wconf 85' lang='lat' dir='ltr'><strong>Veneri</strong></span> <span class='ocrx_word' id='word_1_163' title='bbox 1647 1398 1740 1430; x_wconf 67' lang='lat' dir='ltr'><strong>litem</strong></span> 
     </span>
     <span class='ocr_line' id='line_1_32' title="bbox 1050 1445 1190 1477; baseline -0.007 0"><span class='ocrx_word' id='word_1_164' title='bbox 1050 1445 1190 1477; x_wconf 88' lang='lat' dir='ltr'><strong>addixit.</strong></span> 
     </span>
    </p>
   </div>
  </div>
 </body>
</html>
