1889 3194
428 572 802 632 NOTITIA
863 577 1366 637 LITERARIA

873 729 919 752 DE

173 843 452 894 DICTYE
493 847 875 906 CRETENSL

922 849 1226 900 DARETE
1262 851 1619 913 PHRYGIO,

872 997 917 1019 ET

553 1088 883 1138 JOSEPHO
933 1090 1222 1149 ISCANO,

171 1234 224 1259 EX
237 1234 292 1261 JO.
305 1233 393 1260 ALB.
407 1234 587 1260 FABRlClI
605 1235 866 1263 BIBLIOTIIECA
883 1238 1038 1269 LATINA,
1055 1239 1079 1264 A
1094 1239 1252 1265 J0.AUG.
1266 1239 1429 1266 ERNESTI
1449 1239 1617 1268 AUCTIUS

487 1284 614 1314 EDITA,
632 1285 726 1311 LIPS.
740 1289 818 1316 1773.
836 1287 912 1312 LIB.
929 1288 955 1314 1.
973 1288 1058 1313 CAP.
1075 1286 1103 1315 6.
1120 1296 1148 1322 p·
1167 1291 1226 1314 111.
1243 1296 1304 1321 sqq.

170 1493 394 1548 DARss'rrs
426 1507 631 1546 PHnYGu
661 1506 834 1546 Historia
855 1504 1006 1544 Excidii
1025 1506 1165 1558 Trojae,
1185 1521 1273 1559 quae
1290 1508 1425 1547 Latine
1449 1509 1612 1549 circum-

166 1569 288 1607 fertur
306 1583 393 1608 cum
413 1571 746 1622 Pseudo-Dictye‚
766 1571 847 1608 sive
887 1570 929 1608 L.
963 1570 1139 1620 Septimii
1160 1574 1173 1592 ¹
1207 1572 1373 1610 Romani
1411 1572 1518 1612 libris
1550 1587 1613 1613 vx.

167 1632 449 1682 Ephemeridos
469 1633 560 1671 belli
573 1633 746 1684 Trojani,
759 1634 777 1652 ²
794 1632 866 1671 etsi
887 1632 1083 1683 praefixam
1113 1633 1233 1672 habet
1263 1636 1333 1673 sub
1355 1635 1520 1687 Nepotis
1540 1650 1612 1675 no-

165 1696 269 1734 mine
289 1696 501 1747 Epistolam
531 1696 581 1735 ad
602 1697 827 1735 Sallustium
850 1695 1044 1746 Crispum,
1063 1709 1144 1747 qua
1162 1699 1342 1745 affirmat,
1363 1711 1405 1737 se
1426 1699 1612 1738 Daretem

166 1771 188 1796 e
209 1758 348 1797 Graeca
363 1759 401 1796 in
421 1760 599 1798 Latinam
615 1760 788 1810 linguam
805 1759 968 1796 Athenis
985 1760 1247 1807 transtulisse,
1261 1762 1455 1800 communi
1482 1768 1614 1801 tamen

164 1822 401 1861 eruditorum
416 1823 597 1874 suffragio
617 1829 696 1861 tam
716 1822 888 1872 eleganti
909 1834 955 1860 ac
975 1828 1078 1861 terso
1100 1824 1286 1875 scriptore
1302 1824 1464 1876 indigna
1482 1826 1613 1864 existi-

164 1891 307 1925 matur.
353 1887 510 1925 Daretis
526 1896 539 1917 ³
562 1886 701 1926 librum
719 1886 768 1924 de
796 1885 902 1924 Bello
922 1885 1090 1936 Trojano
1109 1900 1158 1925 ex
1181 1887 1414 1939 perantiqua
1441 1889 1612 1928 editione

208 2002 218 2021 ¹
235 2001 300 2033 Alii
320 2003 473 2039 Quintum
485 2003 675 2044 Septimium
697 2008 819 2039 vocant,
832 2006 869 2033 ut

165 2045 315 2076 Barthius
331 2055 415 2076 1.v11.
428 2049 459 2076 7.
484 2056 583 2076 Lvur.
601 2049 653 2077 11.
682 2047 814 2077 Vossius
828 2045 867 2075 de

165 2087 251 2117 Hist.
269 2087 338 2118 Lat.
355 2098 387 2128 p.
406 2090 481 2119 742.
508 2094 541 2120 et
565 2089 646 2119 Tho.
667 2089 868 2118 Bar-tholinus

163 2129 203 2159 de
225 2129 369 2170 legendis
391 2130 478 2160 libris
500 2141 532 2171 p.
546 2134 600 2162 93.
627 2132 728 2161 Notas
742 2131 774 2160 in
791 2131 868 2170 Sep-

165 2172 286 2202 timium
314 2173 397 2203 hunc
426 2173 569 2214 promisit
599 2173 685 2203 idem
710 2173 869 2207 Barthius,

163 2223 258 2253 quem
287 2214 403 2245 videsis
431 2215 470 2245 ad
503 2216 604 2246 Gratii
632 2216 788 2256 Cyneget.
822 2225 869 2244 vs.

164 2258 218 2287 21.
236 2256 373 2297 Prosper
398 2267 472 2287 vero
487 2257 648 2288 Mandosis
667 2257 704 2287 T.
718 2267 757 2287 11.
785 2256 869 2287 Bibl.

164 2298 316 2329 Romanae
351 2310 380 2330 a.
399 2303 494 2331 1692.
517 2300 612 2334 edito,
636 2310 668 2339 p.
687 2301 740 2330 26.
764 2298 870 2329 laudat

164 2345 173 2358 -“
186 2340 356 2372 editionem
369 2351 518 2381 nuperam
537 2342 629 2382 juxta
640 2343 720 2371 Mss.
744 2341 867 2371 codices

164 2383 372 2420 emendatam,
401 2394 470 2424 quae
494 2384 628 2414 Lutetiae
649 2383 766 2424 prodiit
785 2383 869 2425 apud

165 2424 250 2455 Rob.
266 2426 484 2465 Stephanum-¹

208 2468 224 2484 ²
240 2467 360 2499 Auctor
375 2479 427 2499 eas
442 2467 600 2508 inscripsit
614 2468 654 2504 Q.
670 2467 788 2498 Aradio
798 2467 867 2497 Ru-

167 2509 242 2546 fino,
258 2511 312 2551 qui
324 2511 381 2541 sub
397 2511 481 2550 Imp.
495 2510 701 2541 Constantino
722 2511 867 2540 consula-

163 2556 229 2582 tum
244 2553 342 2592 gessit
350 2553 432 2584 A.c.
443 2555 515 2583 316.
530 2553 633 2592 aitque
644 2552 777 2593 Dictym
788 2562 867 2592 opus

164 2604 254 2624 suum
264 2595 483 2635 conscripsisse
492 2594 868 2635 primumliterisPunicis,

162 2638 301 2667 oratione
321 2637 444 2668 Graeca.
478 2638 593 2668 Postea
619 2646 638 2666 a
664 2637 772 2667 nescio
801 2646 864 2676 quo

164 2677 260 2708 Praxi
297 2678 364 2709 sive
394 2680 574 2719 Eupraxide
611 2679 708 2709 literis
748 2678 864 2710 Atticis

163 2722 391 2762 transcriptum,
420 2722 620 2762 oblatumque
647 2731 717 2751 esse
743 2721 865 2751 Neroni

165 2761 247 2802 Imp.
264 2769 355 2804 atque
368 2764 440 2794 inde
452 2774 471 2794 a
485 2775 518 2795 se
532 2773 654 2794 versum
669 2763 789 2795 Latine.
802 2764 864 2794 Ce-

166 2808 265 2836 terum
272 2806 472 2838 S.Ambrosio
480 2807 630 2849 aequalem
641 2806 690 2837 vel
698 2816 865 2848 supparem

911 2012 981 2033 esse
1007 2004 1088 2034 hunc
1111 2004 1291 2044 scriptorem
1311 2004 1377 2035 sive
1397 2005 1612 2045 interpretem,

911 2045 1085 2076 verisimilis
1110 2051 1159 2076 est
1172 2047 1279 2078 Vossii
1300 2047 1479 2087 conjectura
1501 2057 1544 2077 ιν.
1560 2051 1613 2079 50.

912 2087 951 2117 de
972 2087 1163 2123 Idololatria,
1191 2098 1367 2128 quanquam
1391 2089 1556 2128 Scioppius
1581 2095 1615 2120 et

911 2129 965 2159 alii
989 2130 1082 2171 longe
1106 2131 1310 2170 antiquiorem
1332 2141 1400 2160 esse
1425 2132 1613 2170 putaverint.

913 2171 959 2202 At
972 2173 1054 2203 enim
1069 2172 1119 2202 vel
1140 2178 1268 2213 propter
1281 2171 1352 2212 styli
1365 2182 1474 2202 naevos
1490 2174 1612 2214 sequio-

911 2223 976 2244 rem
990 2214 1130 2245 redolere
1153 2219 1274 2244 aetatem
1290 2214 1538 2245 demonstrarunt
1552 2216 1612 2246 viri

912 2255 1084 2286 doctissimi
1111 2257 1163 2287 .Ῐο.
1189 2256 1271 2287 Frid.
1296 2256 1473 2286 Gronovius
1499 2267 1527 2287 c.
1555 2260 1611 2288 25.

913 2298 1005 2328 Obss.
1021 2298 1201 2329 Ecclesiast.
1230 2303 1263 2328 et
1289 2299 1361 2329 Jac.
1374 2298 1558 2329 Perizonius
1579 2300 1612 2330 in

911 2340 986 2370 diss.
1001 2341 1040 2370 de
1056 2341 1176 2381 Dictye
1189 2351 1218 2371 c.
1233 2343 1285 2371 38.
1301 2340 1409 2380 [supra
1418 2350 1450 2380 p.
1464 2342 1533 2382 53.]

954 2383 968 2403 3
987 2382 1039 2413 De
1050 2383 1119 2413 aliis
1138 2383 1308 2414 Daretibus
1323 2382 1488 2413 Reinesius
1503 2383 1541 2412 ad
1554 2382 1609 2413 In-

911 2424 1094 2465 scriptiones
1104 2430 1228 2455 veteres
1248 2435 1279 2464 p.
1288 2427 1363 2456 852.
1387 2424 1456 2455 Hoc
1473 2425 1541 2455 loco
1554 2425 1610 2456 ille

910 2467 1048 2497 innuitur
1071 2467 1201 2502 scilicet,
1217 2467 1256 2497 ‹le
1271 2477 1333 2507 quo
1347 2466 1504 2497 Homerus
1518 2467 1559 2497 ΙΙ.
1573 2471 1609 2499 E.

909 2512 941 2540 9.
962 2507 1026 2540 ’Ἷ-Ῑν
1040 2508 1074 2540 δέ
1087 2521 1135 2540 τις
1149 2510 1183 2540 ἐν
1195 2508 1332 2549 Τρώεσσι
1346 2507 1458 2549 Δάρης,
1474 2508 1610 2548 ἀφνειὸς,

909 2550 1044 2590 ἀμύμων,
1066 2550 1159 2592 ‘Ipsus
1180 2550 1374 2591 Ἡφαίστοιο,
1389 2562 1417 2581 κ.
1428 2562 1459 2581 τ.
1470 2556 1502 2581 λ.
1526 2551 1610 2582 Vide

910 2594 966 2624 lib.
979 2604 1004 2624 1.
1029 2594 1181 2625 Biblioth.
1197 2594 1254 2625 Gr.
1270 2604 1298 2625 c.
1315 2596 1347 2624 5.
1372 2593 1427 2623 ubi
1449 2593 1544 2623 etiam
1567 2593 1608 2624 de

906 2636 1035 2677 Dictye.
1044 2636 1166 2667 Citatur
1177 2635 1275 2666 Dares
1290 2635 1427 2675 antiquis
1442 2634 1472 2664 in
1481 2635 1610 2666 scholiis

905 2678 1032 2708 ineditis
1058 2679 1098 2708 ad
1127 2678 1227 2709 Persii
1250 2688 1274 2707 1-
1296 2679 1348 2708 51.
1372 2676 1454 2708 Vide
1477 2677 1610 2717 Josephi

907 2720 1016 2751 VVasse
1031 2720 1183 2751 Biblioth.
1204 2719 1386 2750 Literariam
1396 2719 1528 2759 Anglice
1543 2719 1608 2751 edi·

906 2767 970 2795 tam
985 2761 1087 2795 Lond.
1100 2765 1194 2795 1724.
1208 2765 1240 2794 4.
1255 2772 1340 2794 num.
1354 2771 1402 2793 vr.
1416 2771 1449 2803 p.
1464 2765 1497 2795 6·
