<?xml version="1.0" encoding="UTF-8"?>
<!DOCTYPE html PUBLIC "-//W3C//DTD XHTML 1.0 Transitional//EN"
    "http://www.w3.org/TR/xhtml1/DTD/xhtml1-transitional.dtd">
<html xmlns="http://www.w3.org/1999/xhtml" xml:lang="en" lang="en">
 <head>
  <title>
</title>
<meta http-equiv="Content-Type" content="text/html;charset=utf-8" />
  <meta name='ocr-system' content='tesseract 3.04.00' />
  <meta name='ocr-capabilities' content='ocr_page ocr_carea ocr_par ocr_line ocrx_word'/>
</head>
<body>
  <div class='ocr_page' id='page_1' title='image "./dictyscretensise02dictuoft_0107.png"; bbox 0 0 1889 3194; ppageno 0'>
   <div class='ocr_carea' id='block_1_1' title="bbox 477 328 1573 372">
    <p class='ocr_par' dir='ltr' id='par_1_1' title="bbox 477 328 1573 372">
     <span class='ocr_line' id='line_1_1' title="bbox 477 328 1573 372; baseline -0.003 0"><span class='ocrx_word' id='word_1_1' title='bbox 477 342 541 372; x_wconf 78' lang='lat' dir='ltr'>DE</span> <span class='ocrx_word' id='word_1_2' title='bbox 575 342 733 372; x_wconf 65' lang='lat' dir='ltr'>nunno</span> <span class='ocrx_word' id='word_1_3' title='bbox 764 339 990 371; x_wconf 77' lang='lat' dir='ltr'><strong>TROJANO</strong></span> <span class='ocrx_word' id='word_1_4' title='bbox 1024 339 1117 370; x_wconf 72' lang='lat' dir='ltr'>Lis.</span> <span class='ocrx_word' id='word_1_5' title='bbox 1150 340 1225 370; x_wconf 81' lang='grc' dir='ltr'><strong>ιιι.</strong></span> <span class='ocrx_word' id='word_1_6' title='bbox 1485 328 1573 369; x_wconf 86' lang='grc'>449</span> 
     </span>
    </p>
   </div>
   <div class='ocr_carea' id='block_1_2' title="bbox 120 433 1581 2241">
    <p class='ocr_par' dir='ltr' id='par_1_2' title="bbox 120 433 1581 2241">
     <span class='ocr_line' id='line_1_2' title="bbox 127 433 1573 493; baseline -0.005 -12"><span class='ocrx_word' id='word_1_7' title='bbox 127 439 325 493; x_wconf 86' lang='lat' dir='ltr'>Impellit</span> <span class='ocrx_word' id='word_1_8' title='bbox 344 438 558 481; x_wconf 85' lang='lat' dir='ltr'><strong>Lachesis</strong></span> <span class='ocrx_word' id='word_1_9' title='bbox 578 437 729 492; x_wconf 87' lang='lat' dir='ltr'>pinus,</span> <span class='ocrx_word' id='word_1_10' title='bbox 749 448 977 489; x_wconf 83' lang='lat' dir='ltr'><strong>uncosque</strong></span> <span class='ocrx_word' id='word_1_11' title='bbox 998 437 1174 476; x_wconf 85' lang='lat' dir='ltr'>tenaces</span> <span class='ocrx_word' id='word_1_12' title='bbox 1249 437 1253 439; x_wconf 71' lang='grc'><strong><em>’</em></strong></span> <span class='ocrx_word' id='word_1_13' title='bbox 1487 433 1573 474; x_wconf 87' lang='grc'>190</span> 
     </span>
     <span class='ocr_line' id='line_1_3' title="bbox 128 502 1136 560; baseline -0.006 -12"><span class='ocrx_word' id='word_1_14' title='bbox 128 506 330 560; x_wconf 87' lang='lat' dir='ltr'><strong>Rumpit,</strong></span> <span class='ocrx_word' id='word_1_15' title='bbox 353 511 400 547; x_wconf 88' lang='lat' dir='ltr'>et</span> <span class='ocrx_word' id='word_1_16' title='bbox 420 507 591 547; x_wconf 84' lang='lat' dir='ltr'>intento</span> <span class='ocrx_word' id='word_1_17' title='bbox 610 505 805 559; x_wconf 83' lang='lat' dir='ltr'>percellit</span> <span class='ocrx_word' id='word_1_18' title='bbox 824 503 1000 544; x_wconf 89' lang='lat' dir='ltr'>fiamine</span> <span class='ocrx_word' id='word_1_19' title='bbox 1020 502 1136 543; x_wconf 90' lang='lat' dir='ltr'>vela.</span> 
     </span>
     <span class='ocr_line' id='line_1_4' title="bbox 183 570 1142 625; baseline -0.005 -10"><span class='ocrx_word' id='word_1_20' title='bbox 183 574 377 616; x_wconf 87' lang='lat' dir='ltr'>Ultimus</span> <span class='ocrx_word' id='word_1_21' title='bbox 396 574 438 614; x_wconf 92' lang='lat' dir='ltr'>in</span> <span class='ocrx_word' id='word_1_22' title='bbox 459 574 607 614; x_wconf 88' lang='lat' dir='ltr'>socias</span> <span class='ocrx_word' id='word_1_23' title='bbox 627 572 777 614; x_wconf 87' lang='lat' dir='ltr'>fatalis</span> <span class='ocrx_word' id='word_1_24' title='bbox 799 570 951 625; x_wconf 89' lang='lat' dir='ltr'>praedo</span> <span class='ocrx_word' id='word_1_25' title='bbox 970 570 1142 611; x_wconf 84' lang='lat' dir='ltr'>carinas</span> 
     </span>
     <span class='ocr_line' id='line_1_5' title="bbox 126 639 1297 691; baseline -0.004 -9"><span class='ocrx_word' id='word_1_26' title='bbox 126 640 416 682; x_wconf 84' lang='lat' dir='ltr'>Provehitur:</span> <span class='ocrx_word' id='word_1_27' title='bbox 447 641 631 681; x_wconf 88' lang='lat' dir='ltr'>multum</span> <span class='ocrx_word' id='word_1_28' title='bbox 650 639 831 681; x_wconf 82' lang='lat' dir='ltr'>Priamo</span> <span class='ocrx_word' id='word_1_29' title='bbox 850 639 1095 691; x_wconf 84' lang='lat' dir='ltr'>frustraque</span> <span class='ocrx_word' id='word_1_30' title='bbox 1116 640 1297 689; x_wconf 88' lang='lat' dir='ltr'>rogatus</span> 
     </span>
     <span class='ocr_line' id='line_1_6' title="bbox 127 704 1271 762; baseline -0.004 -12"><span class='ocrx_word' id='word_1_31' title='bbox 127 707 199 750; x_wconf 92' lang='lat' dir='ltr'>Ne</span> <span class='ocrx_word' id='word_1_32' title='bbox 220 707 463 762; x_wconf 76' lang='lat' dir='ltr'><strong>quidquam</strong></span> <span class='ocrx_word' id='word_1_33' title='bbox 485 712 647 748; x_wconf 90' lang='lat' dir='ltr'>temere</span> <span class='ocrx_word' id='word_1_34' title='bbox 665 721 675 749; x_wconf 72' lang='grc' dir='ltr'>ε</span> <span class='ocrx_word' id='word_1_35' title='bbox 706 706 864 748; x_wconf 89' lang='lat' dir='ltr'>victori</span> <span class='ocrx_word' id='word_1_36' title='bbox 886 705 1110 759; x_wconf 84' lang='lat' dir='ltr'>supplicet</span> <span class='ocrx_word' id='word_1_37' title='bbox 1125 704 1239 745; x_wconf 84' lang='lat' dir='ltr'>hosti</span> <span class='ocrx_word' id='word_1_38' title='bbox 1258 717 1271 757; x_wconf 82' lang='lat'>3</span> 
     </span>
     <span class='ocr_line' id='line_1_7' title="bbox 127 769 1576 826; baseline -0.004 -9"><span class='ocrx_word' id='word_1_39' title='bbox 127 775 330 817; x_wconf 87' lang='lat' dir='ltr'>Hesione</span> <span class='ocrx_word' id='word_1_40' title='bbox 353 779 584 816; x_wconf 90' lang='lat' dir='ltr'>contentus</span> <span class='ocrx_word' id='word_1_41' title='bbox 602 778 696 815; x_wconf 90' lang='lat' dir='ltr'>eat:</span> <span class='ocrx_word' id='word_1_42' title='bbox 728 774 798 815; x_wconf 91' lang='lat' dir='ltr'>sin</span> <span class='ocrx_word' id='word_1_43' title='bbox 818 772 996 814; x_wconf 85' lang='lat' dir='ltr'>reddere</span> <span class='ocrx_word' id='word_1_44' title='bbox 1018 774 1192 826; x_wconf 84' lang='lat' dir='ltr'>raptam</span> <span class='ocrx_word' id='word_1_45' title='bbox 1491 769 1576 811; x_wconf 90' lang='grc'>195</span> 
     </span>
     <span class='ocr_line' id='line_1_8' title="bbox 125 839 1335 895; baseline -0.006 -11"><span class='ocrx_word' id='word_1_46' title='bbox 125 842 258 884; x_wconf 88' lang='lat' dir='ltr'>Velle</span> <span class='ocrx_word' id='word_1_47' title='bbox 278 847 450 895; x_wconf 88' lang='lat' dir='ltr'>negent,</span> <span class='ocrx_word' id='word_1_48' title='bbox 472 842 633 882; x_wconf 87' lang='lat' dir='ltr'>bellum</span> <span class='ocrx_word' id='word_1_49' title='bbox 653 841 858 882; x_wconf 85' lang='lat' dir='ltr'>intentet:</span> <span class='ocrx_word' id='word_1_50' title='bbox 888 840 953 881; x_wconf 89' lang='lat' dir='ltr'>sic</span> <span class='ocrx_word' id='word_1_51' title='bbox 973 839 1132 881; x_wconf 87' lang='lat' dir='ltr'>format</span> <span class='ocrx_word' id='word_1_52' title='bbox 1152 839 1335 888; x_wconf 90' lang='lat' dir='ltr'>iturum,</span> 
     </span>
     <span class='ocr_line' id='line_1_9' title="bbox 125 905 1351 963; baseline -0.004 -13"><span class='ocrx_word' id='word_1_53' title='bbox 125 908 431 963; x_wconf 90' lang='lat' dir='ltr'>Venturosque</span> <span class='ocrx_word' id='word_1_54' title='bbox 451 909 662 962; x_wconf 87' lang='lat' dir='ltr'>Phryges,</span> <span class='ocrx_word' id='word_1_55' title='bbox 684 912 872 961; x_wconf 90' lang='lat' dir='ltr'>accepto</span> <span class='ocrx_word' id='word_1_56' title='bbox 892 908 1132 959; x_wconf 85' lang='lat' dir='ltr'>interprete,</span> <span class='ocrx_word' id='word_1_57' title='bbox 1154 905 1351 959; x_wconf 87' lang='lat' dir='ltr'>spondet.</span> 
     </span>
     <span class='ocr_line' id='line_1_10' title="bbox 182 973 1202 1029; baseline -0.004 -12"><span class='ocrx_word' id='word_1_58' title='bbox 182 975 276 1017; x_wconf 84' lang='lat' dir='ltr'>Vix</span> <span class='ocrx_word' id='word_1_59' title='bbox 296 977 338 1017; x_wconf 91' lang='lat' dir='ltr'>in</span> <span class='ocrx_word' id='word_1_60' title='bbox 361 981 604 1029; x_wconf 89' lang='lat' dir='ltr'>conspectu</span> <span class='ocrx_word' id='word_1_61' title='bbox 622 974 774 1016; x_wconf 89' lang='lat' dir='ltr'>Paridi</span> <span class='ocrx_word' id='word_1_62' title='bbox 790 978 964 1028; x_wconf 89' lang='lat' dir='ltr'>patuere</span> <span class='ocrx_word' id='word_1_63' title='bbox 984 973 1202 1026; x_wconf 86' lang='lat' dir='ltr'>Cythaera,</span> 
     </span>
     <span class='ocr_line' id='line_1_11' title="bbox 127 1040 1309 1097; baseline -0.003 -12"><span class='ocrx_word' id='word_1_64' title='bbox 127 1043 240 1085; x_wconf 91' lang='lat' dir='ltr'>Cum</span> <span class='ocrx_word' id='word_1_65' title='bbox 260 1045 429 1097; x_wconf 89' lang='lat' dir='ltr'>patrias</span> <span class='ocrx_word' id='word_1_66' title='bbox 449 1054 709 1096; x_wconf 87' lang='lat' dir='ltr'>permensus</span> <span class='ocrx_word' id='word_1_67' title='bbox 730 1054 886 1095; x_wconf 83' lang='lat' dir='ltr'>aquaS‚</span> <span class='ocrx_word' id='word_1_68' title='bbox 908 1040 964 1082; x_wconf 90' lang='lat' dir='ltr'>ad</span> <span class='ocrx_word' id='word_1_69' title='bbox 988 1040 1183 1082; x_wconf 87' lang='lat' dir='ltr'>Nestora</span> <span class='ocrx_word' id='word_1_70' title='bbox 1201 1052 1309 1081; x_wconf 88' lang='lat' dir='ltr'>casu</span> 
     </span>
     <span class='ocr_line' id='line_1_12' title="bbox 126 1106 1577 1162; baseline -0.003 -10"><span class='ocrx_word' id='word_1_71' title='bbox 126 1111 309 1152; x_wconf 89' lang='lat' dir='ltr'>Atrides</span> <span class='ocrx_word' id='word_1_72' title='bbox 329 1111 509 1152; x_wconf 87' lang='lat' dir='ltr'>molitus</span> <span class='ocrx_word' id='word_1_73' title='bbox 527 1110 621 1158; x_wconf 89' lang='lat' dir='ltr'>iter,</span> <span class='ocrx_word' id='word_1_74' title='bbox 643 1107 913 1151; x_wconf 90' lang='lat' dir='ltr'>Simountide</span> <span class='ocrx_word' id='word_1_75' title='bbox 931 1108 1036 1162; x_wconf 88' lang='lat' dir='ltr'>pinu</span> <span class='ocrx_word' id='word_1_76' title='bbox 1491 1106 1577 1147; x_wconf 67' lang='lat'>‘200</span> 
     </span>
     <span class='ocr_line' id='line_1_13' title="bbox 127 1174 1366 1233; baseline -0.004 -13"><span class='ocrx_word' id='word_1_77' title='bbox 127 1178 340 1233; x_wconf 87' lang='lat' dir='ltr'>Aspecta,</span> <span class='ocrx_word' id='word_1_78' title='bbox 364 1191 514 1219; x_wconf 84' lang='lat' dir='ltr'>secum</span> <span class='ocrx_word' id='word_1_79' title='bbox 536 1176 676 1218; x_wconf 89' lang='lat' dir='ltr'>volvit</span> <span class='ocrx_word' id='word_1_80' title='bbox 695 1189 785 1226; x_wconf 90' lang='lat' dir='ltr'>cur,</span> <span class='ocrx_word' id='word_1_81' title='bbox 808 1188 913 1229; x_wconf 94' lang='lat' dir='ltr'>quo,</span> <span class='ocrx_word' id='word_1_82' title='bbox 933 1174 1071 1217; x_wconf 92' lang='lat' dir='ltr'>unde:</span> <span class='ocrx_word' id='word_1_83' title='bbox 1103 1177 1366 1228; x_wconf 87' lang='lat' dir='ltr'>stupentque</span> 
     </span>
     <span class='ocr_line' id='line_1_14' title="bbox 126 1241 1027 1298; baseline -0.004 -12"><span class='ocrx_word' id='word_1_84' title='bbox 126 1245 322 1288; x_wconf 83' lang='lat' dir='ltr'>Alternis</span> <span class='ocrx_word' id='word_1_85' title='bbox 344 1245 491 1298; x_wconf 82' lang='lat' dir='ltr'>Reges</span> <span class='ocrx_word' id='word_1_86' title='bbox 508 1244 694 1297; x_wconf 89' lang='lat' dir='ltr'>figentes</span> <span class='ocrx_word' id='word_1_87' title='bbox 713 1242 880 1283; x_wconf 85' lang='lat' dir='ltr'>lumina</span> <span class='ocrx_word' id='word_1_88' title='bbox 899 1241 1027 1283; x_wconf 89' lang='lat' dir='ltr'>velis.</span> 
     </span>
     <span class='ocr_line' id='line_1_15' title="bbox 186 1309 1240 1367; baseline -0.005 -13"><span class='ocrx_word' id='word_1_89' title='bbox 186 1313 253 1354; x_wconf 91' lang='lat' dir='ltr'>En</span> <span class='ocrx_word' id='word_1_90' title='bbox 271 1326 357 1367; x_wconf 88' lang='lat' dir='ltr'>qua</span> <span class='ocrx_word' id='word_1_91' title='bbox 376 1314 470 1353; x_wconf 87' lang='lat' dir='ltr'>fata</span> <span class='ocrx_word' id='word_1_92' title='bbox 490 1312 577 1353; x_wconf 90' lang='lat' dir='ltr'>fide</span> <span class='ocrx_word' id='word_1_93' title='bbox 597 1324 739 1353; x_wconf 89' lang='lat' dir='ltr'>rerum</span> <span class='ocrx_word' id='word_1_94' title='bbox 763 1309 1016 1351; x_wconf 88' lang='lat' dir='ltr'>discrimina</span> <span class='ocrx_word' id='word_1_95' title='bbox 1036 1311 1240 1350; x_wconf 88' lang='lat' dir='ltr'>nectant:</span> 
     </span>
     <span class='ocr_line' id='line_1_16' title="bbox 128 1375 1406 1430; baseline -0.004 -8"><span class='ocrx_word' id='word_1_96' title='bbox 128 1379 293 1422; x_wconf 89' lang='lat' dir='ltr'>Hostis</span> <span class='ocrx_word' id='word_1_97' title='bbox 324 1380 463 1428; x_wconf 89' lang='lat' dir='ltr'>adest,</span> <span class='ocrx_word' id='word_1_98' title='bbox 485 1379 714 1420; x_wconf 86' lang='lat' dir='ltr'>Menelaus</span> <span class='ocrx_word' id='word_1_99' title='bbox 735 1378 878 1426; x_wconf 89' lang='lat' dir='ltr'>abest,</span> <span class='ocrx_word' id='word_1_100' title='bbox 900 1376 1181 1430; x_wconf 87' lang='lat' dir='ltr'>geminosque</span> <span class='ocrx_word' id='word_1_101' title='bbox 1204 1375 1406 1417; x_wconf 89' lang='lat' dir='ltr'>Lacones</span> 
     </span>
     <span class='ocr_line' id='line_1_17' title="bbox 130 1442 1578 1497; baseline -0.003 -9"><span class='ocrx_word' id='word_1_102' title='bbox 130 1447 369 1488; x_wconf 91' lang='lat' dir='ltr'>Hermione</span> <span class='ocrx_word' id='word_1_103' title='bbox 389 1447 477 1487; x_wconf 92' lang='lat' dir='ltr'>sibi</span> <span class='ocrx_word' id='word_1_104' title='bbox 495 1449 625 1487; x_wconf 88' lang='lat' dir='ltr'>nacta</span> <span class='ocrx_word' id='word_1_105' title='bbox 647 1446 786 1486; x_wconf 89' lang='lat' dir='ltr'>duces</span> <span class='ocrx_word' id='word_1_106' title='bbox 806 1444 1150 1497; x_wconf 81' lang='lat' dir='ltr'>Agamemnonis</span> <span class='ocrx_word' id='word_1_107' title='bbox 1171 1443 1324 1484; x_wconf 90' lang='lat' dir='ltr'>urbem</span> <span class='ocrx_word' id='word_1_108' title='bbox 1491 1442 1578 1483; x_wconf 74' lang='lat'>205</span> 
     </span>
     <span class='ocr_line' id='line_1_18' title="bbox 128 1510 1258 1566; baseline -0.006 -10"><span class='ocrx_word' id='word_1_109' title='bbox 128 1514 289 1556; x_wconf 90' lang='lat' dir='ltr'>Visum</span> <span class='ocrx_word' id='word_1_110' title='bbox 309 1516 430 1564; x_wconf 88' lang='lat' dir='ltr'>ierat,</span> <span class='ocrx_word' id='word_1_111' title='bbox 452 1518 631 1554; x_wconf 86' lang='lat' dir='ltr'>matrem</span> <span class='ocrx_word' id='word_1_112' title='bbox 653 1512 814 1566; x_wconf 90' lang='lat' dir='ltr'>cupide</span> <span class='ocrx_word' id='word_1_113' title='bbox 831 1512 979 1553; x_wconf 82' lang='lat' dir='ltr'>visura</span> <span class='ocrx_word' id='word_1_114' title='bbox 997 1510 1258 1551; x_wconf 90' lang='lat' dir='ltr'>secundam.</span> 
     </span>
     <span class='ocr_line' id='line_1_19' title="bbox 129 1577 1358 1636; baseline -0.004 -13"><span class='ocrx_word' id='word_1_115' title='bbox 129 1582 267 1623; x_wconf 89' lang='lat' dir='ltr'>Plebs</span> <span class='ocrx_word' id='word_1_116' title='bbox 289 1594 462 1636; x_wconf 89' lang='lat' dir='ltr'>quoque</span> <span class='ocrx_word' id='word_1_117' title='bbox 483 1580 511 1622; x_wconf 84' lang='lat' dir='ltr'>J</span> <span class='ocrx_word' id='word_1_118' title='bbox 518 1580 649 1621; x_wconf 89' lang='lat' dir='ltr'>unoni</span> <span class='ocrx_word' id='word_1_119' title='bbox 670 1580 889 1620; x_wconf 89' lang='lat' dir='ltr'>celebrem</span> <span class='ocrx_word' id='word_1_120' title='bbox 913 1577 1192 1619; x_wconf 79' lang='lat' dir='ltr'>confluxerat</span> <span class='ocrx_word' id='word_1_121' title='bbox 1214 1577 1358 1631; x_wconf 87' lang='lat' dir='ltr'>Argos</span> 
     </span>
     <span class='ocr_line' id='line_1_20' title="bbox 130 1645 1233 1700; baseline -0.005 -10"><span class='ocrx_word' id='word_1_122' title='bbox 130 1648 376 1690; x_wconf 87' lang='lat' dir='ltr'>Ludificum</span> <span class='ocrx_word' id='word_1_123' title='bbox 399 1648 586 1689; x_wconf 85' lang='lat' dir='ltr'>ductura</span> <span class='ocrx_word' id='word_1_124' title='bbox 607 1647 736 1696; x_wconf 86' lang='lat' dir='ltr'>diem,</span> <span class='ocrx_word' id='word_1_125' title='bbox 755 1649 1008 1700; x_wconf 91' lang='lat' dir='ltr'>pontusque</span> <span class='ocrx_word' id='word_1_126' title='bbox 1025 1645 1233 1695; x_wconf 87' lang='lat' dir='ltr'>vocabat,</span> 
     </span>
     <span class='ocr_line' id='line_1_21' title="bbox 120 1714 1095 1758; baseline -0.005 0"><span class='ocrx_word' id='word_1_127' title='bbox 120 1717 187 1758; x_wconf 86' lang='lat' dir='ltr'>-Et</span> <span class='ocrx_word' id='word_1_128' title='bbox 206 1717 339 1758; x_wconf 85' lang='lat' dir='ltr'>tellus</span> <span class='ocrx_word' id='word_1_129' title='bbox 361 1719 494 1757; x_wconf 82' lang='lat' dir='ltr'>exuta</span> <span class='ocrx_word' id='word_1_130' title='bbox 515 1716 634 1757; x_wconf 90' lang='lat' dir='ltr'>viris.</span> <span class='ocrx_word' id='word_1_131' title='bbox 694 1714 770 1755; x_wconf 88' lang='lat' dir='ltr'>Sic</span> <span class='ocrx_word' id='word_1_132' title='bbox 793 1714 940 1755; x_wconf 88' lang='lat' dir='ltr'>omnia</span> <span class='ocrx_word' id='word_1_133' title='bbox 961 1726 1095 1754; x_wconf 89' lang='lat' dir='ltr'>casus</span> 
     </span>
     <span class='ocr_line' id='line_1_22' title="bbox 130 1777 1581 1838; baseline -0.004 -14"><span class='ocrx_word' id='word_1_134' title='bbox 130 1783 349 1838; x_wconf 87' lang='lat' dir='ltr'>Expediit</span> <span class='ocrx_word' id='word_1_135' title='bbox 369 1787 552 1825; x_wconf 88' lang='lat' dir='ltr'>ventura</span> <span class='ocrx_word' id='word_1_136' title='bbox 572 1785 744 1836; x_wconf 89' lang='lat' dir='ltr'>potens,</span> <span class='ocrx_word' id='word_1_137' title='bbox 768 1781 1014 1835; x_wconf 85' lang='lat' dir='ltr'>victrixque</span> <span class='ocrx_word' id='word_1_138' title='bbox 1038 1780 1196 1821; x_wconf 91' lang='lat' dir='ltr'>Dione.</span> <span class='ocrx_word' id='word_1_139' title='bbox 1494 1777 1581 1819; x_wconf 77' lang='lat'>210</span> 
     </span>
     <span class='ocr_line' id='line_1_23' title="bbox 188 1848 1201 1905; baseline -0.005 -12"><span class='ocrx_word' id='word_1_140' title='bbox 188 1851 342 1893; x_wconf 91' lang='lat' dir='ltr'>Prodit</span> <span class='ocrx_word' id='word_1_141' title='bbox 359 1852 402 1892; x_wconf 87' lang='lat' dir='ltr'>in</span> <span class='ocrx_word' id='word_1_142' title='bbox 422 1851 654 1905; x_wconf 86' lang='lat' dir='ltr'>abruptum</span> <span class='ocrx_word' id='word_1_143' title='bbox 673 1849 897 1904; x_wconf 80' lang='lat' dir='ltr'>praetentis</span> <span class='ocrx_word' id='word_1_144' title='bbox 915 1849 1058 1890; x_wconf 87' lang='lat' dir='ltr'>insula</span> <span class='ocrx_word' id='word_1_145' title='bbox 1076 1848 1201 1889; x_wconf 87' lang='lat' dir='ltr'>saxis</span> 
     </span>
     <span class='ocr_line' id='line_1_24' title="bbox 131 1917 1164 1975; baseline -0.006 -13"><span class='ocrx_word' id='word_1_146' title='bbox 131 1920 384 1975; x_wconf 85' lang='lat' dir='ltr'>Myrtigerae</span> <span class='ocrx_word' id='word_1_147' title='bbox 405 1923 579 1959; x_wconf 86' lang='lat' dir='ltr'>sacrata</span> <span class='ocrx_word' id='word_1_148' title='bbox 600 1917 730 1967; x_wconf 88' lang='lat' dir='ltr'>Deae,</span> <span class='ocrx_word' id='word_1_149' title='bbox 751 1929 857 1970; x_wconf 91' lang='lat' dir='ltr'>pars</span> <span class='ocrx_word' id='word_1_150' title='bbox 879 1928 966 1957; x_wconf 92' lang='lat' dir='ltr'>una</span> <span class='ocrx_word' id='word_1_151' title='bbox 985 1928 1164 1957; x_wconf 87' lang='lat' dir='ltr'>recessu</span> 
     </span>
     <span class='ocr_line' id='line_1_25' title="bbox 131 1983 1126 2037; baseline -0.006 -8"><span class='ocrx_word' id='word_1_152' title='bbox 131 1989 364 2029; x_wconf 81' lang='lat' dir='ltr'>Abditiore</span> <span class='ocrx_word' id='word_1_153' title='bbox 384 1988 525 2028; x_wconf 86' lang='lat' dir='ltr'>latens</span> <span class='ocrx_word' id='word_1_154' title='bbox 544 1985 717 2037; x_wconf 86' lang='lat' dir='ltr'>refugos</span> <span class='ocrx_word' id='word_1_155' title='bbox 737 1984 923 2026; x_wconf 85' lang='lat' dir='ltr'>falcatur</span> <span class='ocrx_word' id='word_1_156' title='bbox 942 1983 985 2024; x_wconf 93' lang='lat' dir='ltr'>in</span> <span class='ocrx_word' id='word_1_157' title='bbox 1004 1988 1126 2024; x_wconf 89' lang='lat' dir='ltr'>artus</span> 
     </span>
     <span class='ocr_line' id='line_1_26' title="bbox 134 2049 1196 2108; baseline -0.005 -13"><span class='ocrx_word' id='word_1_158' title='bbox 134 2056 396 2108; x_wconf 89' lang='lat' dir='ltr'>Deprensos</span> <span class='ocrx_word' id='word_1_159' title='bbox 416 2054 565 2095; x_wconf 87' lang='lat' dir='ltr'>furata</span> <span class='ocrx_word' id='word_1_160' title='bbox 580 2053 732 2093; x_wconf 85' lang='lat' dir='ltr'>sinus:</span> <span class='ocrx_word' id='word_1_161' title='bbox 760 2052 846 2093; x_wconf 88' lang='lat' dir='ltr'>huc</span> <span class='ocrx_word' id='word_1_162' title='bbox 866 2051 1011 2092; x_wconf 90' lang='lat' dir='ltr'>littore</span> <span class='ocrx_word' id='word_1_163' title='bbox 1031 2049 1196 2091; x_wconf 86' lang='lat' dir='ltr'>blando</span> 
     </span>
     <span class='ocr_line' id='line_1_27' title="bbox 133 2114 1581 2175; baseline -0.006 -12"><span class='ocrx_word' id='word_1_164' title='bbox 133 2122 268 2163; x_wconf 89' lang='lat' dir='ltr'>Freta</span> <span class='ocrx_word' id='word_1_165' title='bbox 285 2121 506 2175; x_wconf 84' lang='lat' dir='ltr'>Phrygum</span> <span class='ocrx_word' id='word_1_166' title='bbox 527 2121 685 2174; x_wconf 89' lang='lat' dir='ltr'>pubes,</span> <span class='ocrx_word' id='word_1_167' title='bbox 707 2131 882 2174; x_wconf 88' lang='lat' dir='ltr'>puppes</span> <span class='ocrx_word' id='word_1_168' title='bbox 904 2118 1019 2170; x_wconf 82' lang='lat' dir='ltr'>agit:</span> <span class='ocrx_word' id='word_1_169' title='bbox 1048 2117 1145 2171; x_wconf 89' lang='lat' dir='ltr'>ipse</span> <span class='ocrx_word' id='word_1_170' title='bbox 1166 2115 1437 2170; x_wconf 87' lang='lat' dir='ltr'>propinquas</span> <span class='ocrx_word' id='word_1_171' title='bbox 1494 2114 1581 2156; x_wconf 79' lang='lat'>215</span> 
     </span>
     <span class='ocr_line' id='line_1_28' title="bbox 135 2185 1107 2241; baseline -0.005 -12"><span class='ocrx_word' id='word_1_172' title='bbox 135 2188 356 2241; x_wconf 88' lang='lat' dir='ltr'>Sanguine</span> <span class='ocrx_word' id='word_1_173' title='bbox 373 2187 576 2230; x_wconf 89' lang='lat' dir='ltr'>sacrifico</span> <span class='ocrx_word' id='word_1_174' title='bbox 600 2187 817 2229; x_wconf 88' lang='lat' dir='ltr'>Latoidos</span> <span class='ocrx_word' id='word_1_175' title='bbox 837 2185 987 2238; x_wconf 88' lang='lat' dir='ltr'>irrigat</span> <span class='ocrx_word' id='word_1_176' title='bbox 1008 2197 1107 2225; x_wconf 89' lang='lat' dir='ltr'>aras</span> 
     </span>
    </p>
   </div>
   <div class='ocr_carea' id='block_1_3' title="bbox 738 2291 977 2306">
    <p class='ocr_par' dir='ltr' id='par_1_3' title="bbox 738 2291 977 2306">
     <span class='ocr_line' id='line_1_29' title="bbox 738 2291 977 2306; baseline -0.008 0"><span class='ocrx_word' id='word_1_177' title='bbox 738 2291 977 2306; x_wconf 60' lang='lat' dir='ltr'>eeeeeeeeeeee</span> 
     </span>
    </p>
   </div>
   <div class='ocr_carea' id='block_1_4' title="bbox 175 2365 1122 2404">
    <p class='ocr_par' dir='ltr' id='par_1_4' title="bbox 175 2365 1122 2404">
     <span class='ocr_line' id='line_1_30' title="bbox 175 2365 1122 2404; baseline -0.005 -1"><span class='ocrx_word' id='word_1_178' title='bbox 175 2373 239 2403; x_wconf 89' lang='grc'>208</span> <span class='ocrx_word' id='word_1_179' title='bbox 265 2371 404 2404; x_wconf 77' lang='lat' dir='ltr'>Vacabat</span> <span class='ocrx_word' id='word_1_180' title='bbox 421 2370 598 2403; x_wconf 73' lang='lat' dir='ltr'>MS.—213</span> <span class='ocrx_word' id='word_1_181' title='bbox 622 2369 725 2401; x_wconf 80' lang='lat' dir='ltr'>Arcus</span> <span class='ocrx_word' id='word_1_182' title='bbox 750 2369 911 2400; x_wconf 88' lang='lat' dir='ltr'>Dresem.</span> <span class='ocrx_word' id='word_1_183' title='bbox 942 2365 1032 2398; x_wconf 85' lang='lat' dir='ltr'>Vide</span> <span class='ocrx_word' id='word_1_184' title='bbox 1049 2370 1122 2398; x_wconf 85' lang='lat' dir='ltr'>not.</span> 
     </span>
    </p>
   </div>
   <div class='ocr_carea' id='block_1_5' title="bbox 787 2460 929 2495">
    <p class='ocr_par' dir='ltr' id='par_1_5' title="bbox 787 2460 929 2495">
     <span class='ocr_line' id='line_1_31' title="bbox 787 2460 929 2495; baseline -0.014 0"><span class='ocrx_word' id='word_1_185' title='bbox 787 2460 929 2495; x_wconf 82' lang='lat' dir='ltr'>NOTAE</span> 
     </span>
    </p>
   </div>
   <div class='ocr_carea' id='block_1_6' title="bbox 133 2527 1582 2674">
    <p class='ocr_par' dir='ltr' id='par_1_6' title="bbox 133 2527 1582 2674">
     <span class='ocr_line' id='line_1_32' title="bbox 175 2527 1579 2573; baseline -0.004 -10"><span class='ocrx_word' id='word_1_186' title='bbox 175 2534 238 2564; x_wconf 80' lang='grc'>206</span> <span class='ocrx_word' id='word_1_187' title='bbox 262 2531 401 2563; x_wconf 82' lang='lat' dir='ltr'>Matrem</span> <span class='ocrx_word' id='word_1_188' title='bbox 411 2531 519 2572; x_wconf 82' lang='lat' dir='ltr'>cupide</span> <span class='ocrx_word' id='word_1_189' title='bbox 532 2531 639 2562; x_wconf 82' lang='lat' dir='ltr'>visura</span> <span class='ocrx_word' id='word_1_190' title='bbox 652 2527 829 2568; x_wconf 78' lang='lat' dir='ltr'>secundam]</span> <span class='ocrx_word' id='word_1_191' title='bbox 881 2543 935 2565; x_wconf 69' lang='lat' dir='ltr'>cus</span> <span class='ocrx_word' id='word_1_192' title='bbox 962 2532 1160 2573; x_wconf 75' lang='lat' dir='ltr'>legendum,</span> <span class='ocrx_word' id='word_1_193' title='bbox 1227 2530 1332 2564; x_wconf 76' lang='lat' dir='ltr'>Ovid,</span> <span class='ocrx_word' id='word_1_194' title='bbox 1369 2530 1404 2563; x_wconf 87' lang='lat' dir='ltr'>in</span> <span class='ocrx_word' id='word_1_195' title='bbox 1433 2530 1579 2563; x_wconf 79' lang='lat' dir='ltr'>Metam.</span> 
     </span>
     <span class='ocr_line' id='line_1_33' title="bbox 133 2580 1582 2623; baseline 0 -10"><span class='ocrx_word' id='word_1_196' title='bbox 133 2581 430 2623; x_wconf 68' lang='lat' dir='ltr'>Clytaemnestram</span> <span class='ocrx_word' id='word_1_197' title='bbox 445 2580 675 2622; x_wconf 81' lang='grc' dir='ltr'>μητραδέλφην.</span> <span class='ocrx_word' id='word_1_198' title='bbox 721 2581 784 2612; x_wconf 83' lang='lat' dir='ltr'>Est</span> <span class='ocrx_word' id='word_1_199' title='bbox 796 2590 831 2612; x_wconf 91' lang='lat' dir='ltr'>e·</span> <span class='ocrx_word' id='word_1_200' title='bbox 881 2585 890 2601; x_wconf 90' lang='lat'>‘</span> <span class='ocrx_word' id='word_1_201' title='bbox 909 2585 971 2615; x_wconf 87' lang='lat' dir='ltr'>Est</span> <span class='ocrx_word' id='word_1_202' title='bbox 995 2585 1086 2614; x_wconf 85' lang='lat' dir='ltr'>sinus</span> <span class='ocrx_word' id='word_1_203' title='bbox 1098 2582 1258 2614; x_wconf 82' lang='lat' dir='ltr'>AEmoniae</span> <span class='ocrx_word' id='word_1_204' title='bbox 1281 2581 1412 2614; x_wconf 85' lang='lat' dir='ltr'>modice</span> <span class='ocrx_word' id='word_1_205' title='bbox 1434 2581 1582 2614; x_wconf 80' lang='lat' dir='ltr'>falcatus</span> 
     </span>
     <span class='ocr_line' id='line_1_34' title="bbox 134 2631 1582 2674; baseline 0.001 -12"><span class='ocrx_word' id='word_1_206' title='bbox 134 2632 201 2662; x_wconf 85' lang='lat' dir='ltr'>nim</span> <span class='ocrx_word' id='word_1_207' title='bbox 217 2637 416 2669; x_wconf 80' lang='lat' dir='ltr'>matertera,</span> <span class='ocrx_word' id='word_1_208' title='bbox 435 2632 483 2664; x_wconf 86' lang='lat' dir='ltr'>ait</span> <span class='ocrx_word' id='word_1_209' title='bbox 500 2633 631 2667; x_wconf 86' lang='lat' dir='ltr'>Festus,</span> <span class='ocrx_word' id='word_1_210' title='bbox 646 2631 741 2674; x_wconf 85' lang='lat' dir='ltr'>quasi</span> <span class='ocrx_word' id='word_1_211' title='bbox 763 2641 832 2663; x_wconf 79' lang='lat' dir='ltr'>ina-</span> <span class='ocrx_word' id='word_1_212' title='bbox 883 2634 918 2665; x_wconf 90' lang='lat' dir='ltr'>in</span> <span class='ocrx_word' id='word_1_213' title='bbox 934 2633 1057 2671; x_wconf 88' lang='lat' dir='ltr'>arcus,’</span> <span class='ocrx_word' id='word_1_214' title='bbox 1080 2633 1114 2664; x_wconf 89' lang='lat' dir='ltr'>in</span> <span class='ocrx_word' id='word_1_215' title='bbox 1131 2642 1172 2665; x_wconf 87' lang='lat'>11.</span> <span class='ocrx_word' id='word_1_216' title='bbox 1190 2633 1255 2674; x_wconf 88' lang='lat' dir='ltr'>Ep.</span> <span class='ocrx_word' id='word_1_217' title='bbox 1273 2632 1417 2664; x_wconf 86' lang='lat' dir='ltr'>Heroid.</span> <span class='ocrx_word' id='word_1_218' title='bbox 1438 2633 1449 2650; x_wconf 91' lang='lat'>‘</span> <span class='ocrx_word' id='word_1_219' title='bbox 1461 2633 1523 2664; x_wconf 82' lang='lat' dir='ltr'>Est</span> <span class='ocrx_word' id='word_1_220' title='bbox 1539 2632 1582 2664; x_wconf 84' lang='lat' dir='ltr'>si-</span> 
     </span>
    </p>
   </div>
   <div class='ocr_carea' id='block_1_7' title="bbox 137 2681 1582 2772">
    <p class='ocr_par' dir='ltr' id='par_1_7' title="bbox 137 2681 1582 2772">
     <span class='ocr_line' id='line_1_35' title="bbox 137 2681 1582 2716; baseline 0.001 -4"><span class='ocrx_word' id='word_1_221' title='bbox 137 2685 188 2712; x_wconf 85' lang='lat' dir='ltr'>ter</span> <span class='ocrx_word' id='word_1_222' title='bbox 204 2681 326 2713; x_wconf 78' lang='lat' dir='ltr'>altera.</span> <span class='ocrx_word' id='word_1_223' title='bbox 883 2695 947 2716; x_wconf 89' lang='lat' dir='ltr'>nus</span> <span class='ocrx_word' id='word_1_224' title='bbox 974 2684 1138 2716; x_wconf 87' lang='lat' dir='ltr'>adductos</span> <span class='ocrx_word' id='word_1_225' title='bbox 1164 2683 1294 2716; x_wconf 89' lang='lat' dir='ltr'>modice</span> <span class='ocrx_word' id='word_1_226' title='bbox 1309 2683 1457 2715; x_wconf 81' lang='lat' dir='ltr'>falcatus</span> <span class='ocrx_word' id='word_1_227' title='bbox 1477 2683 1512 2714; x_wconf 90' lang='lat' dir='ltr'>iu</span> <span class='ocrx_word' id='word_1_228' title='bbox 1528 2693 1582 2715; x_wconf 86' lang='lat' dir='ltr'>ar-</span> 
     </span>
     <span class='ocr_line' id='line_1_36' title="bbox 174 2731 986 2772; baseline 0.005 -10"><span class='ocrx_word' id='word_1_229' title='bbox 174 2733 239 2763; x_wconf 86' lang='lat'>209</span> <span class='ocrx_word' id='word_1_230' title='bbox 261 2731 316 2763; x_wconf 72' lang='lat' dir='ltr'>Sic</span> <span class='ocrx_word' id='word_1_231' title='bbox 340 2732 442 2763; x_wconf 79' lang='lat' dir='ltr'>omnia</span> <span class='ocrx_word' id='word_1_232' title='bbox 461 2741 550 2763; x_wconf 80' lang='lat' dir='ltr'>casus</span> <span class='ocrx_word' id='word_1_233' title='bbox 575 2731 742 2772; x_wconf 77' lang='lat' dir='ltr'>Expediz&#39;t]</span> <span class='ocrx_word' id='word_1_234' title='bbox 765 2732 832 2763; x_wconf 87' lang='lat' dir='ltr'>Pa·</span> <span class='ocrx_word' id='word_1_235' title='bbox 886 2733 986 2766; x_wconf 75' lang='lat' dir='ltr'>cuS.’=</span> 
     </span>
    </p>
   </div>
   <div class='ocr_carea' id='block_1_8' title="bbox 133 2781 1584 2979">
    <p class='ocr_par' dir='ltr' id='par_1_8' title="bbox 133 2781 1584 2979">
     <span class='ocr_line' id='line_1_37' title="bbox 133 2781 1584 2824; baseline 0.002 -13"><span class='ocrx_word' id='word_1_236' title='bbox 133 2781 204 2821; x_wconf 85' lang='lat' dir='ltr'>pin.</span> <span class='ocrx_word' id='word_1_237' title='bbox 237 2787 246 2800; x_wconf 79' lang='lat'><strong><em>¹</em></strong></span> <span class='ocrx_word' id='word_1_238' title='bbox 261 2782 318 2813; x_wconf 83' lang='lat' dir='ltr'>Sic</span> <span class='ocrx_word' id='word_1_239' title='bbox 345 2783 456 2813; x_wconf 85' lang='lat' dir='ltr'>omnia</span> <span class='ocrx_word' id='word_1_240' title='bbox 474 2792 586 2813; x_wconf 84' lang='lat' dir='ltr'>casnm</span> <span class='ocrx_word' id='word_1_241' title='bbox 606 2782 775 2822; x_wconf 78' lang='lat' dir='ltr'>Fecimus,</span> <span class='ocrx_word' id='word_1_242' title='bbox 797 2786 832 2813; x_wconf 89' lang='lat' dir='ltr'>et</span> <span class='ocrx_word' id='word_1_243' title='bbox 927 2786 991 2815; x_wconf 84' lang='lat'>216</span> <span class='ocrx_word' id='word_1_244' title='bbox 1013 2783 1164 2815; x_wconf 79' lang='lat' dir='ltr'>Latoidos</span> <span class='ocrx_word' id='word_1_245' title='bbox 1194 2782 1312 2823; x_wconf 80' lang='lat' dir='ltr'>irrigat</span> <span class='ocrx_word' id='word_1_246' title='bbox 1338 2781 1427 2822; x_wconf 75' lang='lat' dir='ltr'>arae]</span> <span class='ocrx_word' id='word_1_247' title='bbox 1450 2782 1584 2824; x_wconf 77' lang='lat' dir='ltr'>Dianae‚</span> 
     </span>
     <span class='ocr_line' id='line_1_38' title="bbox 133 2831 1550 2876; baseline 0.003 -15"><span class='ocrx_word' id='word_1_248' title='bbox 133 2831 221 2863; x_wconf 84' lang='lat' dir='ltr'>vires</span> <span class='ocrx_word' id='word_1_249' title='bbox 237 2833 331 2864; x_wconf 82' lang='lat' dir='ltr'>auxit</span> <span class='ocrx_word' id='word_1_250' title='bbox 346 2832 482 2864; x_wconf 83' lang='lat' dir='ltr'>fortuna</span> <span class='ocrx_word' id='word_1_251' title='bbox 499 2831 669 2865; x_wconf 85' lang='lat' dir='ltr'>nocendi.&#39;</span> <span class='ocrx_word' id='word_1_252' title='bbox 886 2844 960 2866; x_wconf 87' lang='lat' dir='ltr'>cum</span> <span class='ocrx_word' id='word_1_253' title='bbox 976 2844 1041 2876; x_wconf 85' lang='lat' dir='ltr'>qua</span> <span class='ocrx_word' id='word_1_254' title='bbox 1058 2834 1232 2875; x_wconf 84' lang='lat' dir='ltr'>conjungit</span> <span class='ocrx_word' id='word_1_255' title='bbox 1248 2834 1355 2866; x_wconf 83' lang='lat' dir='ltr'>Dares</span> <span class='ocrx_word' id='word_1_256' title='bbox 1368 2834 1550 2866; x_wconf 85' lang='lat' dir='ltr'>Venerem.</span> 
     </span>
     <span class='ocr_line' id='line_1_39' title="bbox 176 2883 832 2924; baseline -0.002 -11"><span class='ocrx_word' id='word_1_257' title='bbox 176 2885 238 2913; x_wconf 83' lang='lat'>213</span> <span class='ocrx_word' id='word_1_258' title='bbox 263 2883 406 2924; x_wconf 83' lang='lat' dir='ltr'>Refugos</span> <span class='ocrx_word' id='word_1_259' title='bbox 418 2884 560 2921; x_wconf 73' lang='lat' dir='ltr'>sulcatur</span> <span class='ocrx_word' id='word_1_260' title='bbox 579 2883 613 2914; x_wconf 86' lang='lat' dir='ltr'>in</span> <span class='ocrx_word' id='word_1_261' title='bbox 637 2884 740 2924; x_wconf 76' lang='lat' dir='ltr'>artus]</span> <span class='ocrx_word' id='word_1_262' title='bbox 769 2883 832 2915; x_wconf 86' lang='lat' dir='ltr'>Ar·</span> 
     </span>
     <span class='ocr_line' id='line_1_40' title="bbox 221 2936 1499 2979; baseline 0.001 -12"><span class='ocrx_word' id='word_1_263' title='bbox 221 2936 336 2977; x_wconf 77' lang='lat' dir='ltr'>Delph.</span> <span class='ocrx_word' id='word_1_264' title='bbox 347 2941 379 2969; x_wconf 83' lang='lat' dir='ltr'>et</span> <span class='ocrx_word' id='word_1_265' title='bbox 399 2937 475 2970; x_wconf 68' lang='grc' dir='ltr'>ναν.</span> <span class='ocrx_word' id='word_1_266' title='bbox 495 2938 580 2968; x_wconf 72' lang='lat' dir='ltr'>Clas.</span> <span class='ocrx_word' id='word_1_267' title='bbox 733 2937 823 2969; x_wconf 73' lang='lat' dir='ltr'>Dice.</span> <span class='ocrx_word' id='word_1_268' title='bbox 840 2937 926 2968; x_wconf 78' lang='lat' dir='ltr'>Cret.</span> <span class='ocrx_word' id='word_1_269' title='bbox 940 2939 991 2979; x_wconf 61' lang='grc' dir='ltr'>ᾀτ.</span> <span class='ocrx_word' id='word_1_270' title='bbox 1427 2940 1446 2968; x_wconf 86' lang='grc'>2</span> <span class='ocrx_word' id='word_1_271' title='bbox 1472 2937 1499 2968; x_wconf 76' lang='lat' dir='ltr'><strong>F</strong></span> 
     </span>
    </p>
   </div>
  </div>
 </body>
</html>
