1889 3194
212 329 296 370 554

214 430 427 481 Numina,
450 432 666 474 Palladiae.
688 445 844 486 pacem
865 432 1073 473 mentitur
1090 432 1222 472 olivae

732 340 935 370 JOSEPHl
972 339 1137 368 ISCANI

1572 427 1656 471 530

213 498 505 552 Cecropidum
524 500 730 553 clypeus3
765 500 917 551 gentili
942 499 1084 539 Marte
1106 499 1294 538 minatur

213 566 490 606 Bistonidum
513 567 678 607 cassis:
713 566 838 606 Mars
857 565 1064 618 undique,
1085 568 1129 605 et
1147 565 1340 618 undique
1361 563 1479 606 Juno

214 631 424 679 Plurima,
445 632 647 673 fraxineo
670 645 781 672 nunc
799 633 1000 672 verberat
1021 630 1124 671 aeta
1145 633 1294 684 peplo,

215 696 348 738 Nunc
364 698 484 739 sedet
499 700 542 738 in
561 700 740 752 parmis,
758 700 953 751 capitum
976 711 1091 739 nunc
1113 699 1250 751 surgit
1269 699 1314 739 in
1337 711 1476 740 arces.

213 762 276 804 At
298 764 446 818 Phryx
464 765 589 806 Idaea
610 765 792 819 Cybele,
816 765 1047 819 Idaliaque
1069 766 1269 819 superbit

1577 763 1661 806 585

215 830 425 883 Cypride,
446 831 641 872 fulminei
659 833 818 886 Tyrias
835 845 941 885 pars
963 833 1084 873 alitis
1104 833 1200 873 alas

216 897 409 939 Incestat
431 898 686 953 Ganymede
707 913 806 941 suo:
838 901 902 941 sic
924 900 984 940 ire
1001 899 1208 940 decorum

216 962 456 1014 Certantes,
479 966 543 1005 sic
565 965 692 1006 dulce
714 966 819 1006 viris
843 966 1076 1019 confligere
1101 966 1261 1010 Divos.

274 1031 446 1072 Eminet
466 1032 692 1073 horrificas
713 1033 886 1086 rapiens
903 1038 1005 1086 post
1021 1039 1142 1086 terga
1161 1047 1335 1075 secures

216 1098 413 1151 Virginei
435 1099 581 1151 regina
603 1100 740 1150 chori,
762 1113 846 1140 non
868 1100 1052 1153 provida
1073 1101 1221 1141 cultus

1581 1098 1665 1140 590

219 1165 336 1207 Cura
352 1166 496 1215 trahit,
515 1179 603 1207 non
620 1167 761 1207 forma
777 1167 920 1220 juvat,
941 1167 1062 1208 frons
1080 1180 1254 1220 aspera,
1274 1168 1409 1208 vestis

226 1232 447 1282 Discolor,
463 1233 764 1286 insertumque
788 1235 919 1275 armis
942 1235 1150 1275 irascitur
1170 1247 1343 1275 aurum.

874 1365 1016 1397 NOTAE

263 1464 325 1492 583
350 1461 379 1492 F
381 1461 507 1492 matinen
523 1471 602 1492 nunc
620 1462 760 1493 verberat
777 1463 849 1493 aera
864 1473 915 1502 pe-

218 1513 285 1552 plu]
303 1512 472 1542 Vexillum
491 1511 624 1542 fraxino
641 1512 817 1542 astrictum
834 1515 842 1530 ⁶
859 1522 916 1551 pe-

223 1562 314 1602 plum
327 1561 335 1572 ’
352 1567 462 1592 vocat.
488 1563 542 1591 De
556 1562 662 1601 peplis
676 1562 822 1592 Deorum
842 1561 917 1592 vide

222 1611 385 1650 Scaliger.
418 1612 448 1640 in
487 1611 598 1641 Catal.
635 1621 664 1650 p.
688 1614 740 1642 40.
772 1616 806 1641 et
842 1613 917 1642 292.

224 1660 390 1690 Loe'usem
422 1660 555 1690 Miscel.
585 1668 667 1689 vni.
700 1662 752 1690 23.
776 1660 920 1690 Marcel.

226 1709 354 1739 Donat.
373 1707 521 1738 Dilucid.
537 1708 570 1737 in
583 1708 715 1739 Trebel.
737 1709 919 1738 Pollionem

223 1768 256 1799 p.
267 1761 341 1789 999.
354 1760 418 1788 Sec.
437 1757 580 1798 Peplum
595 1758 682 1798 apud
695 1757 921 1788 Athenienses

224 1808 318 1838 navis
342 1808 603 1838 Panathenaicae
635 1809 744 1838 velum
772 1812 856 1844 erat,
883 1812 922 1838 ut

224 1856 461 1897 Aristophanis
493 1857 636 1887 Graecus
663 1856 833 1896 interpres
864 1866 922 1887 ex·

224 1907 342 1947 plicat,
380 1907 413 1937 iu
446 1907 562 1947 Equit.
591 1917 623 1947 p.
649 1909 724 1936 322.
762 1906 851 1947 quod
878 1906 921 1937 ad

227 1957 385 1988 vexillum
414 1957 566 1997 proxime
597 1957 744 1987 accedit.
799 1956 921 1987 Astro-

226 2007 359 2038 nomico
382 2006 514 2038 veteri:
550 2007 560 2023 ‘
586 2007 644 2037 Sol
679 2008 809 2038 eminus
836 2008 920 2042 exit,

226 2057 474 2097 Intorquetque
515 2057 651 2097 peplum
696 2057 804 2087 noctis
822 2054 852 2087 :’
886 2058 919 2087 in

228 2107 397 2138 Catalect.
415 2116 448 2146 p.
465 2109 541 2138 241.

268 2159 332 2188 584
362 2157 455 2187 Nunc
477 2158 563 2188 sedet
581 2157 614 2187 in
629 2157 759 2197 parmis,
790 2158 925 2198 capitum

226 2216 307 2237 nunc
329 2207 431 2245 surgit
454 2207 486 2237 in
509 2207 608 2247 arces]
633 2208 755 2238 Martis
779 2207 923 2247 insigne,

228 2257 376 2287 auctoris
396 2266 518 2297 nempe
535 2257 730 2297 gene1·iS‚in
755 2259 871 2295 scutis,
887 2264 923 2290 et

229 2307 334 2345 galeis
364 2304 532 2337 ferebant.
586 2308 596 2324 ‘
611 2305 737 2338 Arcem
777 2307 922 2348 capitis'

228 2356 329 2394 dixit,
345 2361 381 2386 ut
394 2357 530 2387 anret.
545 2356 554 2373 ‘
567 2357 692 2396 templa
708 2358 830 2388 mentis
842 2357 863 2396 ;’
888 2362 923 2389 et

229 2406 352 2447 I’apin.
374 2407 468 2448 Sylv.
494 2415 534 2438 n.
560 2412 569 2426 ‘
583 2408 725 2439 celsam
743 2410 865 2440 mentis
881 2411 923 2440 ab

230 2466 307 2487 arce
325 2457 482 2497 Despicis
498 2457 672 2488 errantes?
706 2458 866 2489 Manilius
882 2459 925 2490 de

229 2507 383 2539 homine:
408 2507 418 2524 ‘
432 2506 530 2537 stetit
546 2516 631 2537 unus
647 2507 679 2536 in
697 2517 808 2538 arcem
826 2509 926 2539 Erec-

230 2563 285 2587 tus
301 2557 449 2597 capitis:
493 2557 591 2587 Philo
610 2557 694 2588 libro
710 2557 753 2588 de
775 2559 925 2598 somniis,

230 2612 332 2647 caput
349 2608 452 2638 etiam
475 2606 645 2646 ἀκρόπολιν
663 2613 777 2646 vocat,
802 2618 833 2647 p.
850 2611 926 2640 444.

232 2656 333 2697 Apul.
351 2656 449 2697 Apol.
465 2656 475 2674 ‘
488 2658 649 2688 verticem
673 2657 816 2688 hominis
833 2659 928 2689 velut

232 2715 344 2737 arcem
361 2711 395 2738 et
413 2706 540 2746 regiam
559 2706 705 2737 insedit!
749 2706 927 2747 Theopliy·

231 2757 340 2787 lactus
356 2757 459 2788 etiam
476 2757 541 2797 Ep.
557 2759 589 2787 2.
609 2756 646 2786 τὸ
661 2755 779 2796 πύργον
793 2757 849 2793 τῆς
864 2758 927 2787 δια·

233 2804 315 2836 votas
331 2806 499 2836 nominat:
522 2810 557 2836 et
567 2805 733 2845 ἀκρόπολιν
744 2806 797 2837 νοῦ
821 2806 927 2838 Isido·
945 2820 947 2822 ·

236 2864 291 2885 rus
309 2855 483 2886 Pelusiota
499 2864 522 2886 ι.
540 2856 602 2897 Ep.
618 2859 691 2887 479.

1014 1466 1076 1494 587
1100 1464 1238 1494 Incestat
1268 1463 1449 1504 Ganymede
1472 1460 1540 1500 suo]
1578 1461 1668 1494 Quia

971 1510 1668 1552 catamitusfuitexolemsqueJovis‚quem

972 1563 1140 1592 Martialis
1181 1561 1322 1591 Iliacum
1354 1565 1454 1591 vocat
1487 1560 1668 1590 cinaedum.

973 1610 1106 1641 Nomen
1119 1611 1271 1641 catamiti
1285 1619 1362 1640 vero
1374 1608 1602 1647 deduxerunt,
1616 1608 1669 1638 vel

972 1659 1189 1691 detorserunt
1220 1659 1331 1690 Latini
1369 1669 1411 1689 ex
1442 1657 1642 1699 Ganymede
1658 1668 1668 1690 ε

973 1714 1011 1740 ut
1027 1710 1160 1749 Cocles,
1177 1709 1486 1747 Almnento‚Melo‚
1498 1708 1670 1744 Polluces,

973 1768 1016 1790 ex
1029 1760 1193 1800 Cyclope,
1209 1758 1450 1796 Laomedonte,
1464 1758 1554 1793 Nilo,
1568 1757 1672 1798 Poly-

974 1809 1111 1840 deuces.
1122 1809 1209 1839 Vide
1224 1809 1360 1839 Festum
1374 1813 1409 1839 et
1420 1808 1492 1840 Jos.
1507 1808 1669 1841 Scaliger.

975 1858 1017 1889 ad
1046 1859 1234 1889 Varronem
1265 1858 1299 1889 in
1329 1859 1518 1898 conjectari.
1543 1868 1577 1898 p.
1595 1860 1670 1890 175.

976 1910 1029 1940 De
1046 1909 1244 1949 Ganymede
1262 1908 1339 1939 vide
1362 1909 1554 1949 Baptistam
1570 1909 1671 1940 Pium

975 1958 1111 1998 Sylloge
1128 1967 1184 1989 111.
1199 1961 1253 1990 98.
1298 1958 1371 1990 Jos.
1394 1957 1602 1998 Scaligerum
1626 1957 1671 1988 ad

974 2009 1156 2040 Eusebium
1173 2019 1205 2049 p.
1221 2011 1275 2039 40.
1318 2008 1534 2048 Fulgentium
1551 2008 1586 2039 in
1602 2006 1672 2039 Ga-

974 2059 1130 2099 nymede.

1021 2111 1083 2140 588
1100 2109 1154 2140 Sic
1167 2109 1252 2139 dulce
1268 2108 1345 2139 viris
1362 2107 1532 2148 confligere
1554 2107 1672 2147 Divos]

979 2157 1030 2189 Ac
1042 2159 1113 2189 siin
1131 2158 1284 2189 militiam
1297 2157 1506 2189 descendant
1523 2156 1674 2197 adjutum

978 2207 1176 2248 bellatores,
1203 2209 1306 2239 etiam
1339 2208 1423 2247 picti
1452 2208 1505 2238 vel
1537 2207 1673 2238 intexti.

979 2257 1033 2288 lta
1050 2258 1171 2297 Papin.
1185 2258 1228 2288 de
1240 2257 1378 2298 σημασίᾳ
1393 2262 1429 2288 et
1441 2257 1550 2288 tutela
1561 2256 1624 2289 Dei
1640 2257 1673 2288 iu

977 2317 1083 2338 nave:
1099 2308 1256 2349 ‘solaque
1270 2308 1362 2339 Deus
1374 2307 1429 2348 qui
1444 2307 1582 2348 navigat
1597 2307 1674 2339 alno

978 2356 1152 2397 Pervigil.'

1021 2410 1085 2438 589
1103 2407 1279 2449 Hom-{ficas
1296 2407 1421 2448 rapiens
1435 2410 1501 2447 post
1521 2410 1612 2447 terga
1627 2416 1674 2438 se·

979 2459 1083 2499 cures]
1103 2458 1246 2494 Decore,
1263 2467 1340 2488 nam
1353 2458 1477 2488 securis
1494 2457 1673 2488 Penthesi-

979 2509 1043 2540 leae
1058 2509 1245 2539 inventum.
1268 2508 1359 2539 Pliu.
1376 2516 1443 2538 vu.
1458 2509 1514 2537 56.

1021 2561 1085 2589 592
1103 2559 1315 2598 Insertamque
1336 2557 1431 2588 armis
1452 2556 1599 2588 irascitur
1619 2567 1674 2587 au-

979 2609 1064 2650 rum]
1076 2607 1258 2647 Κακόζηλον
1267 2607 1317 2639 καὶ
1326 2607 1472 2646 ὀγκῶδες,
1483 2610 1519 2637 ut
1531 2606 1675 2637 alterum

981 2668 1034 2690 ιν.
1063 2661 1072 2676 ‘
1086 2659 1214 2698 pallere
1230 2658 1362 2689 videres
1380 2657 1464 2695 Ora,
1485 2665 1601 2696 genu,
1618 2665 1675 2686 au-

982 2717 1123 2749 rumque
1139 2707 1249 2738 mori.’
1272 2707 1349 2740 Qua
1364 2705 1406 2736 de
1422 2715 1458 2736 re
1474 2705 1556 2736 illud
1572 2704 1676 2744 Papi-

982 2759 1027 2789 nii
1047 2759 1088 2790 de
1106 2758 1206 2788 maris
1223 2755 1386 2788 malacia:
1408 2755 1418 2771 ‘
1431 2753 1564 2786 Imbelli
1580 2763 1674 2785 recu-

983 2807 1066 2838 bant
1083 2807 1139 2838 ubi
1154 2807 1269 2838 littora
1283 2801 1421 2836 somno.’
