<?xml version="1.0" encoding="UTF-8"?>
<!DOCTYPE html PUBLIC "-//W3C//DTD XHTML 1.0 Transitional//EN"
    "http://www.w3.org/TR/xhtml1/DTD/xhtml1-transitional.dtd">
<html xmlns="http://www.w3.org/1999/xhtml" xml:lang="en" lang="en">
 <head>
  <title>
</title>
<meta http-equiv="Content-Type" content="text/html;charset=utf-8" />
  <meta name='ocr-system' content='tesseract 3.04.00' />
  <meta name='ocr-capabilities' content='ocr_page ocr_carea ocr_par ocr_line ocrx_word'/>
</head>
<body>
  <div class='ocr_page' id='page_1' title='image "./dictyscretensise02dictuoft_0029.png"; bbox 0 0 1889 3194; ppageno 0'>
   <div class='ocr_carea' id='block_1_1' title="bbox 494 346 1560 392">
    <p class='ocr_par' dir='ltr' id='par_1_1' title="bbox 494 346 1560 392">
     <span class='ocr_line' id='line_1_1' title="bbox 494 346 1560 392; baseline -0.004 0"><span class='ocrx_word' id='word_1_1' title='bbox 494 362 556 392; x_wconf 85' lang='lat' dir='ltr'><strong>DE</strong></span> <span class='ocrx_word' id='word_1_2' title='bbox 592 361 746 391; x_wconf 63' lang='lat' dir='ltr'><strong>esebo</strong></span> <span class='ocrx_word' id='word_1_3' title='bbox 779 358 1002 389; x_wconf 81' lang='lat' dir='ltr'><strong>&#39;rRoJANo</strong></span> <span class='ocrx_word' id='word_1_4' title='bbox 1038 359 1134 389; x_wconf 69' lang='lat' dir='ltr'><strong>ma.</strong></span> <span class='ocrx_word' id='word_1_5' title='bbox 1169 359 1198 389; x_wconf 88' lang='lat'><strong>1.</strong></span> <span class='ocrx_word' id='word_1_6' title='bbox 1475 346 1560 389; x_wconf 74' lang='lat'><strong>373</strong></span> 
     </span>
    </p>
   </div>
   <div class='ocr_carea' id='block_1_2' title="bbox 119 452 1253 510">
    <p class='ocr_par' dir='ltr' id='par_1_2' title="bbox 119 452 1253 510">
     <span class='ocr_line' id='line_1_2' title="bbox 119 452 1253 510; baseline -0.004 -12"><span class='ocrx_word' id='word_1_7' title='bbox 119 457 369 510; x_wconf 84' lang='lat' dir='ltr'><strong>Phryxeam</strong></span> <span class='ocrx_word' id='word_1_8' title='bbox 388 460 594 510; x_wconf 85' lang='lat' dir='ltr'><strong>rapturus</strong></span> <span class='ocrx_word' id='word_1_9' title='bbox 616 467 740 496; x_wconf 89' lang='lat' dir='ltr'><strong>ovem</strong></span> <span class='ocrx_word' id='word_1_10' title='bbox 759 467 768 495; x_wconf 75' lang='grc' dir='ltr'><strong><em>ε</em></strong></span> <span class='ocrx_word' id='word_1_11' title='bbox 799 454 871 495; x_wconf 87' lang='lat' dir='ltr'><strong>cui</strong></span> <span class='ocrx_word' id='word_1_12' title='bbox 885 452 1029 494; x_wconf 86' lang='lat' dir='ltr'><strong>laudis</strong></span> <span class='ocrx_word' id='word_1_13' title='bbox 1049 453 1253 494; x_wconf 83' lang='lat' dir='ltr'><strong>alumnus</strong></span> 
     </span>
    </p>
   </div>
   <div class='ocr_carea' id='block_1_3' title="bbox 118 521 1045 565">
    <p class='ocr_par' dir='ltr' id='par_1_3' title="bbox 118 521 1045 565">
     <span class='ocr_line' id='line_1_3' title="bbox 118 521 1045 565; baseline -0.004 0"><span class='ocrx_word' id='word_1_14' title='bbox 118 523 302 565; x_wconf 87' lang='lat' dir='ltr'><strong>Alcides</strong></span> <span class='ocrx_word' id='word_1_15' title='bbox 323 523 468 565; x_wconf 87' lang='lat' dir='ltr'><strong>socias</strong></span> <span class='ocrx_word' id='word_1_16' title='bbox 489 522 670 564; x_wconf 84' lang='lat' dir='ltr'>indulsit</span> <span class='ocrx_word' id='word_1_17' title='bbox 691 523 737 563; x_wconf 90' lang='lat' dir='ltr'><strong>in</strong></span> <span class='ocrx_word' id='word_1_18' title='bbox 763 521 900 562; x_wconf 87' lang='lat' dir='ltr'><strong>ardua</strong></span> <span class='ocrx_word' id='word_1_19' title='bbox 919 521 1045 561; x_wconf 89' lang='lat' dir='ltr'><strong>vires.</strong></span> 
     </span>
    </p>
   </div>
   <div class='ocr_carea' id='block_1_4' title="bbox 1505 520 1562 560">
    <p class='ocr_par' dir='ltr' id='par_1_4' title="bbox 1505 520 1562 560">
     <span class='ocr_line' id='line_1_4' title="bbox 1505 520 1562 560; baseline -0.018 0"><span class='ocrx_word' id='word_1_20' title='bbox 1505 520 1562 560; x_wconf 85' lang='lat'><strong>65</strong></span> 
     </span>
    </p>
   </div>
   <div class='ocr_carea' id='block_1_5' title="bbox 118 587 1306 843">
    <p class='ocr_par' dir='ltr' id='par_1_5' title="bbox 118 587 1300 710">
     <span class='ocr_line' id='line_1_5' title="bbox 119 587 1300 643; baseline -0.002 -13"><span class='ocrx_word' id='word_1_21' title='bbox 119 589 209 630; x_wconf 91' lang='lat' dir='ltr'><strong>His</strong></span> <span class='ocrx_word' id='word_1_22' title='bbox 230 589 392 631; x_wconf 83' lang='lat' dir='ltr'>Peleus</span> <span class='ocrx_word' id='word_1_23' title='bbox 411 590 712 643; x_wconf 83' lang='lat' dir='ltr'><strong>Telamonque</strong></span> <span class='ocrx_word' id='word_1_24' title='bbox 731 589 882 638; x_wconf 90' lang='lat' dir='ltr'><strong>duces,</strong></span> <span class='ocrx_word' id='word_1_25' title='bbox 900 587 971 628; x_wconf 88' lang='lat' dir='ltr'><strong>his</strong></span> <span class='ocrx_word' id='word_1_26' title='bbox 992 591 1137 629; x_wconf 84' lang='lat' dir='ltr'><strong>cetera</strong></span> <span class='ocrx_word' id='word_1_27' title='bbox 1157 589 1300 641; x_wconf 85' lang='lat' dir='ltr'><strong>pubes</strong></span> 
     </span>
     <span class='ocr_line' id='line_1_6' title="bbox 118 656 1160 710; baseline -0.002 -13"><span class='ocrx_word' id='word_1_28' title='bbox 118 656 360 698; x_wconf 82' lang='lat' dir='ltr'><strong>AEmathiae</strong></span> <span class='ocrx_word' id='word_1_29' title='bbox 382 670 516 698; x_wconf 86' lang='lat' dir='ltr'><strong>casus</strong></span> <span class='ocrx_word' id='word_1_30' title='bbox 535 657 681 710; x_wconf 82' lang='lat' dir='ltr'><strong>pelagi</strong></span> <span class='ocrx_word' id='word_1_31' title='bbox 698 657 899 710; x_wconf 83' lang='lat' dir='ltr'><strong>conjurat</strong></span> <span class='ocrx_word' id='word_1_32' title='bbox 917 656 962 696; x_wconf 89' lang='lat' dir='ltr'><strong>iu</strong></span> <span class='ocrx_word' id='word_1_33' title='bbox 983 668 1132 696; x_wconf 88' lang='lat' dir='ltr'><strong>omnes</strong></span> <span class='ocrx_word' id='word_1_34' title='bbox 1151 668 1160 696; x_wconf 78' lang='grc' dir='ltr'>ε</span> 
     </span>
    </p>

    <p class='ocr_par' dir='ltr' id='par_1_6' title="bbox 118 722 1306 843">
     <span class='ocr_line' id='line_1_7' title="bbox 119 722 1242 776; baseline -0.001 -12"><span class='ocrx_word' id='word_1_35' title='bbox 119 723 230 764; x_wconf 84' lang='lat' dir='ltr'><strong>Pars</strong></span> <span class='ocrx_word' id='word_1_36' title='bbox 248 723 388 764; x_wconf 84' lang='lat' dir='ltr'><strong>invita</strong></span> <span class='ocrx_word' id='word_1_37' title='bbox 407 728 563 773; x_wconf 86' lang='lat' dir='ltr'><strong>ratem,</strong></span> <span class='ocrx_word' id='word_1_38' title='bbox 585 736 690 776; x_wconf 84' lang='lat' dir='ltr'><strong>pars</strong></span> <span class='ocrx_word' id='word_1_39' title='bbox 711 724 840 764; x_wconf 80' lang='lat' dir='ltr'><strong>famae</strong></span> <span class='ocrx_word' id='word_1_40' title='bbox 861 735 1002 776; x_wconf 85' lang='lat' dir='ltr'><strong>prona</strong></span> <span class='ocrx_word' id='word_1_41' title='bbox 1021 722 1242 776; x_wconf 84' lang='lat' dir='ltr'><strong>petendae,</strong></span> 
     </span>
     <span class='ocr_line' id='line_1_8' title="bbox 118 789 1306 843; baseline -0.003 -12"><span class='ocrx_word' id='word_1_42' title='bbox 118 789 230 831; x_wconf 90' lang='lat' dir='ltr'><strong>Pars</strong></span> <span class='ocrx_word' id='word_1_43' title='bbox 250 790 457 831; x_wconf 90' lang='lat' dir='ltr'><strong>mundum</strong></span> <span class='ocrx_word' id='word_1_44' title='bbox 478 791 626 832; x_wconf 83' lang='lat' dir='ltr'><strong>visura</strong></span> <span class='ocrx_word' id='word_1_45' title='bbox 647 804 825 840; x_wconf 89' lang='lat' dir='ltr'><strong>novum,</strong></span> <span class='ocrx_word' id='word_1_46' title='bbox 847 793 1082 843; x_wconf 88' lang='lat' dir='ltr'><strong>gentesque</strong></span> <span class='ocrx_word' id='word_1_47' title='bbox 1101 794 1306 831; x_wconf 83' lang='lat' dir='ltr'><strong>remotas.</strong></span> 
     </span>
    </p>
   </div>
   <div class='ocr_carea' id='block_1_6' title="bbox 175 857 1347 911">
    <p class='ocr_par' dir='ltr' id='par_1_7' title="bbox 175 857 1347 911">
     <span class='ocr_line' id='line_1_9' title="bbox 175 857 1347 911; baseline 0.001 -14"><span class='ocrx_word' id='word_1_48' title='bbox 175 857 306 910; x_wconf 83' lang='lat' dir='ltr'><strong>Ergo,</strong></span> <span class='ocrx_word' id='word_1_49' title='bbox 325 859 448 911; x_wconf 87' lang='lat' dir='ltr'><strong>sequi</strong></span> <span class='ocrx_word' id='word_1_50' title='bbox 468 858 624 899; x_wconf 88' lang='lat' dir='ltr'><strong>docilis</strong></span> <span class='ocrx_word' id='word_1_51' title='bbox 642 870 754 911; x_wconf 85' lang='lat' dir='ltr'><strong>quas</strong></span> <span class='ocrx_word' id='word_1_52' title='bbox 774 857 968 898; x_wconf 89' lang='lat' dir='ltr'><strong>noudum</strong></span> <span class='ocrx_word' id='word_1_53' title='bbox 989 860 1172 899; x_wconf 80' lang='lat' dir='ltr'><strong>noverat</strong></span> <span class='ocrx_word' id='word_1_54' title='bbox 1190 857 1347 907; x_wconf 87' lang='lat' dir='ltr'><strong>undas,</strong></span> 
     </span>
    </p>
   </div>
   <div class='ocr_carea' id='block_1_7' title="bbox 1506 855 1562 896">
    <p class='ocr_par' dir='ltr' id='par_1_8' title="bbox 1506 855 1562 896">
     <span class='ocr_line' id='line_1_10' title="bbox 1506 855 1562 896; baseline -0.018 0"><span class='ocrx_word' id='word_1_55' title='bbox 1506 855 1562 896; x_wconf 89' lang='grc'><strong>70</strong></span> 
     </span>
    </p>
   </div>
   <div class='ocr_carea' id='block_1_8' title="bbox 118 924 1335 1044">
    <p class='ocr_par' dir='ltr' id='par_1_9' title="bbox 118 924 1335 1044">
     <span class='ocr_line' id='line_1_11' title="bbox 118 924 1209 979; baseline 0 -14"><span class='ocrx_word' id='word_1_56' title='bbox 118 924 316 979; x_wconf 87' lang='lat' dir='ltr'><strong>Tethyos</strong></span> <span class='ocrx_word' id='word_1_57' title='bbox 337 925 381 965; x_wconf 90' lang='lat' dir='ltr'><strong>in</strong></span> <span class='ocrx_word' id='word_1_58' title='bbox 400 926 609 976; x_wconf 86' lang='lat' dir='ltr'><strong>gremium</strong></span> <span class='ocrx_word' id='word_1_59' title='bbox 630 926 789 977; x_wconf 83' lang='lat' dir='ltr'>migrat</span> <span class='ocrx_word' id='word_1_60' title='bbox 809 928 1026 978; x_wconf 81' lang='lat' dir='ltr'><strong>praerepta</strong></span> <span class='ocrx_word' id='word_1_61' title='bbox 1048 925 1209 965; x_wconf 85' lang='lat' dir='ltr'><strong>Dianae</strong></span> 
     </span>
     <span class='ocr_line' id='line_1_12' title="bbox 118 990 1335 1044; baseline -0.001 -12"><span class='ocrx_word' id='word_1_62' title='bbox 118 991 276 1041; x_wconf 91' lang='lat' dir='ltr'><strong>Pinus,</strong></span> <span class='ocrx_word' id='word_1_63' title='bbox 297 996 342 1032; x_wconf 86' lang='lat' dir='ltr'><strong>et</strong></span> <span class='ocrx_word' id='word_1_64' title='bbox 363 1005 386 1032; x_wconf 91' lang='lat' dir='ltr'><strong>e</strong></span> <span class='ocrx_word' id='word_1_65' title='bbox 406 993 538 1032; x_wconf 85' lang='lat' dir='ltr'><strong>ramis</strong></span> <span class='ocrx_word' id='word_1_66' title='bbox 559 1005 701 1032; x_wconf 87' lang='lat' dir='ltr'><strong>remos</strong></span> <span class='ocrx_word' id='word_1_67' title='bbox 721 992 879 1032; x_wconf 83' lang='lat' dir='ltr'><strong>habet:</strong></span> <span class='ocrx_word' id='word_1_68' title='bbox 910 992 1041 1044; x_wconf 91' lang='lat' dir='ltr'><strong>inque</strong></span> <span class='ocrx_word' id='word_1_69' title='bbox 1060 990 1335 1044; x_wconf 79' lang='lat' dir='ltr'><strong>profundum,</strong></span> 
     </span>
    </p>
   </div>
   <div class='ocr_carea' id='block_1_9' title="bbox 725 1119 841 1131">
    <p class='ocr_par' dir='ltr' id='par_1_10' title="bbox 725 1119 841 1131">
     <span class='ocr_line' id='line_1_13' title="bbox 725 1119 841 1131; baseline 0 0"><span class='ocrx_word' id='word_1_70' title='bbox 725 1119 841 1131; x_wconf 62' lang='lat' dir='ltr'><strong>eeeeee</strong></span> 
     </span>
    </p>
   </div>
   <div class='ocr_carea' id='block_1_10' title="bbox 162 1185 560 1225">
    <p class='ocr_par' dir='ltr' id='par_1_11' title="bbox 162 1185 560 1225">
     <span class='ocr_line' id='line_1_14' title="bbox 162 1185 560 1225; baseline -0.005 -8"><span class='ocrx_word' id='word_1_71' title='bbox 162 1189 203 1217; x_wconf 79' lang='grc'><strong>68</strong></span> <span class='ocrx_word' id='word_1_72' title='bbox 227 1186 354 1217; x_wconf 77' lang='lat' dir='ltr'><strong><em>Manita</em></strong></span> <span class='ocrx_word' id='word_1_73' title='bbox 371 1185 438 1216; x_wconf 85' lang='lat' dir='ltr'><strong>Ms.</strong></span> <span class='ocrx_word' id='word_1_74' title='bbox 455 1194 560 1225; x_wconf 85' lang='lat' dir='ltr'><strong>marg.</strong></span> 
     </span>
    </p>
   </div>
   <div class='ocr_carea' id='block_1_11' title="bbox 846 1119 963 1131">
    <p class='ocr_par' dir='ltr' id='par_1_12' title="bbox 846 1119 963 1131">
     <span class='ocr_line' id='line_1_15' title="bbox 846 1119 963 1131; baseline 0 0"><span class='ocrx_word' id='word_1_75' title='bbox 846 1119 963 1131; x_wconf 55' lang='lat' dir='ltr'><strong>eeeeee</strong></span> 
     </span>
    </p>
   </div>
   <div class='ocr_carea' id='block_1_12' title="bbox 779 1278 923 1311">
    <p class='ocr_par' dir='ltr' id='par_1_13' title="bbox 779 1278 923 1311">
     <span class='ocr_line' id='line_1_16' title="bbox 779 1278 923 1311; baseline -0.021 0"><span class='ocrx_word' id='word_1_76' title='bbox 779 1278 923 1311; x_wconf 82' lang='lat' dir='ltr'>NOTAE</span> 
     </span>
    </p>
   </div>
   <div class='ocr_carea' id='block_1_13' title="bbox 116 1343 824 2935">
    <p class='ocr_par' dir='ltr' id='par_1_14' title="bbox 118 1343 821 2036">
     <span class='ocr_line' id='line_1_17' title="bbox 162 1343 817 1387; baseline -0.006 -10"><span class='ocrx_word' id='word_1_77' title='bbox 162 1349 203 1378; x_wconf 67' lang='lat'><strong>64</strong></span> <span class='ocrx_word' id='word_1_78' title='bbox 229 1347 405 1387; x_wconf 76' lang='lat' dir='ltr'><strong>Phryxeum</strong></span> <span class='ocrx_word' id='word_1_79' title='bbox 423 1349 572 1386; x_wconf 81' lang='lat' dir='ltr'><strong>rapturus</strong></span> <span class='ocrx_word' id='word_1_80' title='bbox 587 1344 687 1384; x_wconf 87' lang='lat' dir='ltr'><strong>ovem]</strong></span> <span class='ocrx_word' id='word_1_81' title='bbox 712 1343 720 1359; x_wconf 88' lang='lat'>‘</span> <span class='ocrx_word' id='word_1_82' title='bbox 736 1343 817 1374; x_wconf 88' lang='lat' dir='ltr'><strong>Fur-</strong></span> 
     </span>
     <span class='ocr_line' id='line_1_18' title="bbox 120 1393 817 1437; baseline -0.009 -9"><span class='ocrx_word' id='word_1_83' title='bbox 120 1397 199 1428; x_wconf 80' lang='lat' dir='ltr'><strong>tivae</strong></span> <span class='ocrx_word' id='word_1_84' title='bbox 217 1397 382 1437; x_wconf 85' lang='lat' dir='ltr'><strong>pelliculae</strong></span> <span class='ocrx_word' id='word_1_85' title='bbox 396 1405 513 1427; x_wconf 87' lang='lat' dir='ltr'><strong>aurum</strong></span> <span class='ocrx_word' id='word_1_86' title='bbox 527 1395 535 1407; x_wconf 90' lang='lat'>’</span> <span class='ocrx_word' id='word_1_87' title='bbox 551 1393 817 1426; x_wconf 80' lang='lat' dir='ltr'><strong>nominatJuve-</strong></span> 
     </span>
     <span class='ocr_line' id='line_1_19' title="bbox 121 1443 816 1486; baseline -0.009 -8"><span class='ocrx_word' id='word_1_88' title='bbox 121 1447 188 1478; x_wconf 88' lang='lat' dir='ltr'><strong>nal.</strong></span> <span class='ocrx_word' id='word_1_89' title='bbox 205 1455 230 1477; x_wconf 90' lang='lat'><strong>1.</strong></span> <span class='ocrx_word' id='word_1_90' title='bbox 256 1446 428 1486; x_wconf 80' lang='lat' dir='ltr'><strong>Orpheus,</strong></span> <span class='ocrx_word' id='word_1_91' title='bbox 450 1444 587 1484; x_wconf 83' lang='grc' dir='ltr'>χρύσεον</span> <span class='ocrx_word' id='word_1_92' title='bbox 610 1444 702 1473; x_wconf 77' lang='grc' dir='ltr'><strong><em>κῶας.</em></strong></span> <span class='ocrx_word' id='word_1_93' title='bbox 748 1443 816 1472; x_wconf 86' lang='lat' dir='ltr'><strong>Va·</strong></span> 
     </span>
     <span class='ocr_line' id='line_1_20' title="bbox 120 1492 817 1535; baseline -0.006 -9"><span class='ocrx_word' id='word_1_94' title='bbox 120 1497 188 1526; x_wconf 87' lang='lat' dir='ltr'><strong>rias</strong></span> <span class='ocrx_word' id='word_1_95' title='bbox 204 1496 246 1526; x_wconf 94' lang='lat' dir='ltr'><strong>de</strong></span> <span class='ocrx_word' id='word_1_96' title='bbox 264 1496 328 1526; x_wconf 90' lang='lat' dir='ltr'><strong>isto</strong></span> <span class='ocrx_word' id='word_1_97' title='bbox 344 1496 464 1535; x_wconf 85' lang='lat' dir='ltr'><strong>ariete,</strong></span> <span class='ocrx_word' id='word_1_98' title='bbox 480 1495 561 1533; x_wconf 81' lang='lat' dir='ltr'><strong>sive,</strong></span> <span class='ocrx_word' id='word_1_99' title='bbox 577 1499 613 1523; x_wconf 89' lang='lat' dir='ltr'><strong>ut</strong></span> <span class='ocrx_word' id='word_1_100' title='bbox 631 1493 699 1532; x_wconf 90' lang='lat' dir='ltr'><strong>alii,</strong></span> <span class='ocrx_word' id='word_1_101' title='bbox 712 1492 817 1523; x_wconf 87' lang='lat' dir='ltr'><strong>homi-</strong></span> 
     </span>
     <span class='ocr_line' id='line_1_21' title="bbox 119 1541 816 1585; baseline -0.006 -9"><span class='ocrx_word' id='word_1_102' title='bbox 119 1555 176 1584; x_wconf 88' lang='lat' dir='ltr'><strong>ne,</strong></span> <span class='ocrx_word' id='word_1_103' title='bbox 191 1544 324 1576; x_wconf 85' lang='lat' dir='ltr'><strong>fabulas</strong></span> <span class='ocrx_word' id='word_1_104' title='bbox 339 1545 471 1585; x_wconf 80' lang='lat' dir='ltr'><strong>prolixe</strong></span> <span class='ocrx_word' id='word_1_105' title='bbox 483 1548 621 1574; x_wconf 82' lang='lat' dir='ltr'><strong>enarrat</strong></span> <span class='ocrx_word' id='word_1_106' title='bbox 634 1541 816 1574; x_wconf 83' lang='lat' dir='ltr'><strong>Had.Juu.</strong></span> 
     </span>
     <span class='ocr_line' id='line_1_22' title="bbox 119 1591 820 1634; baseline -0.006 -8"><span class='ocrx_word' id='word_1_107' title='bbox 119 1594 359 1626; x_wconf 75' lang='lat' dir='ltr'><strong>Animadvers‚</strong></span> <span class='ocrx_word' id='word_1_108' title='bbox 373 1603 406 1625; x_wconf 85' lang='lat' dir='ltr'><strong>v.</strong></span> <span class='ocrx_word' id='word_1_109' title='bbox 420 1596 470 1625; x_wconf 87' lang='grc'><strong>12.</strong></span> <span class='ocrx_word' id='word_1_110' title='bbox 493 1593 693 1634; x_wconf 86' lang='lat' dir='ltr'><strong>Apollonius</strong></span> <span class='ocrx_word' id='word_1_111' title='bbox 706 1591 820 1623; x_wconf 87' lang='lat' dir='ltr'><strong>fontes</strong></span> 
     </span>
     <span class='ocr_line' id='line_1_23' title="bbox 119 1642 820 1686; baseline -0.003 -12"><span class='ocrx_word' id='word_1_112' title='bbox 119 1649 266 1686; x_wconf 81' lang='lat' dir='ltr'><strong>quatuor</strong></span> <span class='ocrx_word' id='word_1_113' title='bbox 281 1643 451 1685; x_wconf 87' lang='lat' dir='ltr'><strong>adjungit,</strong></span> <span class='ocrx_word' id='word_1_114' title='bbox 474 1643 576 1674; x_wconf 81' lang='grc' dir='ltr'>ἀέναοι</span> <span class='ocrx_word' id='word_1_115' title='bbox 600 1644 705 1684; x_wconf 85' lang='grc' dir='ltr'>κρῆναι</span> <span class='ocrx_word' id='word_1_116' title='bbox 730 1642 820 1673; x_wconf 75' lang='grc' dir='ltr'><strong><em>πίσυ·</em></strong></span> 
     </span>
     <span class='ocr_line' id='line_1_24' title="bbox 118 1693 821 1735; baseline -0.004 -9"><span class='ocrx_word' id='word_1_117' title='bbox 118 1705 169 1735; x_wconf 75' lang='lat' dir='ltr'><strong>pes</strong></span> <span class='ocrx_word' id='word_1_118' title='bbox 193 1693 272 1734; x_wconf 87' lang='grc' dir='ltr'>ῥέον.</span> <span class='ocrx_word' id='word_1_119' title='bbox 317 1694 405 1725; x_wconf 87' lang='lat' dir='ltr'><strong>Vide</strong></span> <span class='ocrx_word' id='word_1_120' title='bbox 430 1693 533 1724; x_wconf 86' lang='lat' dir='ltr'><strong>Diod.</strong></span> <span class='ocrx_word' id='word_1_121' title='bbox 550 1694 656 1724; x_wconf 93' lang='lat' dir='ltr'><strong>Sicul.</strong></span> <span class='ocrx_word' id='word_1_122' title='bbox 672 1702 706 1724; x_wconf 84' lang='lat' dir='ltr'><strong>v.</strong></span> <span class='ocrx_word' id='word_1_123' title='bbox 730 1693 821 1723; x_wconf 91' lang='lat' dir='ltr'><strong>Pau-</strong></span> 
     </span>
     <span class='ocr_line' id='line_1_25' title="bbox 118 1743 820 1784; baseline -0.004 -8"><span class='ocrx_word' id='word_1_124' title='bbox 118 1745 244 1776; x_wconf 82' lang='lat' dir='ltr'><strong>saniam</strong></span> <span class='ocrx_word' id='word_1_125' title='bbox 275 1745 307 1775; x_wconf 91' lang='lat' dir='ltr'><strong>in</strong></span> <span class='ocrx_word' id='word_1_126' title='bbox 338 1744 512 1783; x_wconf 70' lang='lat' dir='ltr'><strong>Boeosscis,</strong></span> <span class='ocrx_word' id='word_1_127' title='bbox 544 1743 720 1784; x_wconf 84' lang='lat' dir='ltr'><strong>Hyginum</strong></span> <span class='ocrx_word' id='word_1_128' title='bbox 744 1745 820 1774; x_wconf 81' lang='lat'>181.</span> 
     </span>
     <span class='ocr_line' id='line_1_26' title="bbox 121 1794 820 1837; baseline -0.006 -9"><span class='ocrx_word' id='word_1_129' title='bbox 121 1796 381 1837; x_wconf 87' lang='lat' dir='ltr'><strong>Lycophrouem</strong></span> <span class='ocrx_word' id='word_1_130' title='bbox 397 1794 597 1826; x_wconf 85' lang='lat' dir='ltr'><strong>Cassandra.</strong></span> <span class='ocrx_word' id='word_1_131' title='bbox 620 1794 707 1825; x_wconf 89' lang='lat' dir='ltr'><strong>Vide</strong></span> <span class='ocrx_word' id='word_1_132' title='bbox 718 1794 820 1824; x_wconf 89' lang='lat' dir='ltr'><strong>etiam</strong></span> 
     </span>
     <span class='ocr_line' id='line_1_27' title="bbox 119 1842 819 1884; baseline -0.003 -8"><span class='ocrx_word' id='word_1_133' title='bbox 119 1845 341 1877; x_wconf 83' lang='lat' dir='ltr'><strong>Plutarchum</strong></span> <span class='ocrx_word' id='word_1_134' title='bbox 377 1845 492 1877; x_wconf 91' lang='lat' dir='ltr'><strong>libello</strong></span> <span class='ocrx_word' id='word_1_135' title='bbox 532 1844 575 1875; x_wconf 91' lang='lat' dir='ltr'><strong>de</strong></span> <span class='ocrx_word' id='word_1_136' title='bbox 612 1842 819 1884; x_wconf 87' lang='lat' dir='ltr'><strong>fluminibus,</strong></span> 
     </span>
     <span class='ocr_line' id='line_1_28' title="bbox 118 1895 819 1937; baseline -0.003 -10"><span class='ocrx_word' id='word_1_137' title='bbox 118 1905 217 1937; x_wconf 88' lang='lat' dir='ltr'><strong>quem</strong></span> <span class='ocrx_word' id='word_1_138' title='bbox 242 1905 351 1936; x_wconf 84' lang='lat' dir='ltr'><strong>nuper</strong></span> <span class='ocrx_word' id='word_1_139' title='bbox 376 1895 470 1927; x_wconf 88' lang='lat' dir='ltr'><strong>nobis</strong></span> <span class='ocrx_word' id='word_1_140' title='bbox 493 1895 588 1926; x_wconf 85' lang='lat' dir='ltr'><strong>dedit</strong></span> <span class='ocrx_word' id='word_1_141' title='bbox 610 1895 819 1935; x_wconf 89' lang='lat' dir='ltr'><strong>Mauslacus,</strong></span> 
     </span>
     <span class='ocr_line' id='line_1_29' title="bbox 119 1945 819 1987; baseline 0 -11"><span class='ocrx_word' id='word_1_142' title='bbox 119 1946 219 1977; x_wconf 87' lang='lat' dir='ltr'><strong>titulo</strong></span> <span class='ocrx_word' id='word_1_143' title='bbox 232 1946 355 1977; x_wconf 80' lang='lat' dir='ltr'><strong>Tanais</strong></span> <span class='ocrx_word' id='word_1_144' title='bbox 380 1948 434 1977; x_wconf 85' lang='grc'><strong>48.</strong></span> <span class='ocrx_word' id='word_1_145' title='bbox 459 1950 495 1977; x_wconf 89' lang='lat' dir='ltr'><strong>et</strong></span> <span class='ocrx_word' id='word_1_146' title='bbox 511 1945 746 1987; x_wconf 86' lang='lat' dir='ltr'><strong>Aristophanis</strong></span> <span class='ocrx_word' id='word_1_147' title='bbox 762 1945 819 1976; x_wconf 93' lang='lat' dir='ltr'><strong>In-</strong></span> 
     </span>
     <span class='ocr_line' id='line_1_30' title="bbox 119 1995 510 2036; baseline -0.003 -9"><span class='ocrx_word' id='word_1_148' title='bbox 119 1999 306 2036; x_wconf 83' lang='lat' dir='ltr'><strong>terpretem</strong></span> <span class='ocrx_word' id='word_1_149' title='bbox 320 1996 361 2027; x_wconf 89' lang='lat' dir='ltr'><strong>ad</strong></span> <span class='ocrx_word' id='word_1_150' title='bbox 379 1995 510 2027; x_wconf 90' lang='lat' dir='ltr'><strong>Nubes.</strong></span> 
     </span>
    </p>

    <p class='ocr_par' dir='ltr' id='par_1_15' title="bbox 116 2044 824 2534">
     <span class='ocr_line' id='line_1_31' title="bbox 164 2044 821 2087; baseline -0.002 -11"><span class='ocrx_word' id='word_1_151' title='bbox 164 2045 226 2076; x_wconf 80' lang='lat' dir='ltr'><strong>Cui</strong></span> <span class='ocrx_word' id='word_1_152' title='bbox 237 2045 338 2077; x_wconf 77' lang='lat' dir='ltr'><strong>laudis</strong></span> <span class='ocrx_word' id='word_1_153' title='bbox 346 2046 502 2087; x_wconf 82' lang='lat' dir='ltr'><strong>alumnus]</strong></span> <span class='ocrx_word' id='word_1_154' title='bbox 518 2044 571 2076; x_wconf 86' lang='lat' dir='ltr'><strong>Ita</strong></span> <span class='ocrx_word' id='word_1_155' title='bbox 584 2044 691 2076; x_wconf 82' lang='lat' dir='ltr'><strong>infra:</strong></span> <span class='ocrx_word' id='word_1_156' title='bbox 718 2045 821 2076; x_wconf 89' lang='lat' dir='ltr'><strong>‘mul-</strong></span> 
     </span>
     <span class='ocr_line' id='line_1_32' title="bbox 119 2094 820 2135; baseline -0.003 -8"><span class='ocrx_word' id='word_1_157' title='bbox 119 2100 218 2127; x_wconf 89' lang='lat' dir='ltr'><strong>cetur</strong></span> <span class='ocrx_word' id='word_1_158' title='bbox 234 2097 385 2127; x_wconf 85' lang='lat' dir='ltr'><strong>alumnus</strong></span> <span class='ocrx_word' id='word_1_159' title='bbox 395 2094 584 2135; x_wconf 89' lang='lat' dir='ltr'><strong>Fatorum‚’</strong></span> <span class='ocrx_word' id='word_1_160' title='bbox 600 2094 669 2126; x_wconf 75' lang='grc' dir='ltr'>ἀντὶ</span> <span class='ocrx_word' id='word_1_161' title='bbox 683 2095 740 2126; x_wconf 81' lang='grc' dir='ltr'><strong>τοῦ</strong></span> <span class='ocrx_word' id='word_1_162' title='bbox 750 2106 820 2135; x_wconf 81' lang='grc' dir='ltr'>τρο-</span> 
     </span>
     <span class='ocr_line' id='line_1_33' title="bbox 120 2144 822 2185; baseline 0 -10"><span class='ocrx_word' id='word_1_163' title='bbox 120 2145 226 2185; x_wconf 80' lang='grc' dir='ltr'>φίμου,</span> <span class='ocrx_word' id='word_1_164' title='bbox 259 2151 297 2177; x_wconf 90' lang='lat' dir='ltr'><strong>ut</strong></span> <span class='ocrx_word' id='word_1_165' title='bbox 331 2144 604 2176; x_wconf 85' lang='lat' dir='ltr'><strong>ambitiosissime</strong></span> <span class='ocrx_word' id='word_1_166' title='bbox 642 2145 822 2176; x_wconf 88' lang='lat' dir='ltr'><strong>contendit</strong></span> 
     </span>
     <span class='ocr_line' id='line_1_34' title="bbox 121 2195 821 2235; baseline 0.003 -10"><span class='ocrx_word' id='word_1_167' title='bbox 121 2195 272 2226; x_wconf 87' lang='lat' dir='ltr'><strong>Castalio</strong></span> <span class='ocrx_word' id='word_1_168' title='bbox 294 2195 472 2226; x_wconf 88' lang='lat' dir='ltr'><strong>Variorum</strong></span> <span class='ocrx_word' id='word_1_169' title='bbox 495 2204 572 2235; x_wconf 88' lang='lat' dir='ltr'><strong>cap.</strong></span> <span class='ocrx_word' id='word_1_170' title='bbox 595 2195 738 2226; x_wconf 77' lang='lat' dir='ltr'><strong>ultimo:</strong></span> <span class='ocrx_word' id='word_1_171' title='bbox 762 2196 821 2227; x_wconf 88' lang='lat' dir='ltr'><strong>ali·</strong></span> 
     </span>
     <span class='ocr_line' id='line_1_35' title="bbox 122 2244 822 2277; baseline 0 -1"><span class='ocrx_word' id='word_1_172' title='bbox 122 2248 175 2276; x_wconf 84' lang='lat' dir='ltr'><strong>ter</strong></span> <span class='ocrx_word' id='word_1_173' title='bbox 187 2248 304 2276; x_wconf 90' lang='lat' dir='ltr'><strong>censet</strong></span> <span class='ocrx_word' id='word_1_174' title='bbox 317 2244 556 2275; x_wconf 82' lang='lat' dir='ltr'><strong>Taubmaunus</strong></span> <span class='ocrx_word' id='word_1_175' title='bbox 576 2245 663 2275; x_wconf 88' lang='lat' dir='ltr'><strong>notis</strong></span> <span class='ocrx_word' id='word_1_176' title='bbox 679 2245 712 2276; x_wconf 91' lang='lat' dir='ltr'><strong>in</strong></span> <span class='ocrx_word' id='word_1_177' title='bbox 730 2245 822 2277; x_wconf 91' lang='lat' dir='ltr'><strong>Culi-</strong></span> 
     </span>
     <span class='ocr_line' id='line_1_36' title="bbox 120 2293 823 2335; baseline 0 -9"><span class='ocrx_word' id='word_1_178' title='bbox 120 2304 208 2335; x_wconf 88' lang='lat' dir='ltr'><strong>cem,</strong></span> <span class='ocrx_word' id='word_1_179' title='bbox 223 2295 298 2326; x_wconf 83' lang='lat'><strong>283.</strong></span> <span class='ocrx_word' id='word_1_180' title='bbox 314 2293 374 2324; x_wconf 90' lang='lat' dir='ltr'><strong>sed</strong></span> <span class='ocrx_word' id='word_1_181' title='bbox 390 2303 454 2324; x_wconf 93' lang='lat' dir='ltr'><strong>nou</strong></span> <span class='ocrx_word' id='word_1_182' title='bbox 471 2293 566 2325; x_wconf 91' lang='lat' dir='ltr'><strong>lectis</strong></span> <span class='ocrx_word' id='word_1_183' title='bbox 580 2294 667 2332; x_wconf 87' lang='lat' dir='ltr'><strong>istis,</strong></span> <span class='ocrx_word' id='word_1_184' title='bbox 684 2294 823 2335; x_wconf 87' lang='lat' dir='ltr'><strong>Cruquii</strong></span> 
     </span>
     <span class='ocr_line' id='line_1_37' title="bbox 120 2343 822 2384; baseline 0.001 -10"><span class='ocrx_word' id='word_1_185' title='bbox 120 2344 270 2384; x_wconf 90' lang='lat' dir='ltr'><strong>opinioni</strong></span> <span class='ocrx_word' id='word_1_186' title='bbox 285 2343 499 2375; x_wconf 84' lang='lat' dir='ltr'><strong>adhaerescit.</strong></span> <span class='ocrx_word' id='word_1_187' title='bbox 542 2343 710 2375; x_wconf 84' lang='lat' dir='ltr'><strong>Hercules</strong></span> <span class='ocrx_word' id='word_1_188' title='bbox 728 2354 822 2384; x_wconf 81' lang='lat' dir='ltr'><strong>vero,</strong></span> 
     </span>
     <span class='ocr_line' id='line_1_38' title="bbox 116 2392 824 2435; baseline 0.001 -10"><span class='ocrx_word' id='word_1_189' title='bbox 116 2395 218 2435; x_wconf 85' lang='lat' dir='ltr'><strong>juxta</strong></span> <span class='ocrx_word' id='word_1_190' title='bbox 232 2393 480 2434; x_wconf 76' lang='lat' dir='ltr'><strong>Pherecydem,</strong></span> <span class='ocrx_word' id='word_1_191' title='bbox 503 2392 537 2424; x_wconf 92' lang='lat' dir='ltr'><strong>in</strong></span> <span class='ocrx_word' id='word_1_192' title='bbox 555 2392 698 2434; x_wconf 85' lang='lat' dir='ltr'><strong>Aphetis</strong></span> <span class='ocrx_word' id='word_1_193' title='bbox 724 2394 824 2426; x_wconf 90' lang='lat' dir='ltr'><strong>dere-</strong></span> 
     </span>
     <span class='ocr_line' id='line_1_39' title="bbox 119 2442 820 2485; baseline 0 -10"><span class='ocrx_word' id='word_1_194' title='bbox 119 2444 222 2476; x_wconf 88' lang='lat' dir='ltr'><strong>lictus</strong></span> <span class='ocrx_word' id='word_1_195' title='bbox 258 2449 321 2484; x_wconf 81' lang='lat' dir='ltr'><strong>est,</strong></span> <span class='ocrx_word' id='word_1_196' title='bbox 351 2443 442 2485; x_wconf 88' lang='lat' dir='ltr'><strong>quod</strong></span> <span class='ocrx_word' id='word_1_197' title='bbox 471 2442 566 2484; x_wconf 88' lang='lat' dir='ltr'><strong>Argo</strong></span> <span class='ocrx_word' id='word_1_198' title='bbox 598 2443 688 2474; x_wconf 91' lang='lat' dir='ltr'><strong>illius</strong></span> <span class='ocrx_word' id='word_1_199' title='bbox 722 2442 820 2484; x_wconf 82' lang='grc' dir='ltr'>βάρος</span> 
     </span>
     <span class='ocr_line' id='line_1_40' title="bbox 119 2492 754 2534; baseline -0.003 -8"><span class='ocrx_word' id='word_1_200' title='bbox 119 2494 210 2526; x_wconf 81' lang='lat' dir='ltr'><strong>ferre</strong></span> <span class='ocrx_word' id='word_1_201' title='bbox 225 2503 290 2525; x_wconf 90' lang='lat' dir='ltr'><strong>non</strong></span> <span class='ocrx_word' id='word_1_202' title='bbox 308 2497 437 2534; x_wconf 84' lang='lat' dir='ltr'><strong>posset.</strong></span> <span class='ocrx_word' id='word_1_203' title='bbox 483 2492 644 2534; x_wconf 87' lang='lat' dir='ltr'><strong>Apollod.</strong></span> <span class='ocrx_word' id='word_1_204' title='bbox 659 2502 684 2524; x_wconf 88' lang='lat'><strong>1.</strong></span> <span class='ocrx_word' id='word_1_205' title='bbox 700 2496 754 2525; x_wconf 85' lang='grc'><strong>45.</strong></span> 
     </span>
    </p>

    <p class='ocr_par' dir='ltr' id='par_1_16' title="bbox 119 2542 820 2675">
     <span class='ocr_line' id='line_1_41' title="bbox 163 2542 820 2584; baseline -0.002 -9"><span class='ocrx_word' id='word_1_206' title='bbox 163 2546 206 2575; x_wconf 86' lang='grc'><strong>68</strong></span> <span class='ocrx_word' id='word_1_207' title='bbox 226 2542 413 2581; x_wconf 78' lang='lat' dir='ltr'><strong>Parsfamoe</strong></span> <span class='ocrx_word' id='word_1_208' title='bbox 421 2552 520 2584; x_wconf 82' lang='lat' dir='ltr'><strong>prona</strong></span> <span class='ocrx_word' id='word_1_209' title='bbox 525 2542 682 2582; x_wconf 68' lang='lat' dir='ltr'><strong>petendae]</strong></span> <span class='ocrx_word' id='word_1_210' title='bbox 700 2542 820 2574; x_wconf 84' lang='lat' dir='ltr'><strong>Claud.</strong></span> 
     </span>
     <span class='ocr_line' id='line_1_42' title="bbox 119 2591 819 2634; baseline -0.001 -10"><span class='ocrx_word' id='word_1_211' title='bbox 119 2595 153 2625; x_wconf 83' lang='lat'><strong>2.</strong></span> <span class='ocrx_word' id='word_1_212' title='bbox 169 2592 213 2624; x_wconf 87' lang='lat' dir='ltr'><strong>de</strong></span> <span class='ocrx_word' id='word_1_213' title='bbox 237 2592 312 2624; x_wconf 89' lang='lat' dir='ltr'><strong>Stil.</strong></span> <span class='ocrx_word' id='word_1_214' title='bbox 338 2591 429 2625; x_wconf 84' lang='lat' dir='ltr'><strong>laud.</strong></span> <span class='ocrx_word' id='word_1_215' title='bbox 453 2591 462 2609; x_wconf 93' lang='lat'>‘</span> <span class='ocrx_word' id='word_1_216' title='bbox 475 2601 570 2624; x_wconf 87' lang='lat' dir='ltr'><strong>meus</strong></span> <span class='ocrx_word' id='word_1_217' title='bbox 586 2592 727 2623; x_wconf 89' lang='lat' dir='ltr'><strong>aliorum</strong></span> <span class='ocrx_word' id='word_1_218' title='bbox 743 2602 819 2634; x_wconf 87' lang='lat' dir='ltr'><strong>pro-</strong></span> 
     </span>
     <span class='ocr_line' id='line_1_43' title="bbox 120 2642 310 2675; baseline 0.005 -1"><span class='ocrx_word' id='word_1_219' title='bbox 120 2652 165 2675; x_wconf 89' lang='lat' dir='ltr'><strong>na</strong></span> <span class='ocrx_word' id='word_1_220' title='bbox 179 2642 310 2675; x_wconf 60' lang='lat' dir='ltr'><strong>favori!</strong></span> 
     </span>
    </p>

    <p class='ocr_par' dir='ltr' id='par_1_17' title="bbox 120 2692 824 2935">
     <span class='ocr_line' id='line_1_44' title="bbox 163 2692 821 2733; baseline -0.002 -7"><span class='ocrx_word' id='word_1_221' title='bbox 163 2696 205 2726; x_wconf 77' lang='lat'><strong>72</strong></span> <span class='ocrx_word' id='word_1_222' title='bbox 227 2694 260 2724; x_wconf 86' lang='lat' dir='ltr'><em>E</em></span> <span class='ocrx_word' id='word_1_223' title='bbox 270 2693 366 2724; x_wconf 79' lang='lat' dir='ltr'><strong>ramis</strong></span> <span class='ocrx_word' id='word_1_224' title='bbox 378 2703 476 2725; x_wconf 80' lang='lat' dir='ltr'><strong>remos</strong></span> <span class='ocrx_word' id='word_1_225' title='bbox 493 2692 600 2733; x_wconf 80' lang='lat' dir='ltr'><strong>habet]</strong></span> <span class='ocrx_word' id='word_1_226' title='bbox 617 2692 706 2725; x_wconf 89' lang='lat' dir='ltr'><strong>Hinc</strong></span> <span class='ocrx_word' id='word_1_227' title='bbox 719 2703 821 2725; x_wconf 85' lang='lat' dir='ltr'><strong>naves</strong></span> 
     </span>
     <span class='ocr_line' id='line_1_45' title="bbox 120 2743 823 2785; baseline 0.001 -10"><span class='ocrx_word' id='word_1_228' title='bbox 120 2743 321 2784; x_wconf 76' lang='grc' dir='ltr'>ιὀυλοπέζους</span> <span class='ocrx_word' id='word_1_229' title='bbox 334 2743 535 2784; x_wconf 86' lang='lat' dir='ltr'><strong>Lycophrou</strong></span> <span class='ocrx_word' id='word_1_230' title='bbox 549 2743 720 2774; x_wconf 85' lang='lat' dir='ltr'><strong>nominat:</strong></span> <span class='ocrx_word' id='word_1_231' title='bbox 744 2744 823 2785; x_wconf 88' lang='lat' dir='ltr'><strong>quia</strong></span> 
     </span>
     <span class='ocr_line' id='line_1_46' title="bbox 122 2793 822 2834; baseline -0.003 -8"><span class='ocrx_word' id='word_1_232' title='bbox 122 2795 228 2826; x_wconf 65' lang='grc' dir='ltr'>ἴουλον</span> <span class='ocrx_word' id='word_1_233' title='bbox 242 2794 365 2825; x_wconf 86' lang='lat' dir='ltr'><strong>animal</strong></span> <span class='ocrx_word' id='word_1_234' title='bbox 378 2793 460 2825; x_wconf 89' lang='lat' dir='ltr'><strong>illud</strong></span> <span class='ocrx_word' id='word_1_235' title='bbox 478 2793 637 2834; x_wconf 86' lang='lat' dir='ltr'><strong>multipes</strong></span> <span class='ocrx_word' id='word_1_236' title='bbox 655 2802 822 2824; x_wconf 83' lang='lat' dir='ltr'><strong>remorum</strong></span> 
     </span>
     <span class='ocr_line' id='line_1_47' title="bbox 122 2842 823 2883; baseline -0.003 -7"><span class='ocrx_word' id='word_1_237' title='bbox 122 2843 344 2876; x_wconf 85' lang='lat' dir='ltr'><strong>similitudine</strong></span> <span class='ocrx_word' id='word_1_238' title='bbox 359 2843 527 2875; x_wconf 86' lang='lat' dir='ltr'><strong>exscribit</strong></span> <span class='ocrx_word' id='word_1_239' title='bbox 541 2843 649 2874; x_wconf 84' lang='lat' dir='ltr'><strong>navis.</strong></span> <span class='ocrx_word' id='word_1_240' title='bbox 673 2842 823 2883; x_wconf 82' lang='lat' dir='ltr'><strong>Hesych.</strong></span> 
     </span>
     <span class='ocr_line' id='line_1_48' title="bbox 120 2892 824 2935; baseline -0.003 -8"><span class='ocrx_word' id='word_1_241' title='bbox 120 2895 236 2932; x_wconf 65' lang='grc' dir='ltr'>ἴουλος,</span> <span class='ocrx_word' id='word_1_242' title='bbox 263 2893 344 2935; x_wconf 80' lang='grc' dir='ltr'>ζῶον</span> <span class='ocrx_word' id='word_1_243' title='bbox 364 2892 534 2934; x_wconf 78' lang='grc' dir='ltr'>πολύπουν,</span> <span class='ocrx_word' id='word_1_244' title='bbox 563 2893 638 2934; x_wconf 78' lang='grc' dir='ltr'>ὅπερ</span> <span class='ocrx_word' id='word_1_245' title='bbox 660 2892 746 2931; x_wconf 80' lang='grc' dir='ltr'>ἡαεῒς</span> <span class='ocrx_word' id='word_1_246' title='bbox 770 2893 824 2925; x_wconf 86' lang='grc' dir='ltr'><strong>λέ-</strong></span> 
     </span>
    </p>
   </div>
   <div class='ocr_carea' id='block_1_14' title="bbox 870 1342 1577 2924">
    <p class='ocr_par' dir='ltr' id='par_1_18' title="bbox 870 1342 1577 2924">
     <span class='ocr_line' id='line_1_49' title="bbox 871 1342 1568 1382; baseline 0.003 -9"><span class='ocrx_word' id='word_1_247' title='bbox 871 1354 968 1382; x_wconf 73' lang='grc' dir='ltr'>γομεν</span> <span class='ocrx_word' id='word_1_248' title='bbox 992 1342 1071 1375; x_wconf 79' lang='grc' dir='ltr'>ὄνον.</span> <span class='ocrx_word' id='word_1_249' title='bbox 1128 1342 1245 1374; x_wconf 87' lang='lat' dir='ltr'><strong>Valer.</strong></span> <span class='ocrx_word' id='word_1_250' title='bbox 1275 1344 1418 1374; x_wconf 86' lang='lat' dir='ltr'><strong>Flaccus</strong></span> <span class='ocrx_word' id='word_1_251' title='bbox 1449 1344 1568 1375; x_wconf 78' lang='lat' dir='ltr'><strong>eodem</strong></span> 
     </span>
     <span class='ocr_line' id='line_1_50' title="bbox 872 1393 1571 1434; baseline 0.004 -11"><span class='ocrx_word' id='word_1_252' title='bbox 872 1394 983 1432; x_wconf 89' lang='lat' dir='ltr'><strong>modo,</strong></span> <span class='ocrx_word' id='word_1_253' title='bbox 1011 1394 1059 1425; x_wconf 89' lang='lat' dir='ltr'><strong>ait</strong></span> <span class='ocrx_word' id='word_1_254' title='bbox 1076 1393 1215 1424; x_wconf 86' lang='lat' dir='ltr'><strong>doctiss.</strong></span> <span class='ocrx_word' id='word_1_255' title='bbox 1249 1394 1422 1424; x_wconf 79' lang='lat' dir='ltr'><strong>Meursius</strong></span> <span class='ocrx_word' id='word_1_256' title='bbox 1448 1395 1489 1425; x_wconf 87' lang='lat' dir='ltr'><strong>ad</strong></span> <span class='ocrx_word' id='word_1_257' title='bbox 1507 1395 1571 1434; x_wconf 88' lang='lat' dir='ltr'><strong>Ly·</strong></span> 
     </span>
     <span class='ocr_line' id='line_1_51' title="bbox 872 1442 1570 1483; baseline 0.001 -10"><span class='ocrx_word' id='word_1_258' title='bbox 872 1443 1031 1482; x_wconf 74' lang='lat' dir='ltr'><strong>coplnron.</strong></span> <span class='ocrx_word' id='word_1_259' title='bbox 1074 1444 1083 1459; x_wconf 93' lang='lat'>‘</span> <span class='ocrx_word' id='word_1_260' title='bbox 1098 1442 1261 1482; x_wconf 87' lang='lat' dir='ltr'><strong>Phrygios</strong></span> <span class='ocrx_word' id='word_1_261' title='bbox 1276 1443 1367 1473; x_wconf 83' lang='lat' dir='ltr'><strong>Iulos</strong></span> <span class='ocrx_word' id='word_1_262' title='bbox 1380 1443 1388 1455; x_wconf 90' lang='lat'>&#39;</span> <span class='ocrx_word' id='word_1_263' title='bbox 1410 1443 1511 1483; x_wconf 88' lang='lat' dir='ltr'><strong>dixit,</strong></span> <span class='ocrx_word' id='word_1_264' title='bbox 1526 1444 1570 1474; x_wconf 88' lang='lat' dir='ltr'><strong>de</strong></span> 
     </span>
     <span class='ocr_line' id='line_1_52' title="bbox 871 1491 1574 1533; baseline 0.006 -11"><span class='ocrx_word' id='word_1_265' title='bbox 871 1492 1014 1522; x_wconf 89' lang='lat' dir='ltr'><strong>navibus</strong></span> <span class='ocrx_word' id='word_1_266' title='bbox 1025 1491 1178 1531; x_wconf 90' lang='lat' dir='ltr'><strong>Trojanis</strong></span> <span class='ocrx_word' id='word_1_267' title='bbox 1192 1493 1339 1533; x_wconf 86' lang='lat' dir='ltr'><strong>loquens.</strong></span> <span class='ocrx_word' id='word_1_268' title='bbox 1357 1493 1459 1524; x_wconf 91' lang='lat' dir='ltr'><strong>Error</strong></span> <span class='ocrx_word' id='word_1_269' title='bbox 1469 1494 1574 1526; x_wconf 87' lang='lat' dir='ltr'><strong>maxi-</strong></span> 
     </span>
     <span class='ocr_line' id='line_1_53' title="bbox 871 1541 1574 1583; baseline 0.003 -11"><span class='ocrx_word' id='word_1_270' title='bbox 871 1550 954 1572; x_wconf 77' lang='lat' dir='ltr'><strong>mus,</strong></span> <span class='ocrx_word' id='word_1_271' title='bbox 998 1541 1140 1572; x_wconf 82' lang='lat' dir='ltr'><strong>Flaccus</strong></span> <span class='ocrx_word' id='word_1_272' title='bbox 1162 1542 1249 1572; x_wconf 89' lang='lat' dir='ltr'><strong>enim</strong></span> <span class='ocrx_word' id='word_1_273' title='bbox 1267 1542 1473 1583; x_wconf 85' lang='lat' dir='ltr'><strong>Vespasiano</strong></span> <span class='ocrx_word' id='word_1_274' title='bbox 1496 1543 1574 1574; x_wconf 92' lang='lat' dir='ltr'><strong>Bri-</strong></span> 
     </span>
     <span class='ocr_line' id='line_1_54' title="bbox 871 1591 1571 1632; baseline 0.003 -10"><span class='ocrx_word' id='word_1_275' title='bbox 871 1591 995 1622; x_wconf 77' lang='lat' dir='ltr'><strong>tanniae</strong></span> <span class='ocrx_word' id='word_1_276' title='bbox 1025 1591 1162 1622; x_wconf 83' lang='lat' dir='ltr'><strong>domitae</strong></span> <span class='ocrx_word' id='word_1_277' title='bbox 1179 1592 1315 1622; x_wconf 87' lang='lat' dir='ltr'><strong>laudem</strong></span> <span class='ocrx_word' id='word_1_278' title='bbox 1332 1592 1468 1632; x_wconf 84' lang='lat' dir='ltr'><strong>tribuit3</strong></span> <span class='ocrx_word' id='word_1_279' title='bbox 1494 1603 1571 1624; x_wconf 91' lang='lat' dir='ltr'><strong>cum</strong></span> 
     </span>
     <span class='ocr_line' id='line_1_55' title="bbox 873 1640 1572 1685; baseline 0.004 -13"><span class='ocrx_word' id='word_1_280' title='bbox 873 1640 1032 1672; x_wconf 86' lang='lat' dir='ltr'><strong>Oceanus</strong></span> <span class='ocrx_word' id='word_1_281' title='bbox 1067 1642 1197 1675; x_wconf 86' lang='lat' dir='ltr'><strong>Julium</strong></span> <span class='ocrx_word' id='word_1_282' title='bbox 1220 1643 1389 1674; x_wconf 76' lang='lat' dir='ltr'><strong>Caesarem</strong></span> <span class='ocrx_word' id='word_1_283' title='bbox 1416 1644 1572 1685; x_wconf 86' lang='lat' dir='ltr'><strong>illiusque</strong></span> 
     </span>
     <span class='ocr_line' id='line_1_56' title="bbox 871 1691 1570 1732; baseline 0.004 -10"><span class='ocrx_word' id='word_1_284' title='bbox 871 1691 1068 1732; x_wconf 86' lang='lat' dir='ltr'><strong>progeniem</strong></span> <span class='ocrx_word' id='word_1_285' title='bbox 1086 1692 1279 1732; x_wconf 85' lang='lat' dir='ltr'><strong>Phrygibus</strong></span> <span class='ocrx_word' id='word_1_286' title='bbox 1296 1692 1472 1724; x_wconf 88' lang='lat' dir='ltr'><strong>oriundam</strong></span> <span class='ocrx_word' id='word_1_287' title='bbox 1490 1699 1570 1725; x_wconf 89' lang='lat' dir='ltr'><strong>ante</strong></span> 
     </span>
     <span class='ocr_line' id='line_1_57' title="bbox 872 1741 1574 1783; baseline 0.004 -11"><span class='ocrx_word' id='word_1_288' title='bbox 872 1741 1066 1782; x_wconf 86' lang='lat' dir='ltr'><strong>indignatus</strong></span> <span class='ocrx_word' id='word_1_289' title='bbox 1083 1742 1127 1774; x_wconf 90' lang='lat' dir='ltr'><strong>sit</strong></span> <span class='ocrx_word' id='word_1_290' title='bbox 1145 1753 1152 1772; x_wconf 92' lang='lat'>:</span> <span class='ocrx_word' id='word_1_291' title='bbox 1171 1742 1261 1783; x_wconf 89' lang='lat' dir='ltr'><strong>quod</strong></span> <span class='ocrx_word' id='word_1_292' title='bbox 1279 1743 1510 1783; x_wconf 85' lang='lat' dir='ltr'><strong>praecedentia</strong></span> <span class='ocrx_word' id='word_1_293' title='bbox 1522 1754 1574 1775; x_wconf 86' lang='lat' dir='ltr'><strong>ar-</strong></span> 
     </span>
     <span class='ocr_line' id='line_1_58' title="bbox 870 1794 1576 1835; baseline 0.004 -12"><span class='ocrx_word' id='word_1_294' title='bbox 870 1798 993 1834; x_wconf 85' lang='lat' dir='ltr'><strong>guunt:</strong></span> <span class='ocrx_word' id='word_1_295' title='bbox 1008 1794 1139 1835; x_wconf 87' lang='lat' dir='ltr'><strong>‘Tuque</strong></span> <span class='ocrx_word' id='word_1_296' title='bbox 1148 1803 1168 1824; x_wconf 91' lang='lat' dir='ltr'><strong>o</strong></span> <span class='ocrx_word' id='word_1_297' title='bbox 1179 1794 1290 1834; x_wconf 86' lang='lat' dir='ltr'><strong>pelagi</strong></span> <span class='ocrx_word' id='word_1_298' title='bbox 1300 1794 1355 1824; x_wconf 88' lang='lat' dir='ltr'><strong>cui</strong></span> <span class='ocrx_word' id='word_1_299' title='bbox 1365 1795 1469 1835; x_wconf 81' lang='lat' dir='ltr'><strong>maj0r</strong></span> <span class='ocrx_word' id='word_1_300' title='bbox 1479 1804 1576 1835; x_wconf 83' lang='lat' dir='ltr'><strong>aper·</strong></span> 
     </span>
     <span class='ocr_line' id='line_1_59' title="bbox 873 1844 1576 1885; baseline 0.001 -10"><span class='ocrx_word' id='word_1_301' title='bbox 873 1845 897 1876; x_wconf 90' lang='lat' dir='ltr'><strong>ti</strong></span> <span class='ocrx_word' id='word_1_302' title='bbox 912 1845 1023 1880; x_wconf 86' lang='lat' dir='ltr'><strong>Fama,</strong></span> <span class='ocrx_word' id='word_1_303' title='bbox 1033 1844 1235 1876; x_wconf 86' lang='lat' dir='ltr'><strong>Caledonius</strong></span> <span class='ocrx_word' id='word_1_304' title='bbox 1247 1848 1425 1885; x_wconf 84' lang='lat' dir='ltr'><strong>postquam</strong></span> <span class='ocrx_word' id='word_1_305' title='bbox 1434 1849 1493 1876; x_wconf 90' lang='lat' dir='ltr'><strong>tua</strong></span> <span class='ocrx_word' id='word_1_306' title='bbox 1503 1855 1576 1876; x_wconf 90' lang='lat' dir='ltr'><strong>car-</strong></span> 
     </span>
     <span class='ocr_line' id='line_1_60' title="bbox 876 1894 1573 1935; baseline 0.001 -10"><span class='ocrx_word' id='word_1_307' title='bbox 876 1894 958 1926; x_wconf 81' lang='lat' dir='ltr'><strong>basa</strong></span> <span class='ocrx_word' id='word_1_308' title='bbox 983 1895 1076 1925; x_wconf 84' lang='lat' dir='ltr'><strong>vexit</strong></span> <span class='ocrx_word' id='word_1_309' title='bbox 1095 1894 1269 1929; x_wconf 83' lang='lat' dir='ltr'><strong>Oceanus,</strong></span> <span class='ocrx_word' id='word_1_310' title='bbox 1289 1894 1457 1934; x_wconf 86' lang='lat' dir='ltr'><strong>Phrygios</strong></span> <span class='ocrx_word' id='word_1_311' title='bbox 1480 1895 1573 1935; x_wconf 81' lang='lat' dir='ltr'><strong>prius</strong></span> 
     </span>
     <span class='ocr_line' id='line_1_61' title="bbox 875 1943 1576 1985; baseline 0.001 -10"><span class='ocrx_word' id='word_1_312' title='bbox 875 1944 1071 1985; x_wconf 83' lang='lat' dir='ltr'><strong>indignatus</strong></span> <span class='ocrx_word' id='word_1_313' title='bbox 1088 1943 1207 1975; x_wconf 88' lang='lat' dir='ltr'><strong>Iulos.’</strong></span> <span class='ocrx_word' id='word_1_314' title='bbox 1235 1944 1291 1975; x_wconf 91' lang='lat' dir='ltr'><strong>Ita</strong></span> <span class='ocrx_word' id='word_1_315' title='bbox 1303 1944 1458 1976; x_wconf 90' lang='lat' dir='ltr'><strong>Tacitus:</strong></span> <span class='ocrx_word' id='word_1_316' title='bbox 1484 1945 1494 1962; x_wconf 90' lang='lat'>‘</span> <span class='ocrx_word' id='word_1_317' title='bbox 1515 1946 1576 1976; x_wconf 94' lang='lat' dir='ltr'><strong>Di-</strong></span> 
     </span>
     <span class='ocr_line' id='line_1_62' title="bbox 876 1994 1576 2034; baseline 0.001 -9"><span class='ocrx_word' id='word_1_318' title='bbox 876 2004 937 2026; x_wconf 91' lang='lat' dir='ltr'><strong>vus</strong></span> <span class='ocrx_word' id='word_1_319' title='bbox 955 1995 1114 2027; x_wconf 84' lang='lat' dir='ltr'><strong>Claudius</strong></span> <span class='ocrx_word' id='word_1_320' title='bbox 1131 1999 1250 2025; x_wconf 85' lang='lat' dir='ltr'><strong>auctor</strong></span> <span class='ocrx_word' id='word_1_321' title='bbox 1267 1994 1391 2034; x_wconf 85' lang='lat' dir='ltr'><strong>operis,</strong></span> <span class='ocrx_word' id='word_1_322' title='bbox 1403 1999 1576 2026; x_wconf 87' lang='lat' dir='ltr'><strong>transvec-</strong></span> 
     </span>
     <span class='ocr_line' id='line_1_63' title="bbox 876 2045 1576 2086; baseline -0.001 -9"><span class='ocrx_word' id='word_1_323' title='bbox 876 2046 920 2077; x_wconf 86' lang='lat' dir='ltr'><strong>tis</strong></span> <span class='ocrx_word' id='word_1_324' title='bbox 939 2045 1128 2086; x_wconf 85' lang='lat' dir='ltr'><strong>legionibus</strong></span> <span class='ocrx_word' id='word_1_325' title='bbox 1148 2045 1363 2085; x_wconf 87' lang='lat' dir='ltr'><strong>auxiliisque,</strong></span> <span class='ocrx_word' id='word_1_326' title='bbox 1377 2048 1412 2074; x_wconf 89' lang='lat' dir='ltr'><strong>et</strong></span> <span class='ocrx_word' id='word_1_327' title='bbox 1428 2050 1576 2076; x_wconf 86' lang='lat' dir='ltr'><strong>assumto</strong></span> 
     </span>
     <span class='ocr_line' id='line_1_64' title="bbox 875 2094 1574 2135; baseline -0.001 -9"><span class='ocrx_word' id='word_1_328' title='bbox 875 2096 911 2126; x_wconf 90' lang='lat' dir='ltr'><strong>in</strong></span> <span class='ocrx_word' id='word_1_329' title='bbox 939 2100 1071 2135; x_wconf 82' lang='lat' dir='ltr'><strong>partem</strong></span> <span class='ocrx_word' id='word_1_330' title='bbox 1098 2104 1210 2125; x_wconf 86' lang='lat' dir='ltr'><strong>rerum</strong></span> <span class='ocrx_word' id='word_1_331' title='bbox 1237 2094 1464 2134; x_wconf 88' lang='lat' dir='ltr'><strong>Vespasiano,</strong></span> <span class='ocrx_word' id='word_1_332' title='bbox 1486 2096 1574 2135; x_wconf 88' lang='lat' dir='ltr'><strong>quod</strong></span> 
     </span>
     <span class='ocr_line' id='line_1_65' title="bbox 875 2143 1577 2184; baseline -0.001 -8"><span class='ocrx_word' id='word_1_333' title='bbox 875 2145 1008 2176; x_wconf 88' lang='lat' dir='ltr'><strong>initium</strong></span> <span class='ocrx_word' id='word_1_334' title='bbox 1041 2148 1194 2175; x_wconf 84' lang='lat' dir='ltr'><strong>venturae</strong></span> <span class='ocrx_word' id='word_1_335' title='bbox 1219 2153 1296 2174; x_wconf 85' lang='lat' dir='ltr'><strong>mox</strong></span> <span class='ocrx_word' id='word_1_336' title='bbox 1323 2143 1469 2175; x_wconf 79' lang='lat' dir='ltr'><strong>fortunae</strong></span> <span class='ocrx_word' id='word_1_337' title='bbox 1497 2144 1577 2184; x_wconf 83' lang='lat' dir='ltr'><strong>fuit,</strong></span> 
     </span>
     <span class='ocr_line' id='line_1_66' title="bbox 876 2193 1576 2234; baseline -0.001 -9"><span class='ocrx_word' id='word_1_338' title='bbox 876 2194 1012 2225; x_wconf 84' lang='lat' dir='ltr'><strong>domitae</strong></span> <span class='ocrx_word' id='word_1_339' title='bbox 1030 2198 1162 2234; x_wconf 83' lang='lat' dir='ltr'><strong>gentes,</strong></span> <span class='ocrx_word' id='word_1_340' title='bbox 1184 2193 1277 2233; x_wconf 89' lang='lat' dir='ltr'><strong>capti</strong></span> <span class='ocrx_word' id='word_1_341' title='bbox 1302 2202 1413 2232; x_wconf 80' lang='lat' dir='ltr'><strong>regeS‚</strong></span> <span class='ocrx_word' id='word_1_342' title='bbox 1430 2197 1466 2224; x_wconf 85' lang='lat' dir='ltr'><strong>et</strong></span> <span class='ocrx_word' id='word_1_343' title='bbox 1481 2203 1576 2224; x_wconf 89' lang='lat' dir='ltr'><strong>mon-</strong></span> 
     </span>
     <span class='ocr_line' id='line_1_67' title="bbox 876 2241 1575 2281; baseline 0 -7"><span class='ocrx_word' id='word_1_344' title='bbox 876 2247 1002 2274; x_wconf 82' lang='lat' dir='ltr'><strong>stratus</strong></span> <span class='ocrx_word' id='word_1_345' title='bbox 1041 2241 1120 2273; x_wconf 88' lang='lat' dir='ltr'><strong>fatis</strong></span> <span class='ocrx_word' id='word_1_346' title='bbox 1158 2241 1409 2281; x_wconf 83' lang='lat' dir='ltr'><strong>Vespasianus.’</strong></span> <span class='ocrx_word' id='word_1_347' title='bbox 1458 2241 1575 2281; x_wconf 77' lang='lat' dir='ltr'><strong>Agric·</strong></span> 
     </span>
     <span class='ocr_line' id='line_1_68' title="bbox 875 2290 1577 2331; baseline 0 -9"><span class='ocrx_word' id='word_1_348' title='bbox 875 2294 950 2323; x_wconf 76' lang='lat'><strong>354.</strong></span> <span class='ocrx_word' id='word_1_349' title='bbox 987 2291 1085 2323; x_wconf 85' lang='lat' dir='ltr'><strong>Quod</strong></span> <span class='ocrx_word' id='word_1_350' title='bbox 1102 2299 1184 2329; x_wconf 89' lang='lat' dir='ltr'><strong>ergo</strong></span> <span class='ocrx_word' id='word_1_351' title='bbox 1200 2290 1281 2329; x_wconf 89' lang='lat' dir='ltr'><strong>ait‚‘</strong></span> <span class='ocrx_word' id='word_1_352' title='bbox 1300 2290 1468 2330; x_wconf 85' lang='lat' dir='ltr'><strong>Phrygios</strong></span> <span class='ocrx_word' id='word_1_353' title='bbox 1485 2291 1577 2331; x_wconf 85' lang='lat' dir='ltr'><strong>prius</strong></span> 
     </span>
     <span class='ocr_line' id='line_1_69' title="bbox 875 2339 1576 2382; baseline 0 -10"><span class='ocrx_word' id='word_1_354' title='bbox 875 2341 1070 2382; x_wconf 88' lang='lat' dir='ltr'><strong>indignatus</strong></span> <span class='ocrx_word' id='word_1_355' title='bbox 1088 2339 1203 2378; x_wconf 86' lang='lat' dir='ltr'><strong>Iulos‚’</strong></span> <span class='ocrx_word' id='word_1_356' title='bbox 1219 2339 1262 2369; x_wconf 88' lang='lat' dir='ltr'><strong>de</strong></span> <span class='ocrx_word' id='word_1_357' title='bbox 1279 2339 1388 2370; x_wconf 86' lang='lat' dir='ltr'><strong>classe</strong></span> <span class='ocrx_word' id='word_1_358' title='bbox 1403 2340 1486 2372; x_wconf 88' lang='lat' dir='ltr'><strong>Julii</strong></span> <span class='ocrx_word' id='word_1_359' title='bbox 1502 2341 1576 2372; x_wconf 87' lang='lat' dir='ltr'><strong>Cae-</strong></span> 
     </span>
     <span class='ocr_line' id='line_1_70' title="bbox 874 2386 1576 2430; baseline 0.001 -10"><span class='ocrx_word' id='word_1_360' title='bbox 874 2389 974 2428; x_wconf 87' lang='lat' dir='ltr'><strong>saris,</strong></span> <span class='ocrx_word' id='word_1_361' title='bbox 1000 2390 1009 2406; x_wconf 92' lang='lat'>‘</span> <span class='ocrx_word' id='word_1_362' title='bbox 1024 2389 1056 2419; x_wconf 92' lang='lat' dir='ltr'><strong>vi</strong></span> <span class='ocrx_word' id='word_1_363' title='bbox 1082 2386 1323 2428; x_wconf 82' lang='lat' dir='ltr'><strong>tempestatis‚&#39;</strong></span> <span class='ocrx_word' id='word_1_364' title='bbox 1346 2393 1383 2418; x_wconf 89' lang='lat' dir='ltr'><strong>ut</strong></span> <span class='ocrx_word' id='word_1_365' title='bbox 1405 2388 1498 2421; x_wconf 89' lang='lat' dir='ltr'><strong>Suet.</strong></span> <span class='ocrx_word' id='word_1_366' title='bbox 1515 2390 1576 2430; x_wconf 82' lang='lat' dir='ltr'><strong>ait,</strong></span> 
     </span>
     <span class='ocr_line' id='line_1_71' title="bbox 875 2437 1575 2480; baseline 0.004 -11"><span class='ocrx_word' id='word_1_367' title='bbox 875 2440 884 2456; x_wconf 91' lang='lat'>‘</span> <span class='ocrx_word' id='word_1_368' title='bbox 895 2448 1000 2480; x_wconf 85' lang='lat' dir='ltr'><strong>prope</strong></span> <span class='ocrx_word' id='word_1_369' title='bbox 1016 2437 1193 2478; x_wconf 84' lang='lat' dir='ltr'><strong>absumta‚’</strong></span> <span class='ocrx_word' id='word_1_370' title='bbox 1208 2437 1479 2478; x_wconf 87' lang='lat' dir='ltr'><strong>intelligendum.</strong></span> <span class='ocrx_word' id='word_1_371' title='bbox 1514 2441 1575 2472; x_wconf 84' lang='lat' dir='ltr'><strong>Ta·</strong></span> 
     </span>
     <span class='ocr_line' id='line_1_72' title="bbox 873 2487 1576 2528; baseline 0.003 -7"><span class='ocrx_word' id='word_1_372' title='bbox 873 2490 960 2521; x_wconf 82' lang='lat' dir='ltr'><strong>citus</strong></span> <span class='ocrx_word' id='word_1_373' title='bbox 975 2489 1092 2528; x_wconf 88' lang='lat' dir='ltr'><strong>etiam,</strong></span> <span class='ocrx_word' id='word_1_374' title='bbox 1108 2489 1141 2519; x_wconf 89' lang='lat' dir='ltr'><strong>in</strong></span> <span class='ocrx_word' id='word_1_375' title='bbox 1159 2489 1230 2519; x_wconf 86' lang='lat' dir='ltr'><strong>vita</strong></span> <span class='ocrx_word' id='word_1_376' title='bbox 1243 2487 1425 2528; x_wconf 80' lang='lat' dir='ltr'><strong>Agricolae,</strong></span> <span class='ocrx_word' id='word_1_377' title='bbox 1440 2490 1576 2523; x_wconf 90' lang='lat' dir='ltr'><strong>Britan-</strong></span> 
     </span>
     <span class='ocr_line' id='line_1_73' title="bbox 873 2537 1575 2581; baseline -0.003 -11"><span class='ocrx_word' id='word_1_378' title='bbox 873 2539 962 2570; x_wconf 87' lang='lat' dir='ltr'><strong>niam</strong></span> <span class='ocrx_word' id='word_1_379' title='bbox 977 2539 986 2556; x_wconf 87' lang='lat'><em>‘</em></span> <span class='ocrx_word' id='word_1_380' title='bbox 997 2537 1210 2577; x_wconf 82' lang='lat' dir='ltr'><strong>ostendisse,&#39;</strong></span> <span class='ocrx_word' id='word_1_381' title='bbox 1221 2547 1286 2569; x_wconf 87' lang='lat' dir='ltr'><strong>non</strong></span> <span class='ocrx_word' id='word_1_382' title='bbox 1299 2538 1490 2581; x_wconf 79' lang='lat' dir='ltr'><strong>tradidisse,</strong></span> <span class='ocrx_word' id='word_1_383' title='bbox 1501 2542 1575 2574; x_wconf 77' lang='lat' dir='ltr'><strong>Cae-</strong></span> 
     </span>
     <span class='ocr_line' id='line_1_74' title="bbox 875 2586 1576 2630; baseline 0.004 -10"><span class='ocrx_word' id='word_1_384' title='bbox 875 2598 983 2620; x_wconf 85' lang='lat' dir='ltr'><strong>sarem</strong></span> <span class='ocrx_word' id='word_1_385' title='bbox 1000 2589 1059 2620; x_wconf 85' lang='lat' dir='ltr'><strong>ait.</strong></span> <span class='ocrx_word' id='word_1_386' title='bbox 1094 2586 1287 2627; x_wconf 80' lang='lat' dir='ltr'><strong>Augustum</strong></span> <span class='ocrx_word' id='word_1_387' title='bbox 1311 2589 1427 2630; x_wconf 88' lang='lat' dir='ltr'><strong>etiam,</strong></span> <span class='ocrx_word' id='word_1_388' title='bbox 1445 2596 1480 2622; x_wconf 90' lang='lat' dir='ltr'><strong>et</strong></span> <span class='ocrx_word' id='word_1_389' title='bbox 1496 2592 1576 2622; x_wconf 85' lang='lat' dir='ltr'><strong>reli-</strong></span> 
     </span>
     <span class='ocr_line' id='line_1_75' title="bbox 875 2637 1574 2681; baseline 0.004 -11"><span class='ocrx_word' id='word_1_390' title='bbox 875 2648 960 2681; x_wconf 91' lang='lat' dir='ltr'><strong>quos</strong></span> <span class='ocrx_word' id='word_1_391' title='bbox 977 2646 1083 2679; x_wconf 89' lang='lat' dir='ltr'><strong>usque</strong></span> <span class='ocrx_word' id='word_1_392' title='bbox 1099 2637 1140 2668; x_wconf 91' lang='lat' dir='ltr'><strong>ad</strong></span> <span class='ocrx_word' id='word_1_393' title='bbox 1154 2637 1346 2678; x_wconf 82' lang='lat' dir='ltr'><strong>Claudium,</strong></span> <span class='ocrx_word' id='word_1_394' title='bbox 1361 2639 1574 2673; x_wconf 82' lang='lat' dir='ltr'><strong>Britanniam</strong></span> 
     </span>
     <span class='ocr_line' id='line_1_76' title="bbox 875 2687 1575 2724; baseline 0.004 -4"><span class='ocrx_word' id='word_1_395' title='bbox 875 2698 943 2720; x_wconf 91' lang='lat' dir='ltr'><strong>non</strong></span> <span class='ocrx_word' id='word_1_396' title='bbox 960 2693 1112 2720; x_wconf 86' lang='lat' dir='ltr'><strong>tentasse</strong></span> <span class='ocrx_word' id='word_1_397' title='bbox 1129 2697 1170 2718; x_wconf 87' lang='lat' dir='ltr'><strong>ex</strong></span> <span class='ocrx_word' id='word_1_398' title='bbox 1187 2687 1306 2719; x_wconf 90' lang='lat' dir='ltr'><strong>eodem</strong></span> <span class='ocrx_word' id='word_1_399' title='bbox 1321 2689 1456 2721; x_wconf 81' lang='lat' dir='ltr'><strong>scimus.</strong></span> <span class='ocrx_word' id='word_1_400' title='bbox 1484 2691 1575 2724; x_wconf 86' lang='lat' dir='ltr'><strong>Vide</strong></span> 
     </span>
     <span class='ocr_line' id='line_1_77' title="bbox 877 2738 1574 2775; baseline 0.006 -5"><span class='ocrx_word' id='word_1_401' title='bbox 877 2740 978 2771; x_wconf 90' lang='lat' dir='ltr'><strong>etiam</strong></span> <span class='ocrx_word' id='word_1_402' title='bbox 1005 2739 1149 2769; x_wconf 89' lang='lat' dir='ltr'><strong>Dionem</strong></span> <span class='ocrx_word' id='word_1_403' title='bbox 1175 2738 1236 2770; x_wconf 85' lang='lat' dir='ltr'><strong>lib.</strong></span> <span class='ocrx_word' id='word_1_404' title='bbox 1267 2747 1397 2771; x_wconf 72' lang='lat' dir='ltr'><strong>xxmx.</strong></span> <span class='ocrx_word' id='word_1_405' title='bbox 1420 2743 1493 2772; x_wconf 79' lang='lat'>114.</span> <span class='ocrx_word' id='word_1_406' title='bbox 1517 2749 1574 2775; x_wconf 82' lang='lat' dir='ltr'><strong>Lx.</strong></span> 
     </span>
     <span class='ocr_line' id='line_1_78' title="bbox 877 2785 1573 2830; baseline 0.003 -9"><span class='ocrx_word' id='word_1_407' title='bbox 877 2791 953 2821; x_wconf 86' lang='lat'><strong>685.</strong></span> <span class='ocrx_word' id='word_1_408' title='bbox 993 2788 1038 2819; x_wconf 88' lang='lat' dir='ltr'><strong>Et</strong></span> <span class='ocrx_word' id='word_1_409' title='bbox 1049 2787 1128 2829; x_wconf 89' lang='lat' dir='ltr'><strong>quid</strong></span> <span class='ocrx_word' id='word_1_410' title='bbox 1138 2785 1452 2830; x_wconf 57' lang='lat' dir='ltr'><strong>&amp;rwcbrepomquam</strong></span> <span class='ocrx_word' id='word_1_411' title='bbox 1466 2791 1573 2823; x_wconf 82' lang='lat' dir='ltr'><strong>Ocea-</strong></span> 
     </span>
     <span class='ocr_line' id='line_1_79' title="bbox 878 2838 1575 2882; baseline 0.003 -11"><span class='ocrx_word' id='word_1_412' title='bbox 878 2849 957 2871; x_wconf 89' lang='lat' dir='ltr'><strong>num</strong></span> <span class='ocrx_word' id='word_1_413' title='bbox 971 2838 1179 2879; x_wconf 83' lang='lat' dir='ltr'><strong>indignatum</strong></span> <span class='ocrx_word' id='word_1_414' title='bbox 1193 2848 1296 2870; x_wconf 88' lang='lat' dir='ltr'><strong>naves</strong></span> <span class='ocrx_word' id='word_1_415' title='bbox 1310 2839 1491 2881; x_wconf 85' lang='lat' dir='ltr'><strong>Phrygias,</strong></span> <span class='ocrx_word' id='word_1_416' title='bbox 1502 2842 1575 2882; x_wconf 90' lang='lat' dir='ltr'><strong>qui-</strong></span> 
     </span>
     <span class='ocr_line' id='line_1_80' title="bbox 879 2889 1571 2924; baseline 0.001 -1"><span class='ocrx_word' id='word_1_417' title='bbox 879 2891 941 2923; x_wconf 83' lang='lat' dir='ltr'><strong>bns</strong></span> <span class='ocrx_word' id='word_1_418' title='bbox 972 2889 1054 2921; x_wconf 82' lang='lat' dir='ltr'><strong>nihil</strong></span> <span class='ocrx_word' id='word_1_419' title='bbox 1085 2898 1161 2921; x_wconf 86' lang='lat' dir='ltr'><strong>cum</strong></span> <span class='ocrx_word' id='word_1_420' title='bbox 1192 2889 1333 2922; x_wconf 84' lang='lat' dir='ltr'><strong>Oceano</strong></span> <span class='ocrx_word' id='word_1_421' title='bbox 1355 2891 1571 2924; x_wconf 82' lang='lat' dir='ltr'><strong>Britannico:</strong></span> 
     </span>
    </p>
   </div>
  </div>
 </body>
</html>
