1889 3194
470 392 531 420 De
566 391 721 421 necno
756 390 981 422 '1'ROJANO
1019 391 1111 420 [AB.
1145 390 1198 421 11.
1469 377 1553 418 4:33

116 483 397 526 Confinxisse
412 485 566 534 labor3
593 484 748 526 faciles
770 485 826 526 ad
849 489 1049 538 tempora
1070 484 1185 534 cani,
1470 482 1555 522 545

117 551 190 593 Ad
206 551 365 592 faciem
384 565 503 604 rugae
518 552 699 592 veniunt
717 566 725 592 ε
757 552 956 593 fallenda
971 555 1195 598 senectus,

117 618 224 659 Non
240 617 443 670 fingenda
462 619 545 659 fuit
568 633 577 660 :
610 632 636 659 o
660 620 698 659 si
721 619 776 660 ad
791 618 1025 659 certamina
1045 617 1195 658 formae

119 685 209 726 Illa
228 688 381 739 potens
403 685 547 726 Beroe
569 689 706 727 staret
723 685 932 726 socianda
955 685 1131 734 Dionae,

119 752 338 793 Incuteret
358 753 572 793 celebrem
589 752 836 793 simulatrix
857 752 986 792 simia
1005 752 1154 792 risum.

120 819 278 868 Stulte,
294 819 402 872 quid
426 818 647 872 Europem
668 831 824 872 genero
839 818 953 859 Jove
972 819 1151 872 quaeriS,
1168 817 1346 871 Agenor
1364 818 1375 856 ?
1477 820 1561 859 550

121 886 209 926 Illa
229 887 326 938 rapi
341 886 511 934 meruit,
532 890 752 938 raptorem
770 890 959 927 excusat
975 889 1163 938 egestas,

123 951 181 992 Et
200 951 381 993 thalami
397 953 582 1004 potioris
605 965 749 1003 amor;
782 953 867 993 sibi
888 953 1084 993 maxima
1103 952 1249 1002 debet,

124 1018 259 1068 Quod
280 1018 410 1059 toties
432 1019 566 1060 vidua
587 1025 656 1059 est
676 1021 840 1074 conjux
860 1019 1017 1060 Jovis:
1050 1019 1152 1059 alite
1171 1020 1316 1060 fausto

125 1084 382 1139 Nupsisset,
402 1086 639 1140 stabilique
659 1090 767 1135 toro,
791 1087 827 1127 si
850 1087 991 1139 prima
1011 1086 1215 1128 tulissent

128 1152 316 1193 Foedera
335 1153 432 1204 plus
453 1152 621 1202 formae,
645 1153 805 1205 linguae
827 1154 998 1194 minus:
1022 1152 1239 1205 improba,
1262 1152 1421 1206 turpis,

127 1218 331 1268 Garrula,
352 1219 538 1271 legitimi
558 1232 697 1259 mores
713 1220 904 1260 incestat
916 1219 1117 1259 amantis.

128 1284 191 1325 At
210 1298 333 1326 soror
349 1290 419 1325 est
439 1285 690 1339 conjuxque
708 1286 735 1327 J
741 1287 838 1327 ovis
855 1299 866 1337 3
899 1287 1007 1326 bene
1029 1285 1180 1334 cessit,
1198 1284 1242 1324 in
1261 1297 1349 1325 uno

129 1351 339 1406 Conjugis
362 1352 572 1393 offensam
589 1352 762 1394 redimit
782 1365 906 1393 soror
924 1366 933 1392 :
966 1352 1105 1393 ardua
1126 1356 1275 1404 regnat
1293 1365 1303 1402 ς

130 1418 194 1458 At
216 1420 353 1471 patris
369 1419 415 1458 in
433 1419 547 1459 solio
569 1432 580 1470 ;
608 1419 848 1472 fruiturque
861 1419 1093 1473 jugalibus
1113 1418 1261 1466 astris,

131 1485 309 1538 Stirpis,
331 1497 417 1525 non
439 1485 637 1534 thalami,
657 1486 811 1526 merito
831 1499 839 1523 ε
871 1485 954 1525 fuit
975 1497 1134 1525 aureus
1157 1484 1262 1524 olim

132 1552 215 1593 Ille
232 1564 386 1601 senex,
403 1564 490 1605 quo
511 1556 616 1593 nata
636 1551 765 1602 feror,
784 1552 867 1593 fuit
888 1552 1043 1592 unicus
1064 1552 1220 1599 haeres,

133 1617 232 1658 Nec
254 1618 358 1658 dum
380 1617 635 1670 sortilegam
656 1618 843 1659 mundus
863 1618 1050 1659 nutabat
1069 1619 1111 1658 in
1129 1629 1294 1662 urnam,

134 1683 245 1724 Cum
268 1684 343 1736 pia
362 1683 540 1725 Saturni
557 1685 717 1737 proles,
739 1684 960 1738 aequanda
982 1684 1209 1733 Minervae‚

135 1748 224 1790 Vel
240 1750 398 1791 saltem
414 1763 503 1791 non
523 1752 626 1792 exul
648 1756 754 1801 erat,
774 1764 992 1805 regnoque
1013 1752 1210 1805 tyrannis

136 1816 415 1859 Concedente
437 1818 591 1868 tribus,
615 1819 834 1872 triplicem
857 1819 1078 1873 processit
1099 1819 1143 1859 in
1165 1819 1320 1860 orbem
1494 1817 1580 1858 565

1484 1153 1510 1192 οι

1513 1152 1539 1192 σε

1541 1152 1568 1191 Φῑ

1491 1483 1575 1524 560

787 1975 929 2008 NOTAE

182 2061 245 2090 548
270 2060 331 2091 Illa
349 2065 456 2101 potens
480 2062 594 2102 Beroe]
632 2061 736 2093 Ovid.
763 2062 835 2093 Me-

142 2112 224 2140 tam.
241 2118 298 2141 111.
323 2112 332 2128 ‘
347 2111 496 2152 Ipsaque
513 2116 587 2142 erat
599 2111 709 2142 Beroe'
723 2112 835 2142 Seme-

140 2158 189 2189 les
213 2159 399 2199 Epidauria
422 2161 561 2193 nutrix.'
586 2162 743 2202 Hyginus
768 2161 837 2192 fab.

140 2211 215 2240 179.
230 2211 302 2240 167.

185 2261 243 2289 551
272 2258 335 2289 Illa
363 2260 433 2300 rapi
458 2259 582 2300 meruit,
604 2264 759 2300 raptorem
782 2269 837 2290 ex-

142 2311 229 2339 cusat
253 2308 386 2348 egestas]
420 2309 461 2339 In
479 2309 647 2349 prioribus
667 2306 836 2350 εἰρωνεύει;

144 2357 178 2388 in
195 2357 332 2397 reliquis
349 2357 600 2389 deformitatem
610 2358 752 2390 Jnnonis
766 2367 838 2389 car-

145 2407 221 2447 pit:
246 2407 366 2439 Jovem
380 2412 533 2439 excusat.
563 2407 743 2448 Ingenium
760 2407 840 2448 poe-

146 2461 204 2488 tae.

181 2507 243 2536 553
260 2506 351 2541 Quod
366 2507 457 2538 toties
471 2507 566 2538 vidua
589 2511 636 2538 est
658 2507 772 2546 conjux
785 2507 842 2537 Jo-

144 2555 207 2596 vis]
260 2555 376 2587 Plauti
422 2557 624 2589 imitatione.
671 2557 842 2589 Cistellar.

146 2606 156 2622 ‘
170 2614 340 2646 nunquam
363 2615 426 2646 ego
443 2606 528 2637 hanc
546 2606 678 2637 viduam
695 2615 769 2638 esse
785 2615 843 2636 cn·

148 2653 228 2685 bare
244 2654 328 2686 sivi!
363 2656 465 2696 Apul.
490 2657 499 2674 ‘
512 2656 566 2687 An
581 2661 762 2688 contentus
778 2655 843 2687 fuit

147 2703 251 2735 vidua
266 2704 459 2747 pudicaque
475 2706 616 2737 nocte?’
647 2706 735 2738 Vide
755 2706 842 2737 Gru-

149 2758 261 2786 terum
275 2755 317 2787 ad
337 2756 452 2788 Plauti
468 2757 620 2788 Stichum
637 2766 662 2787 1.
680 2760 711 2789 1.

192 2807 255 2836 562
280 2805 420 2837 Necdum
441 2807 623 2846 sortilegam
644 2807 773 2837 mundus
788 2815 845 2837 nu-

151 2853 237 2884 tabat
261 2854 295 2886 in
319 2857 445 2897 urnam]
480 2856 591 2897 Jovis,
614 2856 783 2896 Neptuni,
806 2860 842 2886 et

152 2902 309 2934 Plutonis
336 2904 492 2945 imperia,
520 2915 595 2946 quae
622 2909 714 2938 sorte
744 2915 845 2936 vene‘

237 2956 350 2997 Delph.
367 2961 395 2988 et
413 2958 488 2989 Var.
506 2959 591 2990 Clas.

762 2958 850 2991 Dict.
869 2958 954 2991 Cret.
970 2960 1022 2999 ὅγε.

890 2064 981 2101 runt,
995 2061 1097 2093 habes
1114 2061 1203 2102 apud
1222 2059 1380 2101 Apollod.
1400 2068 1424 2090 1.
1440 2061 1470 2090 4.
1486 2057 1584 2098 Virg.

889 2110 965 2142 AEn.
996 2120 1020 2142 ι.
1050 2112 1172 2152 Papin.
1201 2120 1284 2142 vni.
1310 2113 1363 2141 28.
1394 2108 1513 2141 Claud.
1542 2108 1586 2138 de

891 2161 996 2201 Rapt.
1019 2161 1179 2202 Proserp.
1195 2171 1220 2192 1.
1266 2163 1318 2192 De
1333 2164 1426 2191 sorte
1446 2164 1482 2190 et
1503 2168 1588 2189 urna

892 2210 969 2241 vide
985 2211 1130 2241 Van-ron.
1146 2220 1179 2242 v.
1195 2210 1236 2241 de
1252 2210 1333 2250 ling.
1353 2211 1427 2241 Lat.
1440 2212 1492 2240 59.
1517 2208 1587 2239 Ha-

886 2256 1044 2291 drianum
1060 2260 1212 2300 Junium,
1229 2259 1407 2291 Animadv.
1426 2267 1467 2290 11.
1482 2262 1516 2290 5.

935 2312 998 2340 564
1021 2309 1190 2350 Regnaque
1220 2310 1364 2350 tyrannis
1398 2309 1589 2339 Concedente

892 2358 1010 2398 tribus]
1032 2359 1176 2395 Cedere,
1189 2360 1232 2390 de
1249 2365 1352 2399 sorte,
1370 2358 1590 2400 κυριολέκτως;

894 2409 937 2439 de
969 2409 1070 2439 rebus
1101 2409 1310 2440 erciscundis
1347 2409 1477 2440 Anson.
1511 2409 1519 2424 ‘
1533 2408 1590 2439 cui

894 2467 974 2489 cura
988 2458 1146 2489 secundae
1159 2459 1266 2490 Sortis
1280 2463 1314 2490 et
1325 2458 1474 2500 aequorei
1489 2459 1591 2489 cessit

896 2508 1007 2538 tutela
1031 2506 1211 2538 tridentis’
1236 2507 1322 2548 Idyl.
1347 2510 1378 2538 9.
1408 2507 1532 2547 Papin.
1552 2515 1594 2537 ιι.

895 2556 1002 2588 Theb.
1026 2555 1036 2572 ‘
1049 2556 1153 2587 cessit
1170 2556 1315 2587 victoria
1331 2555 1426 2596 vati,’
1450 2557 1591 2588 Lucret.

898 2616 951 2637 1v.
964 2607 973 2623 ‘
984 2605 1133 2637 humanis
1146 2606 1335 2636 concedere
1350 2606 1451 2636 rebus
1464 2604 1485 2644 3'
1501 2604 1591 2646 qnod

896 2656 945 2687 illi
966 2661 1019 2687 est
1044 2655 1148 2686 amori
1172 2665 1342 2686 assensum
1358 2655 1449 2686 dare.
1491 2656 1594 2687 Corn.

896 2706 975 2737 Sev.
1003 2705 1038 2736 in
1062 2704 1175 2744 AEtna,
1200 2705 1329 2736 ‘sacris
1352 2705 1514 2735 secedere
1542 2714 1593 2735 re-

900 2756 959 2786 bns
973 2754 994 2785 ι’
1015 2759 1053 2785 ut
1071 2753 1205 2794 quidem
1221 2754 1346 2794 Scalig.
1362 2754 1458 2794 legit.
1481 2754 1594 2794 Sulpi-

899 2805 947 2836 tia
961 2805 992 2835 in
1011 2804 1174 2844 carmine,
1190 2805 1199 2822 ‘
1216 2804 1250 2835 Si
1267 2804 1327 2836 tibi
1338 2804 1461 2836 secessi
1478 2803 1499 2835 :’
1516 2814 1592 2845 quae

898 2855 1039 2895 respicit
1064 2854 1105 2885 ad
1124 2854 1181 2885 illa
1199 2854 1328 2895 Ovidii,
1343 2856 1352 2873 ‘
1370 2854 1526 2886 Carmina
1543 2863 1594 2885 se-

900 2904 1056 2946 cessum‚'
1069 2907 1132 2937 διο.

1438 2959 1510 2989 2Ε
