1889 3194
328 310 414 353 610
500 322 644 356 No'rAE
677 323 942 355 vAnioRUM
980 323 1029 353 ιΝ

331 417 389 447 ὑπὸ
402 416 440 447 τὸ
453 415 591 449 numm«
605 417 673 457 ὅρος
683 416 800 454 Θήβης.
815 414 936 448 τούτων
945 414 1026 456 ἦρχε

328 465 392 499 τῶν
404 466 540 499 Κιλίκων
553 466 690 507 Ἠετίων,
705 479 735 499 κ.
744 479 775 499 τ.
787 473 820 498 λ.
864 465 1025 507 Lyrnessi

329 522 442 549 autem
473 518 610 558 regulus
640 517 702 548 sub
733 517 874 548 Eetione
901 516 1024 557 Mynes

329 567 568 608 Hippodamiae
585 567 738 598 maritus.

372 617 436 649 Sed
450 627 554 648 eorum
568 617 642 648 Rex
657 615 784 655 Brises]
809 614 912 646 Alten
930 615 1025 645 Lele-

332 678 408 707 gum
421 667 707 708 Regem,Pedaso
723 667 957 706 imperantem,
972 675 1025 695 re-

330 717 398 749 fert
415 718 597 752 Homerus,
613 717 656 748 Il.
672 720 708 748 Φ.
723 719 776 747 87.
819 715 888 746 Sed
905 715 967 746 hoc
984 715 1026 746 de

330 768 481 808 reliquiis
511 767 677 807 Lelegum
715 771 749 797 et
788 765 910 797 Pedasi
939 766 1026 796 acci-

330 817 491 857 piendum
517 821 611 848 recte
627 816 769 847 monuit.
812 815 927 846 Strab.
943 824 1026 846 xm.

331 869 420 899 Nam
442 868 498 909 qui
523 871 591 899 tum
614 867 740 898 Pedasi
762 867 835 897 Rex
856 865 1026 907 fuit,cum

329 917 408 948 urbs
447 917 489 948 ab
527 916 661 948 Achille
705 920 899 956 caperetur,
936 915 1026 947 cladi

330 967 478 1008 publicae
505 966 595 998 haud
618 965 723 998 dubie
753 970 929 1007 superstes
958 974 1027 997 non

329 1017 465 1049 mansit.

373 1068 390 1108 ς
408 1070 448 1099 18
473 1067 573 1103 Quem
594 1067 667 1098 Rex
691 1076 798 1099 recens
821 1070 929 1098 natum
948 1067 1028 1098 clam

329 1127 433 1148 omnes
462 1118 606 1148 alendum
633 1117 664 1148 ei
707 1115 939 1156 transmiserat]
970 1116 1028 1147 Ita

330 1167 425 1199 Med.
446 1166 500 1198 ΑΙ.
523 1167 532 1183 ‘
550 1176 650 1208 quem
681 1176 742 1198 rex
766 1176 885 1198 recens
910 1170 1027 1197 natum

332 1217 490 1247 alendum
507 1216 632 1247 homini
651 1215 915 1248 transmiserat.'
942 1215 1028 1256 Arg.

329 1271 338 1283 ¹
349 1276 447 1306 quem
462 1275 521 1297 rex
534 1276 653 1298 recens
664 1272 779 1298 natum
790 1267 912 1298 ominis
926 1275 1028 1298 causa

332 1316 489 1347 alendum
506 1317 537 1347 ei
560 1316 815 1348 transmiserat?
858 1315 1028 1348 Mediola-

331 1367 428 1397 nensi
447 1367 583 1398 lectioni
599 1367 694 1398 favet
711 1366 891 1407 Euripides
907 1367 940 1397 in
958 1366 1029 1397 He-

331 1416 432 1456 cuba,
442 1416 500 1447 ubi
511 1416 701 1456 Polydorus
711 1416 753 1448 de
766 1417 923 1449 Priamo:
940 1417 972 1448 ὅς
983 1417 1029 1458 μ’,

330 1465 396 1497 ἐπεὶ
408 1467 532 1506 Φρυγῶν
543 1465 636 1497 πόλιν
647 1465 793 1498 Κίνδυνος
807 1466 884 1507 ἔσχε
900 1466 964 1508 δορὶ
974 1479 1029 1498 πε·

329 1517 396 1547 cerv
407 1517 591 1556 Ἑλληνικῷ,
601 1516 726 1557 Δείσας,
738 1517 929 1557 ὑπεξέπεμψε
938 1521 1031 1558 Τρωὶ·-

332 1567 388 1603 κῆς
416 1566 528 1605 χθονὸς
560 1566 801 1608 Πολυμήστορος
829 1567 906 1608 πρὸς
934 1569 1030 1607 δῶμα.

334 1616 500 1656 Virgilius
519 1616 650 1648 AEneid.
667 1626 724 1649 ιιι.
743 1620 796 1648 49.
820 1619 830 1634 ‘
847 1618 949 1649 Hunc
966 1619 1032 1648 Po-

334 1667 490 1706 lydorum
511 1667 582 1697 anri
605 1667 770 1708 quondam
786 1678 861 1699 cum
879 1668 1031 1708 pondere

333 1725 457 1756 magno
475 1715 598 1747 Infelix
623 1717 778 1748 Priamus
801 1716 918 1749 furtim
938 1728 1030 1749 man-

334 1765 433 1796 darat
454 1766 611 1797 alendum
627 1766 785 1798 Threicio
802 1767 905 1808 Regi3
930 1777 1031 1809 quum

329 1815 403 1855 jam
430 1814 601 1847 diffideret
626 1817 726 1846 armis
750 1817 945 1855 Dardaniae,
962 1817 1032 1848 cin-

337 1864 438 1905 gique
489 1864 606 1896 urbem
643 1864 817 1896 obsidione
866 1865 1033 1897 videret.'

336 1914 482 1946 Ovidius
497 1915 585 1946 Met.
605 1924 687 1946 xtn.
703 1918 734 1948 2.
762 1919 771 1933 ‘
790 1916 1034 1957 Polymestoris

335 1965 405 1996 illic
423 1966 532 2005 Regia
547 1965 641 1996 dives
660 1971 747 2006 erat,
763 1966 818 1997 cui
841 1971 875 1997 te
896 1966 1035 1997 commi-

336 2015 380 2046 sit
398 2016 555 2046 alendum
572 2016 682 2054 Clam,
698 2015 882 2056 Polydore,
894 2016 1016 2056 pater!

380 2066 453 2105 §21
481 2066 524 2096 Et
549 2068 584 2096 ut
605 2069 678 2096 unte
699 2067 843 2097 consulta
876 2066 1034 2107 omittam]

337 2115 395 2146 Ita
422 2115 685 2155 rescribendum,
711 2126 754 2146 ex
778 2115 861 2156 Arg.
885 2121 921 2148 et
941 2117 1035 2148 Mer-

337 2175 406 2196 cer.
423 2165 480 2196 ubi
503 2166 511 2182 ‘
531 2165 784 2198 ameconsulta.'
807 2166 1036 2206 ‘Praeterita,'

338 2214 428 2256 quod
462 2218 515 2245 est
544 2215 576 2246 in
613 2215 772 2256 vulgatis,
799 2216 1035 2255 explicationis

338 2274 440 2295 causa
457 2274 476 2294 a
488 2265 679 2296 Scholiaste
695 2264 880 2306 adjectum.
914 2266 1037 2297 Cicero

339 2313 383 2344 ad
399 2313 510 2345 Attic.
524 2316 556 2345 9.
573 2317 604 2345 9.
629 2315 639 2331 ‘
658 2314 822 2346 Oblivisci
845 2325 898 2347 me
915 2316 1037 2356 scripsi

341 2362 516 2395 antefacta
546 2368 581 2395 et
610 2363 736 2395 delicta
769 2365 877 2395 nostri
913 2365 1036 2397 amit-tl

340 2413 461 2452 Virgil.
479 2412 552 2444 AEn.
572 2422 597 2445 1.
620 2413 630 2430 ‘
648 2414 679 2445 Ο
701 2413 796 2449 socii,
811 2424 921 2456 neque
947 2415 1036 2447 enim

342 2463 438 2494 obliti
453 2472 566 2493 sumus
583 2462 851 2494 antemalorun1.'

387 2513 458 2544 Hoc
469 2513 536 2551 jam
552 2512 625 2544 licet
639 2522 673 2543 re
686 2513 880 2553 cognoscere]
893 2514 985 2551 Non,
1000 2518 1039 2546 ut

341 2563 455 2602 vulgo,
466 2566 474 2580 ⁸
488 2571 731 2602 recognoscere
743 2561 765 2593 :’
782 2563 872 2604 quod
888 2564 1040 2604 sphalma

343 2613 479 2644 obvium
495 2612 585 2653 apud
602 2613 798 2653 scriptores.
823 2613 935 2645 Etiam
949 2615 1040 2656 apud

343 2662 540 2694 Sallustium
580 2663 613 2693 in
651 2663 731 2702 illis,
773 2663 849 2695 Cat.
881 2674 957 2706 cap.
985 2668 1038 2697 35.

345 2713 354 2730 ‘
383 2712 531 2753 Egregia
566 2716 626 2743 tua
671 2713 830 2745 voluntas
867 2716 1042 2755 recognita

346 2767 443 2801 grata
470 2761 572 2803 mihi,'
594 2772 670 2803 pro,
693 2763 757 2794 ‘re
783 2765 922 2805 cognita
946 2771 1042 2806 grata

347 2811 451 2842 mihi!

394 2861 442 2890 Ne
459 2860 501 2891 sic
521 2861 641 2902 quidem
654 2862 796 2903 proelium
812 2864 973 2896 adversum
990 2875 1042 2897 vos

1066 322 1258 353 DICTYM
1292 321 1605 352 CRETENSEM.

1077 415 1159 446 inire
1180 415 1341 446 consilium
1355 414 1440 455 suit]
1462 414 1520 447 Ita
1543 415 1628 446 solet
1648 414 1775 447 Sallus-

1079 466 1160 496 tius.
1189 466 1268 498 Cat.
1284 473 1336 498 ιν.
1356 468 1386 497 1.
1403 467 1487 497 ‘non
1510 465 1573 497 fuit
1597 465 1774 498 consilium

1077 516 1234 548 socordia
1249 516 1356 548 otium
1372 516 1573 548 conterere!

1122 566 1241 597 Iterato
1255 567 1295 597 ad
1310 576 1363 598 vos
1377 566 1413 597 ob
1426 567 1552 597 eandem
1572 575 1696 597 causam
1707 575 1778 598 oro·

1077 621 1142 648 tum
1161 616 1313 657 venimus]
1335 617 1448 648 Etiam
1469 617 1533 647 hoc
1549 625 1592 647 ex
1616 617 1777 648 Sallustio

1079 671 1250 707 sumptum
1265 668 1346 708 Jug.
1365 669 1418 698 24.
1459 666 1470 684 ⁴
1486 666 1564 697 Non
1587 675 1662 697 mea
1675 665 1779 707 culpa

1079 725 1172 756 saepe
1188 716 1230 747 ad
1244 726 1303 747 vos
1319 721 1450 747 oratum
1467 716 1578 755 mitto,
1590 715 1633 746 P.
1650 714 1705 747 C.'

1122 767 1140 807 §
1157 769 1198 798 22
1224 766 1304 802 Quis
1317 766 1400 797 enim
1413 766 1539 806 posthac
1551 766 1601 797 cui
1618 765 1709 797 virile
1723 775 1776 797 ne-

1075 817 1198 856 gotium
1207 816 1270 856 est]
1296 817 1351 847 Sic
1366 816 1447 856 Arg.
1459 816 1575 848 etiam.
1598 815 1693 847 Med.
1707 817 1717 834 ‘
1730 816 1778 847 in-

1079 866 1227 906 genium,
1241 866 1296 897 cui
1310 866 1406 896 virile
1422 866 1595 906 negotium
1611 865 1690 906 est,'
1705 875 1779 897 rec·

1080 921 1114 947 te
1145 916 1323 947 Mercerus
1354 916 1552 955 explicavit,
1574 918 1585 934 ⁴
1602 916 1657 947 cui
1687 915 1778 947 domi

1078 965 1189 999 uxor.'
1236 966 1348 997 Notus
1374 966 1490 998 Plauti
1512 966 1615 1007 jocus
1638 966 1672 997 in
1699 965 1780 997 Poe·

1078 1016 1159 1046 nulo
1176 1024 1200 1046 ι.
1216 1018 1249 1046 2.
1271 1016 1280 1032 ⁴
1298 1015 1439 1055 Negotii
1454 1015 1516 1046 sibi
1533 1015 1589 1056 qui
1606 1015 1697 1046 volet
1710 1015 1778 1046 vim

1079 1074 1214 1106 parare,
1229 1074 1349 1096 navem
1365 1070 1401 1097 et
1415 1065 1590 1096 mulierem
1608 1065 1694 1096 Haec
1709 1065 1778 1097 duo

1079 1113 1144 1145 sibi
1181 1119 1392 1155 comparato,
1418 1124 1497 1145 nam
1533 1115 1634 1146 nnllae
1671 1115 1780 1155 magis

1080 1163 1156 1195 duae
1174 1164 1260 1195 Plus
1275 1164 1405 1205 negotii
1416 1163 1567 1199 habent!
1604 1163 1696 1196 Addi
1709 1174 1778 1196 me-

1081 1218 1174 1245 retur
1197 1214 1335 1245 Laberii
1358 1214 1438 1245 illud
1459 1214 1493 1245 in
1517 1214 1780 1255 Necyomantia,

1081 1263 1171 1303 apud
1196 1263 1345 1295 Gellium
1369 1264 1415 1295 N.
1430 1263 1472 1296 A.
1496 1267 1623 1297 xv¹.7.
1653 1264 1663 1282 ‘
1681 1265 1778 1296 Duae

1081 1315 1222 1345 uxores!
1247 1314 1312 1345 hoc
1326 1313 1442 1345 hercle
1466 1315 1540 1355 plus
1557 1315 1686 1354 negotii
1705 1313 1782 1347 est?

1081 1362 1245 1395 Afranius
1265 1373 1334 1395 rem
1355 1364 1506 1396 uxoriam
1531 1374 1593 1405 pro
1608 1364 1781 1396 matrimo-

1081 1414 1137 1444 nio
1155 1414 1291 1445 videtur
1306 1415 1460 1455 posuisse
1476 1415 1509 1445 in
1532 1415 1778 1455 Emancipato:

1081 1464 1131 1495 Ut
1155 1464 1212 1495 abs
1231 1468 1266 1496 te
1288 1474 1419 1495 seorsus
1443 1465 1585 1496 sentiam
1600 1465 1644 1496 de
1658 1466 1782 1497 uxoria

1082 1523 1130 1544 re.
1174 1514 1290 1545 Possis
1319 1514 1373 1545 eui
1404 1514 1499 1545 virile
1527 1515 1700 1555 negotium
1727 1519 1783 1547 est

1082 1563 1269 1604 simplicius
1296 1564 1528 1604 interpretari,
1555 1564 1613 1605 qui
1636 1564 1689 1596 vir
1715 1569 1781 1600 est,

1082 1614 1170 1646 sicut
1179 1614 1312 1654 negotia
1321 1614 1489 1645 hominum
1500 1623 1561 1655 pro
1571 1613 1781 1654 hominibus3

1083 1669 1118 1695 et
1135 1663 1224 1704 apud
1241 1664 1440 1695 Ciceronem
1464 1665 1636 1704 negotium
1660 1665 1780 1696 Callis-

1084 1714 1195 1745 thenis
1213 1724 1274 1754 pro
1291 1714 1496 1745 Callisthene
1512 1714 1639 1746 dictum
1660 1716 1782 1747 Critici

1083 1764 1279 1796 observant.
1323 1764 1432 1795 Locus
1451 1765 1600 1796 Sallustii
1616 1775 1714 1806 quem
1728 1776 1781 1797 re-

1083 1814 1198 1853 spexit
1223 1814 1408 1854 Septimius
1433 1818 1529 1845 extat
1551 1815 1585 1845 in
1611 1815 1687 1846 Cat.
1704 1824 1780 1856 cap.

1083 1867 1137 1895 20.
1161 1866 1170 1881 ‘
1190 1865 1323 1895 Etenim
1340 1864 1414 1906 quis
1432 1865 1636 1904 mortalium,
1656 1866 1710 1897 cui
1731 1867 1781 1897 vi·

1084 1915 1146 1946 rile
1176 1915 1347 1955 ingenium
1370 1915 1471 1954 inest,
1498 1915 1643 1947 tolerare
1667 1920 1782 1957 potest

1084 1964 1149 1996 illis
1165 1965 1301 1995 divitias
1318 1964 1510 2006 superare?

1127 2018 1202 2058 §23
1229 2017 1369 2056 Cunctis,
1394 2020 1429 2048 ut
1453 2018 1486 2048 in
1508 2017 1567 2048 tali
1588 2017 1712 2057 negotio
1717 2017 1781 2060 fie-

1084 2067 1115 2098 ri
1139 2068 1226 2107 solet,
1249 2067 1382 2098 alienam
1410 2067 1596 2098 sententiam
1617 2071 1782 2108 expectan-

1084 2116 1182 2156 tibus]
1203 2117 1341 2148 Sallust.
1357 2116 1450 2148 Hist.
1467 2126 1495 2149 1.
1511 2118 1573 2149 ‘ne
1585 2117 1672 2149 alius
1680 2119 1782 2150 alium

1086 2166 1276 2207 principem
1299 2170 1522 2207 expectantes
1543 2168 1782 2210 antecapiarni-

1086 2216 1131 2248 ni.
1176 2217 1264 2249 Cato
1277 2217 1368 2257 apud
1384 2216 1528 2249 eundem
1544 2218 1621 2249 Cat.
1638 2227 1715 2259 cap.
1729 2221 1783 2250 52.

1086 2266 1209 2297 inertia
1224 2270 1260 2297 et
1282 2266 1427 2297 mollitia
1448 2266 1550 2298 animi
1572 2267 1658 2299 alius
1680 2268 1782 2300 alium

1086 2321 1309 2357 expectantes
1324 2316 1551 2349 cunctamini.⁸

1131 2367 1210 2398 Cum
1230 2377 1262 2398 se
1283 2367 1410 2407 quisque
1432 2367 1532 2398 minus
1555 2367 1697 2399 idoneum
1710 2378 1783 2399 auc-

1085 2419 1185 2448 torem
1209 2417 1363 2458 crederet]
1389 2417 1463 2448 Liv.
1485 2425 1539 2449 tx.
1563 2418 1574 2435 ‘
1590 2418 1675 2450 Cum
1698 2418 1783 2450 alte-

1087 2477 1160 2499 rum
1177 2468 1316 2509 quisque
1330 2467 1438 2508 magis
1453 2467 1577 2499 mentis
1591 2471 1783 2509 compotem

1089 2522 1125 2549 et
1141 2517 1274 2548 consilii
1289 2515 1477 2548 ducerent-³

1132 2567 1278 2598 Panthus
1298 2568 1384 2598 clara
1406 2575 1494 2598 voce:
1516 2566 1611 2606 Apud
1632 2574 1695 2606 eos,
1721 2566 1782 2607 ait,

1095 2617 1208 2658 Ulysse
1222 2616 1422 2656 verbasacis]
1444 2616 1499 2647 Ita
1523 2616 1631 2647 visum
1654 2621 1709 2648 est
1732 2616 1783 2648 in-

1089 2670 1296 2707 terpungere
1312 2665 1401 2697 hunc
1427 2666 1550 2705 locum,
1577 2674 1652 2696 eum
1681 2666 1783 2707 vulgo

1090 2716 1271 2748 ederetur:
1292 2717 1302 2734 ‘
1318 2715 1470 2747 Panthus
1486 2715 1579 2745 clara
1593 2723 1676 2746 voce
1692 2715 1782 2756 apud

1091 2776 1148 2798 eos
1165 2767 1213 2798 ait
1226 2765 1247 2797 :'
1264 2771 1299 2797 et
1313 2766 1407 2806 pejus
1424 2765 1466 2796 ab
1484 2765 1576 2796 aliis:
1605 2769 1615 2783 ‘
1631 2764 1784 2797 Panthus

1093 2815 1182 2857 apud
1199 2825 1257 2847 eos
1273 2815 1365 2847 clara
1381 2823 1462 2845 voce
1479 2813 1549 2845 ait.'

1135 2867 1207 2906 §25
1234 2865 1318 2897 Nam
1338 2864 1367 2896 is
1387 2864 1469 2896 inter
1490 2865 1610 2905 regulos
1631 2873 1700 2896 cum
1720 2864 1783 2896 vir·
