1889 3194
267 318 350 359 502

270 423 383 464 Ecce
398 422 565 473 hostes,
586 422 677 464 vidi
697 423 867 465 ratibus
887 425 1050 463 tectum
1072 434 1206 471 mare,
1223 421 1403 475 jamque

658 490 878 541 Querulas
897 490 1015 530 tollit
1033 489 1158 542 plebs
1179 490 1356 530 credula
1375 502 1519 539 voceS,

269 490 407 531 Littus
426 490 597 532 habent.

777 327 977 360 JOSEPHI
1011 327 1175 358 lSCANI

1616 421 1700 463 120

269 556 334 598 Ac
355 558 479 611 pueri
494 558 694 612 lacrymis
714 561 874 598 matres
894 561 937 598 et
953 569 1066 598 voce
1089 557 1227 597 secuti

265 622 555 673 Contendunt‚
576 624 848 677 gemitusque
869 627 1055 677 aequant,
1076 627 1324 676 acuuntque
1341 623 1584 665 tumultum.

320 690 503 740 Hector,
522 695 570 732 ut
591 690 813 744 Europam
834 691 944 732 totis
964 690 1126 732 adnare
1148 691 1308 731 carinis

269 757 438 807 Audiit,
460 757 662 798 extimuit
682 758 886 810 paulum:
916 770 1023 799 mox
1043 761 1189 798 mente
1209 757 1393 799 reducta

1619 757 1704 799 125

266 823 442 874 Colligit
462 823 504 863 in
519 823 633 863 vires
654 824 859 874 animum,
878 836 1081 877 seseque,
1100 823 1219 877 quod
1238 823 1396 864 ardens

264 890 389 930 Ausa
406 889 554 942 fugam
575 890 731 939 virtus,
753 891 981 943 peregrino
1002 891 1129 944 pulsa
1149 891 1302 931 timore

263 955 470 1006 Cesserit,
489 956 678 1009 incusat3
709 957 824 1011 rapit
844 957 962 998 ilicet
983 970 1118 1007 arma,
1136 970 1217 998 nec
1239 970 1390 1010 agmen

266 1023 497 1076 Expectat,
520 1023 733 1078 solusque
753 1023 934 1065 effracto
952 1024 1143 1074 cardine,
1165 1025 1285 1065 solus

264 1090 446 1133 Evolat:
477 1090 663 1133 exiliunt
683 1092 860 1145 pariter,
880 1092 1100 1145 longeque
1121 1092 1263 1133 secuti

1620 1093 1704 1134 130

263 1158 488 1211 Stipantur
504 1157 699 1212 Phrygii,
722 1172 870 1200 saevos
889 1158 1108 1200 diffibulat
1128 1160 1277 1199 urbem

263 1225 421 1265 Murus
440 1225 483 1265 in
505 1238 722 1278 egressus.

782 1225 846 1267 At
865 1226 942 1267 vix
963 1227 1045 1266 iter
1064 1226 1185 1266 unda
1204 1231 1419 1267 meantum

263 1291 460 1345 Expedit
479 1296 730 1346 angustum:
763 1296 829 1334 tot
848 1293 1043 1334 millibus
1066 1305 1172 1335 arva
1193 1293 1400 1334 secundis

917 1442 1056 1475 NOTAE

306 1527 366 1555 125
405 1525 564 1556 Extimuit
586 1526 731 1565 paulum.-
761 1536 833 1557 mox
858 1531 956 1558 mente

260 1576 387 1605 reducta
405 1575 535 1614 Colligit
551 1576 584 1605 in
598 1575 678 1605 vires
688 1575 836 1615 animum]
851 1576 955 1606 Sene-

262 1634 302 1655 ca
323 1633 362 1655 ιι.
381 1626 412 1654 3.
431 1625 481 1655 De
496 1625 546 1655 ira
565 1635 574 1655 ε
594 1625 603 1640 ‘
618 1625 741 1666 Itaque
759 1631 793 1655 et
812 1625 955 1655 fortissi-

260 1683 334 1704 mus
370 1674 567 1715 plerumque
603 1675 667 1713 vir,
694 1675 771 1705 dnm
798 1680 956 1711 armatur,

262 1724 428 1764 expalluit
446 1735 452 1752 ε
478 1729 513 1754 et
537 1724 633 1764 signo
650 1734 772 1764 pugnae
798 1725 891 1765 dato,
910 1724 956 1755 fe·

260 1775 434 1806 rocissimo
457 1775 554 1805 militi
579 1776 749 1815 paululum
765 1784 873 1814 genua
890 1780 955 1806 tre-

259 1829 436 1856 muerunt:
461 1829 496 1855 et
521 1834 644 1864 magno
666 1825 873 1865 imperatori,
899 1834 956 1855 an-

260 1879 397 1915 tequam
415 1875 503 1905 inter
526 1884 561 1905 se
579 1875 669 1905 acies
686 1875 880 1914 arietarent,
897 1884 956 1905 cor

260 1924 403 1955 exiluit:
443 1931 478 1955 et
513 1925 637 1955 oratori
671 1925 956 1965 eloquentissimo,

263 1973 342 2004 dum
360 1973 400 2004 ad
427 1974 604 2006 dicendum
622 1977 850 2015 componitur,
866 1985 954 2006 sum-

261 2032 317 2054 ma
336 2023 534 2064 riguerunt.'
578 2024 633 2055 Ita
649 2023 691 2055 de
714 2025 828 2055 Leone
848 2025 955 2056 Luca-

261 2083 325 2104 nus
343 2082 368 2105 1.
405 2074 414 2090 ‘
432 2073 602 2105 AEstiferae
632 2075 756 2115 Libyes
788 2075 858 2105 viso
886 2076 956 2106 Leo

262 2123 415 2154 cominus
444 2123 551 2162 hoste,
580 2123 739 2154 Subsedit
756 2123 956 2164 dubius,to-

262 2177 331 2203 tam
353 2173 431 2204 dum
446 2174 577 2213 colligit
600 2173 681 2204 iram
701 2184 710 2204 :
735 2174 819 2204 Mox
841 2174 899 2205 ubi
920 2183 956 2205 se

261 2233 363 2254 saevae
381 2223 569 2254 stimulavit
586 2223 726 2254 verbere
744 2223 956 2263 caudae,’&c.

261 2273 408 2305 Aristot.
440 2279 553 2305 tamen
581 2274 712 2304 Histor.
735 2272 882 2305 Animal.
905 2282 957 2305 lx.

260 2325 316 2354 44.
338 2322 482 2354 οὐδέποτε
497 2322 617 2363 φεύγει,
638 2323 709 2353 οὔτε
720 2322 867 2359 πτήσσει.
890 2324 957 2354 Pa-

261 2373 332 2413 pin.
360 2382 410 2404 vr.
436 2373 478 2403 de
503 2374 721 2413 pugnaturis:
746 2373 823 2405 ‘Nil
853 2372 958 2405 fixum

261 2422 370 2463 cordi,
379 2428 530 2464 pugnant
538 2424 644 2460 exire,
656 2428 860 2465 paventque,
869 2425 958 2456 Con-

263 2474 371 2504 currit
402 2483 548 2505 summos
575 2474 762 2506 animosum
792 2473 900 2515 frigus
923 2475 958 2506 in

262 2522 380 2554 artus.’

309 2575 371 2604 129
394 2573 484 2604 Solus
500 2573 628 2614 Evolat]
659 2573 715 2604 Ita
735 2574 837 2606 Corn.
858 2574 957 2606 Man-

263 2621 328 2653 lius
358 2622 390 2653 in
415 2623 523 2654 Iliade
554 2623 643 2663 apud
662 2623 873 2655 Priscianum
893 2634 959 2656 vn.

264 2671 274 2687 ⁴
291 2671 514 2702 celerissimus
531 2672 668 2703 advolat
686 2673 839 2704 Hector:

308 2722 369 2751 130
383 2721 549 2761 Longeque
562 2723 659 2753 secuti
675 2722 839 2763 Stipantur
852 2724 958 2764 Phry-

262 2769 327 2808 gii]
350 2770 397 2800 Ut
415 2769 538 2810 Papin.
562 2779 639 2802 xix.
659 2771 771 2813 ‘fugit
794 2774 900 2804 omnis
925 2775 959 2804 in

266 2819 350 2848 imos
375 2819 489 2849 Turba
518 2820 624 2861 lacus,
648 2822 841 2864 viridesque
865 2830 959 2856 metu

266 2868 435 2908 stipantur
447 2869 480 2900 iu
493 2869 608 2910 aig-ase

1053 1529 1114 1558 131
1149 1527 1311 1568 Dzffibulat
1345 1526 1466 1566 urbem]
1500 1526 1622 1567 Papin.
1654 1535 1703 1558 vr.

1011 1576 1020 1593 ‘
1032 1577 1177 1612 Emicat,
1194 1582 1229 1608 et
1241 1582 1332 1608 torto
1348 1576 1557 1617 chlamydem
1572 1576 1705 1608 diffibu-

1010 1626 1058 1656 lat
1069 1626 1172 1656 auro!
1217 1626 1382 1657 Prudent.
1395 1626 1575 1666 Psy-cliom.
1587 1627 1597 1643 ‘
1611 1628 1704 1658 avul-

1011 1675 1056 1706 sis
1086 1675 1250 1706 exfibulat
1268 1675 1326 1706 ilia
1352 1675 1469 1706 zonis.‘
1513 1676 1629 1709 Sidon.
1656 1676 1704 1708 Α-

1011 1724 1127 1765 pollin.
1157 1733 1213 1755 ιιι.
1244 1727 1275 1755 3.
1310 1725 1320 1741 ‘
1345 1725 1542 1756 laminarum
1571 1726 1705 1757 vincula

1010 1773 1224 1805 diffibulant.'
1247 1773 1397 1805 Alcimus
1408 1773 1527 1805 Avitus
1540 1783 1589 1805 xv.
1603 1775 1612 1791 ‘
1626 1775 1705 1806 Pal-

1010 1824 1053 1854 lia
1071 1823 1254 1854 blattarum
1279 1827 1395 1863 spreto
1418 1822 1582 1855 diffibulat
1600 1824 1706 1855 auro!

1009 1874 1097 1905 Vide
1125 1876 1134 1892 ⁴
1148 1873 1322 1904 infibulare
1334 1874 1342 1887 '
1368 1874 1457 1914 apud
1482 1875 1643 1906 Festum:
1669 1880 1705 1906 et

1009 1924 1051 1955 de
1067 1924 1171 1955 fibula
1186 1924 1386 1955 Marcellum
1404 1925 1573 1956 Donatum
1597 1925 1629 1956 in
1643 1925 1705 1956 Di-

1008 1973 1147 2005 lucidat.
1165 1973 1205 2005 ad
1224 1974 1351 2005 Livium
1370 1984 1403 2015 p.
1418 1977 1470 2005 81.

1053 2026 1114 2055 132
1129 2024 1176 2054 At
1190 2024 1246 2054 vix
1260 2024 1322 2054 iter
1337 2025 1420 2055 uncia
1435 2028 1588 2056 meantum
1598 2025 1704 2066 Expe-

1009 2074 1056 2105 dit
1072 2073 1253 2113 angustum]
1275 2073 1395 2114 Virgil.
1420 2077 1428 2091 ‘
1442 2075 1542 2106 Unda
1556 2075 1706 2107 salutan-

1010 2128 1080 2155 tum
1094 2123 1121 2155 :’
1145 2129 1183 2155 ut
1200 2124 1357 2155 Nazianz.
1379 2133 1441 2156 xx.
1461 2127 1538 2157 321.
1558 2126 1615 2157 τοῦ
1627 2126 1707 2157 λαοῦ

1008 2173 1159 2212 πέλαγος.
1191 2174 1312 2215 Papin.
1328 2179 1337 2192 ‘
1350 2173 1478 2206 foribus
1493 2175 1706 2211 immissasu-

1010 2225 1127 2265 perbis
1142 2224 1244 2256 Unda
1265 2223 1382 2256 fremit
1394 2224 1510 2265 vulgi)
1553 2224 1706 2257 Affluen-

1013 2281 1082 2306 tem
1111 2275 1207 2306 illum
1237 2284 1423 2315 numerum,
1454 2280 1494 2306 ut
1524 2275 1706 2307 Suetonius

1012 2329 1123 2364 vocat,
1138 2323 1231 2355 varie
1244 2324 1357 2356 Latini
1372 2329 1408 2356 et
1425 2324 1540 2356 Graeci
1552 2324 1709 2358 efferunt.

1011 2376 1021 2393 ‘
1036 2375 1184 2415 Gregem
1209 2375 1428 2414 ancillarum‚'
1453 2375 1590 2407 Terent.
1622 2376 1708 2408 ‘nu-

1010 2425 1093 2465 bes‚’
1107 2429 1116 2442 ¹
1128 2425 1282 2465 nimbus,’
1297 2429 1307 2443 ‘
1321 2424 1462 2465 globus:
1480 2425 1604 2465 ‘gensss
1619 2425 1707 2456 ‘ma-

1011 2473 1286 2510 nus‚’‘examen‚'
1299 2473 1435 2510 ‘mons,'
1446 2474 1456 2491 ‘
1465 2473 1626 2514 agmen‚’‘
1636 2480 1707 2506 tur-

1012 2524 1081 2564 b0‚’
1099 2525 1221 2566 passim
1238 2524 1368 2556 Poetae.
1383 2526 1392 2542 ⁴
1407 2524 1521 2555 Imber
1531 2524 1707 2562 rosarum,'

1011 2574 1217 2605 Claudianus
1232 2584 1240 2605 ε
1259 2574 1268 2591 ‘
1283 2574 1402 2613 vulgus
1418 2573 1616 2609 stellarum,’
1633 2574 1708 2605 Ma-

1011 2624 1132 2655 nilius:
1159 2622 1391 2665 ‘tempestas,'
1413 2623 1531 2654 Silius:
1555 2623 1705 2663 ‘spirae,'

1013 2674 1155 2714 Ennius,
1176 2678 1215 2705 nt
1235 2673 1376 2713 exponit
1393 2672 1513 2704 Festus
1535 2672 1569 2703 iu
1594 2673 1706 2713 Spira.

1013 2724 1022 2740 ‘
1039 2723 1220 2762 scaturigo
1250 2720 1489 2760 formicarum,’
1521 2721 1706 2762 Apuleius:

1013 2773 1023 2790 ⁴
1039 2772 1122 2803 aerii
1137 2770 1275 2812 populi,'
1286 2779 1377 2811 aves,
1393 2770 1544 2801 Manilio.
1573 2771 1707 2803 Sidoni-

1014 2833 1052 2854 us
1068 2824 1078 2840 ‘
1091 2823 1255 2854 scelerum
1274 2820 1444 2862 populus.'
1472 2822 1605 2862 Florus,
1621 2824 1630 2840 ‘
1646 2833 1704 2864 po-

1014 2871 1112 2913 pulus
1137 2870 1304 2903 virorum.’
1347 2870 1520 2912 ‘Populus
1544 2872 1710 2914 piscium,’
