1889 3194
547 306 609 336 DE
648 306 802 336 BELLO
835 305 1062 336 TROJANO
1098 305 1193 337 [ΑΒ.
1227 307 1289 335 Vl.

1563 295 1643 336 541

205 400 381 442 Cedunt
403 399 560 441 aestivo
582 398 792 452 fugientia
805 398 966 452 jugera
984 401 1137 439 vento.

259 465 471 515 Ultimus,
495 465 663 506 effracti
685 465 883 507 tardatus
903 465 1080 506 vulnere
1097 476 1267 514 currus,

202 533 395 575 Cardine
406 532 500 586 jam
522 533 673 573 clauso
695 532 843 573 socios
864 531 1079 585 poscebat
1098 530 1224 572 Iolas
1264 577 1268 580 ,

1562 530 1647 572 365

201 600 470 653 Ingressum,
492 600 659 653 periere
681 612 854 652 preceS‚
875 612 932 640 en
955 599 1106 640 Pelias
1127 598 1259 640 hasta

200 667 487 708 Transactum
511 666 648 719 affigit
668 666 849 715 foribus,
871 670 1100 720 portaeque
1121 665 1314 707 maritat.

199 733 413 782 Tandem,
436 738 580 774 castra
599 733 707 773 licet
725 732 868 786 longe,
891 733 1109 786 paucique
1132 736 1384 787 sequantur,

202 799 321 840 Urbs
336 800 486 854 juxta,
508 799 625 841 cedit
647 800 724 841 vix
748 804 965 840 exorante
987 799 1207 841 Minerva.

258 866 466 908 Crastina
484 866 704 908 luctificos
724 870 884 908 moesto
904 866 1130 907 thermone
1146 866 1324 920 jugales

1563 867 1646 908 370

199 933 295 975 Vix
316 932 487 975 Aurora
507 937 653 975 movet
670 947 679 975 :
709 946 932 986 nunquam
952 937 1037 974 tam
1061 933 1248 986 prodiga
1268 934 1390 983 roris,

200 1000 312 1042 Tam
334 1001 452 1054 large
477 1001 660 1043 satiavit
680 1013 824 1053 agros,
847 1004 998 1054 stupet
1018 1001 1140 1042 ebria
1160 1000 1295 1041 tellus

201 1066 302 1108 Hos
323 1068 484 1108 imbres
506 1081 592 1109 non
612 1080 748 1122 passa
767 1068 904 1121 prius,
926 1068 990 1107 sic
1009 1068 1145 1108 ubere
1167 1067 1274 1108 fietu

201 1134 369 1175 Natum
391 1140 547 1188 questa
566 1148 725 1188 parens
749 1147 761 1175 ε
789 1135 892 1176 huic
914 1134 1108 1186 adgemit
1128 1135 1228 1176 axis
1250 1140 1447 1189 uterque,

200 1200 303 1242 Lux
324 1202 506 1256 pallens,
526 1202 682 1243 lacerae
700 1203 855 1251 nubes,
876 1204 918 1242 et
939 1202 1089 1243 saucia
1109 1202 1212 1243 coeli

1558 1202 1645 1244 375

200 1267 373 1318 Forma,
393 1282 476 1310 nec
500 1268 642 1310 Idalio
664 1269 804 1323 spirat
825 1268 959 1309 decor
977 1268 1144 1321 integer
1166 1273 1304 1309 astro.

198 1333 436 1375 Tithonum
459 1347 693 1389 superesse
716 1335 846 1388 piget,
867 1347 1147 1389 poscensque
1171 1336 1420 1389 sepulcrum

200 1399 306 1441 Odit
325 1401 540 1443 victuram
562 1413 640 1454 per
660 1401 828 1443 saecula
847 1402 976 1454 longa
997 1401 1211 1443 cicadam.

807 1528 923 1541 cccccc

928 1528 1046 1541 ‘‘‘‘‘‘

240 1615 303 1645 370
329 1612 458 1645 Temone
474 1613 630 1646 Dresem.
670 1613 760 1648 Vide
777 1622 848 1648 not.
876 1615 1035 1648 Thernone
1051 1614 1139 1648 Edd.
1155 1615 1263 1648 Basil.
1278 1619 1313 1648 et
1330 1615 1505 1658 Spondan.

857 1720 997 1754 NOTAE

238 1796 301 1826 367
319 1794 487 1836 Portaeque
501 1795 646 1838 maritat]
661 1796 761 1828 Γλυκὺ
776 1798 896 1837 σχῆμα.

199 1845 324 1877 Catuli.
349 1846 358 1862 ‘
371 1845 419 1877 At
444 1846 472 1876 si
494 1844 583 1878 forte
603 1846 722 1879 eadem
739 1852 791 1878 est
807 1848 897 1879 ulmo

198 1895 383 1936 conjuncta
398 1895 544 1927 marito.’
601 1897 722 1930 Claud.
738 1896 781 1928 de
798 1898 896 1939 Mag-

198 1950 291 1985 nete,
316 1944 532 1986 ‘ferrumque
563 1947 702 1978 maritat
728 1946 822 1979 Aura
846 1952 896 1979 te-

198 1994 292 2027 nax!
308 1995 437 2027 Auctor
449 1996 619 2037 pervigilii
633 1996 799 2028 Veneris:
816 1998 826 2014 ‘
840 2006 898 2029 ne-

199 2054 272 2076 mus
285 2045 424 2077 Cornam
436 2045 573 2078 resolvit
586 2046 628 2078 de
640 2047 771 2078 maritis
784 2047 898 2078 imbri—

200 2093 288 2125 bus.’
330 2093 418 2125 Item
433 2105 442 2125 ε
466 2096 475 2112 ‘
490 2095 532 2125 In
548 2095 658 2127 sinum
674 2097 822 2128 Maritus
837 2097 898 2128 im·

200 2144 262 2175 ber
290 2144 390 2177 fluxit
418 2147 514 2178 almae
550 2147 731 2187 conjugis.'
775 2148 897 2179 Horat.

200 2198 209 2211 ‘
225 2194 301 2234 lege
318 2195 462 2226 marita!
506 2196 593 2227 Vide
604 2196 765 2236 Scaliger.
777 2196 819 2228 ad
836 2196 899 2228 Ca-

201 2244 278 2275 tull.
293 2254 327 2284 p.
343 2246 398 2276 94.
413 2243 623 2276 Prudentius
640 2246 673 2276 in
689 2245 895 2286 Apotlieosi:

200 2295 210 2310 ‘
228 2293 398 2325 Intactam
422 2294 559 2325 thalami
578 2294 684 2326 virtus
706 2294 820 2326 divina
838 2305 899 2336 pu-

201 2343 301 2374 ellam
315 2343 455 2374 Sincero
472 2341 586 2375 afflatu
602 2353 664 2384 per
679 2344 812 2376 viscera
826 2354 898 2376 cas-

203 2396 239 2423 ta
261 2392 423 2424 maritat.’
476 2392 534 2425 Ita
554 2394 695 2426 Lucret.
713 2403 772 2426 111.
795 2395 805 2413 ‘
820 2404 898 2426 con-

195 2442 328 2482 jugium
345 2442 496 2483 corporis
512 2447 614 2483 atque
628 2443 772 2475 animae.'

247 2494 310 2523 370
336 2491 485 2523 Crastina
504 2493 654 2534 luctfficos
675 2496 782 2525 moesto
805 2493 900 2525 Ther-

202 2541 306 2582 mone]
342 2540 540 2581 Legendum
573 2544 690 2574 temone
706 2552 717 2574 .·
747 2542 838 2584 quod
864 2547 901 2574 et

203 2591 347 2623 Carolus
363 2591 517 2623 viderat:
552 2591 674 2632 Papin.
696 2596 705 2610 ‘
719 2592 835 2632 etjam
851 2595 900 2624 te·

201 2650 302 2672 mone
333 2640 453 2682 supino
478 2642 634 2682 Languet
662 2641 901 2682 Hyperboreae

204 2692 357 2732 glacialis
384 2692 532 2733 portitor
559 2692 668 2724 ursae?
714 2694 833 2726 Claud.
855 2694 899 2726 de

204 2744 390 2775 Consulatu
406 2744 546 2776 Probini
558 2749 595 2776 et
607 2743 743 2785 Olybrii
755 2755 764 2783 ;
777 2745 785 2761 ‘
798 2745 901 2776 Blan-

204 2792 278 2824 dius
308 2793 398 2825 elato
423 2799 563 2835 surgant
589 2800 723 2826 temone
739 2793 901 2835 jugales!

204 2842 333 2875 Ennius
362 2844 452 2886 apud
483 2844 633 2880 Festum,
657 2849 666 2863 ‘
682 2848 823 2886 superat
848 2849 898 2877 te·

950 1806 1005 1828 mo
1020 1796 1159 1829 stellas!
1201 1796 1290 1829 Vide
1299 1796 1464 1838 Scaligeri
1478 1798 1649 1838 conjecta-

949 1855 1027 1877 nea.

997 1898 1059 1927 3⁷1
1100 1896 1268 1936 Nunquam
1291 1898 1357 1927 tam
1388 1895 1525 1936 prodiga
1551 1896 1649 1937 roris]

953 1945 1104 1987 Propter
1119 1947 1303 1986 lacrymas:
1321 1945 1398 1978 vide
1415 1955 1454 1977 11.
1470 1949 1546 1978 203.
1570 1947 1651 1979 Alc-

950 2006 1029 2027 man
1067 1997 1157 2037 apud
1196 1995 1369 2028 Plutarch.
1404 1996 1559 2037 Sympos.
1589 2006 1648 2029 ιιι.

951 2056 1075 2086 rorem,
1098 2047 1108 2064 ‘
1122 2046 1210 2078 acris
1225 2051 1261 2078 et
1276 2047 1381 2078 Lunae
1406 2046 1508 2077 filiam
1519 2045 1529 2060 '
1543 2047 1648 2078 nomi·

951 2102 1025 2129 nat.

998 2149 1061 2178 375
1071 2145 1186 2178 Saucia
1196 2147 1266 2178 coeli
1289 2146 1420 2187 Forma]
1436 2146 1575 2178 Lucret.
1589 2155 1647 2178 ιιι.

953 2195 963 2212 ‘
976 2196 1109 2237 species
1136 2195 1228 2227 diei.'
1274 2195 1401 2226 Noster
1421 2195 1455 2226 in
1472 2204 1508 2225 re
1523 2195 1647 2227 simili:

953 2250 962 2263 ‘
974 2245 1015 2277 In
1031 2245 1135 2276 risum
1155 2245 1322 2276 redeunte
1341 2245 1418 2285 polo
1430 2244 1457 2275 :'
1480 2244 1490 2261 ‘
1508 2245 1581 2276 laesi
1597 2243 1647 2276 fa-

952 2295 1022 2326 cies
1039 2293 1190 2326 reditura
1203 2293 1339 2325 sereni.’
1355 2293 1568 2325 Sidon.v111.
1583 2294 1649 2335 Ep.

954 2347 1005 2376 12.
1016 2344 1026 2361 ‘
1042 2349 1110 2375 tam
1124 2344 1273 2375 clemens
1285 2348 1338 2375 est
1350 2343 1455 2375 facies
1468 2343 1570 2375 coeli.'
1583 2344 1649 2375 Lu·

953 2405 1029 2427 can.
1047 2403 1080 2428 v,
1097 2396 1106 2412 ‘
1119 2396 1251 2426 Laesum
1265 2394 1355 2426 nube
1369 2394 1481 2426 diem?
1504 2395 1648 2427 Cointus

954 2445 988 2475 in
1005 2444 1157 2484 ejusdem
1177 2445 1287 2476 luctus
1303 2443 1532 2484 descriptione
1546 2454 1555 2476 ι
1572 2443 1650 2476 Ἠὼς

954 2494 980 2525 δ’
1018 2492 1214 2533 ἐστενάχησε
1244 2492 1444 2533 καλυψαμένη
1473 2492 1649 2535 νεφέεσσιν,

953 2546 1017 2576 &c-
1037 2544 1095 2586 qui
1110 2553 1153 2575 ex
1168 2553 1288 2575 cruore
1304 2543 1496 2575 Memnonis
1511 2542 1649 2576 fluvium

954 2598 1071 2626 natum
1087 2594 1367 2634 comminiscitur,
1382 2603 1424 2626 ιι.
1439 2604 1472 2635 p.
1486 2597 1561 2627 218.

999 2647 1062 2676 378
1088 2645 1166 2675 Odit
1181 2644 1333 2676 victuram
1349 2654 1407 2685 per
1429 2645 1541 2676 soecula
1555 2645 1648 2684 longa

951 2694 1104 2734 cicadam]
1127 2695 1207 2735 Qui,
1238 2694 1382 2726 Aurorae
1408 2693 1585 2732 beneficio,
1612 2694 1647 2726 in

954 2744 1107 2776 cicadam
1124 2748 1272 2775 mutatus
1287 2747 1536 2784 erat,mortem‚
1549 2752 1650 2784 prop-

954 2799 1009 2826 ter
1037 2794 1187 2826 dolorem
1211 2803 1256 2826 ex
1279 2794 1374 2825 obitu
1396 2792 1471 2833 filii,
1493 2797 1648 2834 exoptat.

952 2843 1055 2878 Hunc
1079 2844 1261 2878 Tithonum
1289 2843 1419 2876 Priami
1451 2852 1647 2885 germanum
