1889 3194
580 387 643 419 DE
676 387 832 418 BELLO
866 385 1092 418 'rRoJANo
1127 386 1223 417 LIB.
1256 386 1330 417 111.

1587 374 1673 416 453

225 480 318 523 Vix
332 485 505 523 noctem
527 486 751 536 expectat,
772 494 989 536 suspenso
1009 493 1188 535 vespere
1208 480 1389 522 credens

228 548 492 603 Zelotypum
512 549 676 591 Titana
695 550 788 591 suis
808 550 942 591 livere
962 548 1186 590 secundis.

285 616 491 669 Fregerat
508 616 750 670 Hesperias
770 617 905 658 radiis
925 615 1238 670 languentibus
1259 613 1404 655 undas

225 681 439 732 Phoebus,
457 688 501 724 et
522 688 733 725 astrorum
752 684 898 725 medio
917 684 1128 738 poscebat
1147 683 1190 723 in
1212 682 1302 723 alto

226 748 381 790 Nauta
400 749 514 791 diem
531 763 542 789 :
582 751 730 801 tellus,
753 751 843 801 a’er,
857 763 992 801 mare,
1010 750 1132 791 celsa
1151 761 1353 791 remenso

226 815 474 870 Consopita
496 818 610 867 Deo,
631 820 817 872 strepitu
838 818 1048 859 defuncta
1069 818 1262 858 silebant

228 882 452 936 Undique,
473 888 516 925 et
537 885 582 925 in
604 889 776 926 teneros
793 885 1004 926 nutabant
1025 885 1116 925 otia
1135 895 1331 925 somnos.

223 948 287 991 At
309 950 438 991 Paris
459 952 672 1006 obsequio
693 953 837 993 noctis
857 952 1118 1005 praesentius
1141 951 1276 992 audet

225 1016 471 1071 Impatiens
492 1018 675 1068 differre,
697 1019 818 1060 Deos
841 1018 1145 1072 Veneremque
1166 1022 1342 1059 secutus
1359 1030 1368 1057 :

224 1084 404 1125 Primus
425 1085 480 1127 ad
503 1086 702 1127 imbelles
722 1086 917 1141 thyaSOS,
943 1089 986 1126 et
1007 1085 1154 1127 debile
1174 1085 1333 1138 vulgus

224 1149 456 1193 Armatum
474 1157 663 1194 maturat
680 1154 779 1203 iter,
800 1153 996 1194 ludentia
1015 1154 1163 1194 turbat

225 1217 352 1260 Fana
373 1219 512 1269 ferOX,
532 1232 620 1260 non
640 1220 803 1274 hospes
831 1220 1022 1273 Hymen,
1043 1232 1133 1260 non
1154 1220 1338 1272 conjuga
1358 1229 1501 1265 sacra,

224 1284 429 1339 Hospitii
447 1299 535 1327 non
556 1287 704 1328 obstat
723 1286 880 1337 honos,
902 1300 990 1328 non
1010 1287 1128 1327 ultor
1149 1286 1290 1339 iniqui

222 1350 434 1406 Asperior
453 1353 592 1393 tutela
609 1353 760 1394 Deus:
792 1358 953 1394 temere
974 1354 1121 1394 omnia
1142 1364 1343 1406 praeceps

222 1417 474 1472 Aspernata
495 1419 661 1470 Venus,
684 1420 746 1460 nil
765 1423 1020 1474 respectura
1040 1420 1258 1468 decorum,

223 1484 278 1525 In
295 1484 481 1535 facinus,
503 1489 742 1540 votumque
762 1487 864 1527 ruit.

221 1551 582 1606 Tendentemque
603 1566 762 1594 manus
779 1558 823 1594 et
842 1553 946 1595 laeta
965 1553 1111 1594 fronte
1131 1557 1363 1594 vocantem

221 1618 460 1660 Dardanus
477 1633 487 1659 :
518 1625 596 1661 aut
615 1621 783 1673 rapitur
803 1622 965 1675 potius.

222 1684 400 1736 Praedo,
420 1687 525 1736 tuis,
547 1699 737 1740 agnosce
760 1688 907 1729 Deos:
935 1691 1041 1742 post
1056 1699 1214 1741 aspera
1232 1685 1372 1726 multa

1587 678 1672 719 270

1588 1013 1674 1055 275>

1589 1347 1674 1390 280

923 1486 1063 1540 Rapit
1080 1498 1184 1539 ergo
1206 1485 1446 1526 Lacaenam

1025 1620 1211 1662 Gratare
1231 1617 1456 1671 trophaeis,
1586 1681 1672 1723 285

223 1751 463 1795 Excidium
481 1753 676 1796 luctatus
697 1755 814 1806 abis,
835 1756 1098 1810 revehisque
1119 1754 1306 1809 parenti,

826 1876 946 1890 ‘NON

262 1948 328 1979 286
348 1947 506 1980 Luc-ratus
527 1949 686 1981 Dresem.
722 1949 813 1982 Vide
829 1954 901 1982 not.

947 1875 1065 1890 eeeeee

877 2044 1021 2077 NOTAE

222 2115 332 2155 ἔρωτα,
342 2114 414 2148 τοὺς
428 2117 453 2147 δ’
477 2116 618 2158 ἐρῶντας.
651 2118 815 2151 Nazianz.
835 2129 917 2151 vere

222 2165 324 2196 Orat.
339 2174 395 2196 111.
413 2176 446 2207 p.
461 2169 514 2197 67.
528 2167 624 2199 ὅντως
638 2168 873 2208 ἀσυλλόγιστόν
887 2181 919 2201 τι

219 2216 349 2256 πρᾶγμα
362 2215 382 2253 ἦ
396 2217 534 2257 πονηρία.

262 2268 328 2297 268
350 2266 533 2307 Zelotypum
550 2267 664 2299 Titana
683 2269 748 2300 suis
763 2269 858 2300 livere
871 2279 916 2301 se-

219 2316 347 2357 caudis]
364 2316 523 2348 Juvenal.
568 2319 578 2334 ‘
590 2318 792 2359 Zelotypum
805 2320 918 2360 Hyar-

219 2364 322 2397 bam.’
365 2370 374 2384 ⁴
387 2366 547 2399 secunda
558 2366 567 2380 ’
580 2376 660 2398 vero
674 2378 736 2409 pro
751 2369 850 2400 rebus
867 2379 917 2401 se-

219 2415 354 2448 cundis.
398 2416 453 2448 Ita
475 2425 512 2448 v.
544 2417 666 2449 ‘Unde
687 2419 769 2450 nihil
787 2421 918 2458 melius,

220 2475 321 2506 quam
341 2466 425 2497 nihil
442 2467 596 2498 habuisse
612 2468 819 2502 secundum!
861 2471 918 2502 Ita

218 2514 322 2556 infra,
346 2515 503 2548 ‘Solatur
525 2517 682 2549 blandis?
725 2519 782 2551 Sic
797 2520 916 2552 Claud.

219 2565 409 2598 Honorium
427 2577 532 2599 morae
547 2568 778 2609 impatientem
795 2570 892 2611 fingit
907 2581 916 2602 :

217 2615 228 2633 ‘
242 2615 381 2648 Incusat
397 2626 476 2657 spes
493 2627 585 2658 aegra
601 2628 710 2650 moras
726 2629 735 2658 3
759 2620 917 2661 longique

218 2662 379 2698 videntur
390 2668 489 2699 Stare
501 2668 798 2711 dies‚segnemque
810 2675 916 2703 rotam

217 2724 285 2747 non
302 2717 436 2748 volvere
452 2717 606 2749 Phoebe!

259 2768 324 2797 279
348 2766 492 2807 Hospitii
505 2777 566 2798 non
580 2768 680 2799 obstat
693 2769 803 2811 honos]
828 2769 916 2802 Con-

217 2815 390 2848 tradicere
411 2817 545 2857 Dareti,
561 2822 597 2849 et
618 2828 678 2849 sua
695 2819 810 2851 vineta
831 2819 916 2852 inci-

218 2866 304 2899 dere
323 2867 470 2909 videtur‚
485 2868 551 2899 nisi
574 2868 662 2901 forte
688 2869 729 2901 ad
753 2871 914 2904 Ovidium

218 2921 256 2949 et
270 2917 412 2949 aliorum
432 2917 596 2959 figmenta
621 2919 664 2951 de
686 2919 836 2961 hospitio
860 2930 914 2953 re-

972 2118 1087 2159 spexit
1102 2129 1110 2150 :
1145 2117 1188 2150 de
1214 2126 1280 2159 quo
1307 2116 1410 2148 etiam
1433 2115 1610 2146 Manasses
1636 2123 1670 2145 in

970 2169 1114 2201 Troicis.
1475 2174 1480 2179 ·

1015 2221 1079 2250 282
1103 2218 1204 2258 Rapit
1216 2226 1289 2256 ergo
1299 2213 1478 2254 Lacaenam]
1495 2212 1669 2253 Euripidis

970 2267 1178 2300 Scholiastes
1187 2276 1228 2297 ex
1237 2265 1431 2297 Stesichoro
1442 2263 1671 2303 scribit,Tyn-

971 2318 1090 2349 darum
1103 2326 1180 2348 cum
1191 2317 1268 2348 Diis
1282 2314 1436 2345 omnibus
1448 2312 1591 2352 faceret,
1600 2314 1670 2344 Ve-

971 2367 1062 2398 neris
1077 2367 1217 2398 oblitum
1229 2364 1334 2396 fuisse
1346 2373 1356 2402 3
1378 2363 1468 2393 inam
1479 2361 1566 2392 filias
1579 2362 1668 2393 illius

970 2416 1129 2456 δι’γιίμους,
1143 2413 1322 2456 τριγάμους,
1337 2412 1389 2443 καὶ
1408 2410 1607 2452 λειπάνδρους
1620 2410 1669 2442 fe-

971 2468 1069 2507 cisse,
1084 2477 1116 2508 p.
1132 2468 1207 2498 142.

1014 2520 1077 2549 283
1114 2517 1358 2554 Tendentemque
1392 2521 1513 2547 manus,
1536 2515 1566 2542 et
1596 2512 1670 2543 loela

962 2568 1074 2608 fronte
1087 2565 1263 2606 vocantem]
1286 2563 1382 2603 Virg.
1413 2566 1422 2580 ¹
1436 2561 1668 2592 Pandentem-

971 2628 1037 2660 que
1054 2617 1144 2648 sinus
1160 2620 1196 2646 et
1213 2618 1285 2646 tota
1301 2617 1394 2644 veste
1407 2610 1609 2642 vocantem!

1013 2670 1075 2699 285
1091 2667 1169 2698 Post
1180 2673 1289 2705 aspera
1302 2662 1410 2701 multa,
1425 2661 1593 2692 Excidium
1607 2661 1669 2692 Iuc-

972 2721 1056 2750 tatus
1071 2716 1152 2756 abis]
1169 2713 1329 2747 Absurda
1344 2712 1462 2751 lectio;
1478 2711 1560 2752 quid
1576 2712 1668 2744 enim

969 2769 1082 2800 luctari
1103 2762 1284 2798 excidium?
1307 2772 1350 2794 an
1373 2766 1412 2794 ut
1434 2761 1598 2793 ‘electari
1615 2760 1667 2792 of-

967 2819 1100 2852 fensam
1110 2818 1134 2849 ?’
1148 2815 1315 2859 quomodo
1324 2813 1544 2856 Symmachus
1557 2813 1667 2854 loqui-

968 2875 1022 2902 tur
1038 2880 1046 2901 :
1079 2873 1115 2901 at
1137 2877 1239 2900 sensu
1262 2866 1355 2897 nullo
1369 2864 1480 2906 Trojae
1498 2863 1667 2905 siquidem

966 2920 1098 2963 sibique
1124 2922 1202 2960 post
1230 2916 1426 2949 diuturnam
1451 2912 1662 2946 obsidionem
