1889 3194
562 317 625 347 DE
657 315 813 346 BELLO
845 314 1070 346 TROJANO
1103 315 1200 346 LlB.
1233 316 1301 346 lv,

1569 304 1652 346 487

272 411 484 453 Protinus
504 410 642 452 effuso
664 424 742 464 per
763 413 922 461 castra,
941 423 1017 464 per
1029 422 1162 460 arma,
1177 411 1381 460 tumultu,

214 478 429 519 Littoreas
449 478 712 531 populantur
732 490 856 530 opeS‚
877 480 922 518 et
940 477 1146 530 proxima
1166 480 1301 530 ponto

215 544 386 585 Moenia
406 544 622 585 Dardanii
643 545 770 585 titulo
790 544 903 584 male
924 547 1020 584 tuta
1038 543 1228 597 tyranni.

212 610 407 651 Tandem
429 611 634 651 comestis
657 610 833 664 spoliis,
850 613 893 650 et
912 610 1048 651 divite
1067 610 1237 663 praeda,

214 675 490 717 Consumunt
509 677 663 730 inopes
683 677 860 717 flamma
879 676 1056 718 victrice
1077 676 1289 726 Penates,

1571 677 1656 718 340

213 741 283 782 Ac
304 743 467 784 classes
485 747 699 796 repetunt,
721 747 766 784 et
786 755 898 796 quas
912 742 1053 783 fecere
1072 741 1249 783 favillas

215 809 349 850 lllabi
370 810 526 850 mediis
542 810 731 862 gaudent
750 823 828 863 per
848 810 1012 851 coerula
1032 809 1160 851 velis.

269 876 420 917 Prima
438 877 537 917 tulit
556 876 757 917 Tenedos
775 876 999 928 graviores
1019 874 1169 916 militis
1185 875 1289 924 iras,

214 943 318 984 Non
335 943 455 984 solas
475 942 686 996 dequesta
703 942 838 991 faces,
858 954 944 982 non
962 946 1093 994 rapta
1109 941 1278 982 metalli

214 1009 435 1059 Pondera,
457 1010 534 1051 sed
555 1022 730 1063 prorsus
750 1008 885 1062 gladii
905 1013 1135 1050 consumta
1154 1008 1295 1048 furore

1570 1009 1656 1050 345

213 1075 456 1130 Expirasse
472 1077 618 1129 gemit,
633 1076 834 1130 jugulum
854 1088 960 1130 puer
977 1075 1159 1115 ensibus
1182 1073 1310 1114 affert

212 1143 473 1192 Imberbem,
494 1143 814 1196 tremulumque
835 1154 993 1191 seneX,
1016 1146 1062 1182 et
1081 1144 1176 1194 tyro
1193 1144 1442 1182 comantem
1460 1154 1471 1182 :

215 1209 306 1250 Hic
326 1208 513 1250 ducibus
531 1209 713 1262 strepitu
733 1208 856 1250 sedet
875 1212 1107 1262 expectare
1129 1206 1307 1260 sepulto

214 1275 343 1316 Iliaci
363 1287 573 1328 responsa
593 1275 732 1316 ducis.
779 1273 1053 1328 Calydonius
1071 1274 1197 1314 heros

215 1342 403 1383 Decreto
422 1354 645 1395 procerum
668 1341 792 1382 socio
814 1341 986 1394 legatus
1007 1340 1171 1394 Ulysse

1569 1341 1655 1383 350

217 1408 456 1461 Deligitur:
486 1409 562 1462 qui
582 1408 702 1449 dicta
719 1408 840 1459 ferat,
862 1407 938 1461 qui
959 1419 1073 1460 pace
1095 1409 1319 1460 sequestra

215 1474 308 1516 Res
333 1474 547 1524 Danaum,
569 1474 743 1528 Spartae
765 1474 972 1527 spolium,
992 1476 1253 1526 raptamque
1272 1477 1487 1527 reposcat.

270 1540 445 1582 Interea
464 1541 681 1582 AEaciden
703 1541 1031 1582 stimulantibus
1051 1539 1219 1580 excitat
1240 1540 1362 1580 ausis

212 1605 458 1660 Impatiens
478 1607 685 1660 languere
705 1606 895 1656 animus,
912 1606 1033 1647 furor
1054 1606 1209 1647 intima
1229 1606 1377 1659 pulsat

213 1672 417 1723 Martius,
438 1677 479 1715 et
498 1673 683 1714 residem
704 1686 824 1713 mens
846 1674 985 1726 arguit
1004 1672 1138 1714 effera
1158 1672 1370 1714 dextram.

1574 1671 1659 1714 355

213 1737 417 1780 Consorti
437 1740 583 1781 studio
606 1739 761 1780 similis
782 1740 1005 1793 praeconia
1017 1739 1148 1781 famae

211 1803 438 1860 Telephus
461 1805 686 1855 affectans,
702 1806 740 1847 it
758 1810 920 1847 cuncto
940 1807 1098 1848 robore
1121 1805 1296 1847 Moesos

816 1917 915 1930 ‘W

260 1973 323 2002 339
348 1971 513 2010 Congestis
537 1973 692 2004 Dresem.

1035 1917 1052 1929 O

862 2072 1005 2104 NOTAE

216 2132 368 2165 referunt
397 2133 519 2173 poelae.
543 2134 552 2152 ‘
569 2135 724 2167 Urebant
752 2140 912 2167 montana

215 2183 334 2223 nives,’
359 2184 483 2215 Lucan.
509 2193 558 2215 ιν.
580 2186 592 2202 ⁴
608 2190 644 2216 et
670 2185 763 2216 canis
789 2185 912 2216 urebat

215 2233 310 2264 Luna
335 2233 488 2273 pruinis,’
502 2233 581 2265 Val.
597 2235 738 2266 Flaccus
758 2243 799 2266 ιι.
820 2235 911 2266 Vide

215 2283 448 2323 Dausqueium
471 2282 512 2313 ad
530 2283 691 2314 Basilium
715 2284 911 2316 seleucien-

217 2341 309 2370 sem3
331 2331 619 2371 Jungermannum
643 2333 684 2364 ad
702 2333 810 2373 Longi
825 2333 910 2364 Pas-

216 2382 348 2422 toralia,
365 2391 399 2421 p.
412 2383 487 2412 223.

260 2435 323 2464 344
347 2432 419 2463 Non
434 2435 525 2472 rapta
538 2432 656 2464 metalli
670 2433 831 2475 Pondere]
852 2434 910 2465 AEs

216 2482 418 2514 Tenediam:
441 2483 450 2500 ‘
467 2481 709 2522 scaptensulae'
724 2482 813 2513 enim
827 2482 910 2513 inibi

215 2532 383 2574 plurimae‚
401 2536 438 2562 ut
455 2531 632 2562 Lucretius
648 2532 805 2573 loquitur.

258 2584 320 2613 351
347 2582 410 2617 Qui
432 2591 504 2620 pace
524 2581 695 2621 sequestra]
718 2580 807 2612 Vide
830 2581 911 2613 Fes-

217 2636 286 2664 tum
302 2631 337 2662 in
353 2632 362 2649 ‘
379 2630 585 2671 Sequester.'
618 2630 822 2662 Palmerium
836 2631 912 2672 Spi-

214 2683 270 2714 cil.
281 2684 401 2722 p.617.
413 2680 512 2721 Agel.
526 2689 588 2712 xx.
602 2683 655 2712 ll.
669 2680 825 2717 Plautus,
836 2684 846 2698 ‘
859 2690 911 2712 se-

219 2736 354 2773 questre
385 2737 518 2772 tergum
532 2731 553 2762 :’
588 2729 754 2763 Prudent.
781 2731 909 2763 ‘carne

218 2781 417 2823 sequestra)

261 2834 324 2863 352
347 2831 470 2872 Spareae
486 2830 631 2872 spolium]
652 2830 823 2862 Videntur
845 2829 911 2862 ista

965 2134 1204 2167 contradicere
1216 2135 1273 2167 lib.
1283 2144 1339 2167 ιιι.
1352 2134 1586 2176 descriptioni,
1602 2135 1659 2167 ubi

964 2185 974 2203 ‘
991 2185 1112 2216 Helaea
1124 2184 1133 2198 '
1147 2194 1270 2216 nomen
1287 2185 1391 2225 urbis,
1407 2195 1454 2217 vs.
1470 2187 1545 2216 221.

1008 2237 1072 2265 356
1095 2234 1259 2265 Praeconia
1274 2234 1374 2272 famae
1397 2233 1545 2273 Telephus
1564 2232 1659 2274 affec-

964 2284 1050 2324 tans]
1074 2283 1190 2324 Auges
1213 2288 1249 2314 et
1273 2283 1431 2314 Herculis
1454 2283 1563 2323 proles
1586 2292 1660 2314 cer-

964 2333 1042 2364 vino
1070 2334 1160 2364 lacte
1190 2332 1351 2367 enutrita,
1373 2331 1452 2369 θηλὴ
1479 2336 1515 2363 et
1544 2330 1660 2371 ἔλαφος

962 2382 1125 2423 Apollod.
1143 2392 1184 2415 n.
1207 2387 1242 2413 et
1267 2391 1325 2413 ιιι.
1352 2381 1478 2422 Hygin.
1502 2381 1536 2412 in
1560 2382 1659 2412 Tele-

963 2432 1029 2473 pho
1043 2431 1112 2464 fab.
1129 2435 1182 2464 99.
1212 2433 1269 2463 De
1285 2432 1405 2473 clypeo
1418 2431 1559 2472 Telephi
1570 2431 1659 2471 apud

963 2482 1207 2514 Philostratum
1229 2482 1337 2513 multa
1357 2492 1390 2522 p.
1402 2484 1477 2514 663.
1498 2480 1660 2519 ’γελοιότα-

963 2543 1022 2563 τον
1035 2533 1117 2564 illud
1132 2532 1220 2574 quod
1239 2540 1290 2563 vx.
1303 2541 1379 2572 cap.
1393 2531 1510 2563 ultimo
1523 2531 1658 2571 ait,Te-

960 2582 1054 2623 lephi
1068 2583 1172 2623 Mysii
1187 2581 1330 2612 animam
1343 2581 1377 2611 in
1391 2580 1558 2612 rabiosum
1578 2589 1658 2620 pue-

958 2641 1030 2662 rum
1047 2631 1225 2672 migrasse.
1269 2631 1358 2662 Vide
1381 2631 1482 2662 etiam
1498 2630 1542 2662 de
1557 2631 1659 2662 Tele-

962 2682 1029 2722 pho
1045 2681 1175 2722 prolixe
1188 2680 1460 2712 Alcidamantem
1477 2680 1656 2712 Oratorem

959 2731 994 2762 in
1017 2731 1234 2763 accusatione
1255 2729 1448 2762 Palamedis
1469 2740 1503 2771 p.
1530 2732 1602 2762 184.
1620 2735 1656 2762 et

959 2780 1164 2816 Strabonem
1178 2788 1261 2812 xm.
1274 2789 1306 2821 p.
1320 2781 1394 2811 423.
