1889 3194
325 326 410 367 480
837 337 1041 367 Jossspnr
1076 337 1238 367 lsmm

328 432 530 481 Pectora,
547 436 595 472 ut
616 433 659 472 in
680 432 846 473 fatuum
868 432 1087 472 declinent
1107 432 1287 484 pronius
1307 444 1448 472 usum.
1680 431 1766 472 240

325 496 389 538 At
404 498 574 548 melius,
594 511 648 538 ne
668 499 766 539 labe
785 497 871 538 levi
890 510 1016 538 mens
1038 503 1162 538 casta
1183 497 1365 546 labaret,

327 562 572 616 Augurium
592 564 789 605 nescisse
808 564 906 614 fuit,
920 567 1203 616 veterumque
1224 564 1384 616 sepulti

329 630 575 672 Cessissent
594 632 700 672 ritus
718 644 728 671 ε
763 644 950 684 quorum
971 631 1143 671 decreta
1162 630 1303 671 secuti

329 695 594 749 Grajugenae
615 697 795 737 summis
818 696 999 737 oracula
1020 696 1237 749 Delphica
1257 696 1376 736 votis

330 763 587 815 Implorant‚
608 763 727 815 prior
746 762 956 804 AEacides
976 763 1210 803 lictoribus
1232 774 1331 802 aras
1681 760 1768 800 245

330 827 497 876 Ambit,
518 833 560 869 et
573 828 653 868 has
675 828 803 868 donis
825 827 1002 869 tandem
1021 828 1279 868 solennibus
1301 832 1442 868 emtas

334 892 558 934 Inachidis
580 907 715 935 voces
735 895 891 947 pandit
910 895 1079 936 venalis
1102 893 1267 947 Apollo
1287 907 1296 934 ε

387 959 592 1009 Vincitis‚
608 962 770 1002 ultores
792 961 951 1011 Danai,
965 974 1095 1014 grave
1114 960 1255 1001 Marte
1273 961 1443 1001 bilustri

333 1026 491 1068 Haeret
511 1040 644 1080 opus,
664 1027 883 1069 decimum
899 1029 1098 1081 sequitur
1117 1028 1305 1069 victoria
1325 1028 1503 1068 bellum.

386 1093 570 1135 Talibus
593 1094 801 1135 AEacides
821 1094 924 1135 fatis
945 1095 1135 1143 excitus,
1155 1094 1199 1134 in
1221 1106 1374 1134 omnes
1686 1092 1772 1133 250

333 1160 557 1201 Secretum
580 1161 803 1215 tripodum
827 1161 974 1202 socios
995 1160 1191 1214 partitur,
1212 1165 1255 1200 et
1273 1173 1379 1201 ecce

331 1226 613 1268 Thestorides
635 1227 827 1268 Calchas
847 1227 1005 1268 mediis
1027 1239 1288 1279 congressus
1309 1227 1356 1266 in
1377 1226 1531 1275 antris,

334 1293 677 1347 Concordesque
699 1295 822 1335 Deos
841 1298 885 1336 et
905 1306 1097 1334 consona
1117 1294 1211 1334 fata
1229 1293 1431 1334 revolvit.

335 1359 428 1401 Hic
450 1360 603 1414 patriae
623 1364 665 1401 et
684 1361 871 1415 propriis
893 1361 1098 1402 scitatum
1120 1359 1303 1400 oracula
1318 1360 1464 1411 regnis

334 1425 543 1476 Venerat,
561 1426 729 1480 hosque
752 1427 896 1480 adytis
912 1428 1103 1468 monitus
1123 1425 1279 1467 effudit
1298 1425 1467 1466 eisdem
1691 1423 1776 1464 255

336 1493 510 1534 Numen
525 1493 667 1533 idem:
698 1493 816 1542 Non,
837 1506 864 1534 o
886 1494 1067 1546 Superis
1087 1492 1332 1545 gratissime
1354 1495 1492 1542 vates,

336 1558 466 1599 Vana
489 1560 619 1612 petis,
641 1559 815 1601 dabitur
828 1559 981 1612 patriis
1000 1559 1257 1599 clementior
1275 1557 1351 1598 a'er

338 1625 497 1675 Sulcis,
513 1625 650 1679 jejuni
671 1626 902 1679 populator
919 1625 1058 1666 Sirius
1081 1626 1184 1665 anni

340 1690 541 1739 Occidet,
562 1695 603 1732 et
620 1692 763 1745 plenis
783 1692 1071 1744 pinguescent
1090 1691 1308 1731 messibus
1329 1691 1436 1742 agri.

340 1757 466 1798 Tolle
488 1771 648 1808 moras,
669 1763 710 1798 te
730 1758 847 1799 bella
865 1761 1044 1807 vocant,
1064 1761 1162 1810 pete
1184 1756 1395 1810 Cecropis
1415 1757 1579 1806 urbem,
1694 1755 1780 1797 260

339 1823 535 1865 Ultrices
556 1824 742 1878 dispone
759 1825 878 1865 acies
899 1837 909 1862 :
938 1824 1018 1864 tibi
1038 1824 1199 1864 bellica
1215 1824 1341 1865 cedet

340 1890 491 1931 Turba
505 1903 648 1940 manu,
670 1891 860 1944 Mopsus
881 1891 1037 1940 oculis,
1057 1895 1100 1931 et
1118 1895 1294 1943 pectore
1316 1889 1497 1931 Nestor.

341 1956 450 1997 Sera
470 1957 663 2009 quidem,
679 1958 899 2010 saevisque
920 1957 1059 1998 virum
1079 1956 1311 1997 mercanda
1331 1957 1466 1997 ruinis

343 2022 576 2063 Inachidas
593 2023 727 2063 lustro
749 2023 906 2064 ditabit
927 2023 1074 2077 palma
1093 2022 1301 2063 secundo.

397 2088 512 2141 Ergo
532 2089 690 2130 hilares
706 2090 853 2130 socias
867 2089 1055 2143 jungunt
1075 2090 1118 2130 in
1140 2089 1305 2130 foedera
1326 2088 1505 2129 dextras
1693 2087 1780 2129 265

942 2215 1182 2228 Ooeeueeeeoo

386 2284 449 2313 246
474 2281 588 2312 imbuit
606 2281 764 2312 Dresem.

996 2375 1136 2408 NOTAE

385 2452 447 2481 245
472 2449 646 2480 Lictoribus
660 2458 731 2481 aras
744 2449 868 2491 Ambit]
887 2448 967 2480 Dixi
981 2458 1039 2481 ιιι.
1093 2453 1180 2480 trum
1197 2457 1217 2479 a
1228 2447 1312 2489 fluo)
1336 2448 1346 2466 ‘
1359 2448 1424 2479 hoc
1434 2450 1497 2489 est,
1510 2446 1684 2487 solvendo,
1697 2447 1787 2488 quod

344 2504 375 2532 9.
1092 2498 1209 2538 quinto
1225 2507 1357 2538 qnoque
1373 2506 1461 2528 auno
1476 2496 1670 2536 vectigalia,
1684 2499 1720 2527 et
1740 2496 1789 2527 ul-

386 2551 449 2580 254
473 2549 616 2589 Propriis
625 2550 769 2581 scitatum
784 2551 906 2581 oracula
921 2548 1041 2589 regnis]
1092 2550 1147 2577 tro
1163 2547 1293 2578 tributa
1307 2555 1369 2586 per
1378 2554 1536 2577 censores
1548 2543 1788 2585 persolveban-

345 2598 467 2638 Virgil.
479 2598 662 2630 ‘Scitatum
672 2599 810 2630 oracula
822 2599 943 2630 Phoebi
957 2600 1039 2630 Mit-
1093 2594 1173 2626 tur!
1213 2594 1382 2635 Josephus
1408 2593 1560 2633 Scaliger
1580 2593 1722 2623 lustrum
1738 2603 1790 2623 κυ-

345 2648 468 2678 timim
1093 2644 1162 2686 ρίως
1186 2645 1229 2676 de
1250 2642 1471 2685 quadriennio
1495 2646 1532 2673 et
1557 2641 1656 2673 initio
1678 2643 1789 2683 quinti

388 2699 451 2727 264
483 2697 648 2728 Inachidas
675 2698 772 2728 lustro
801 2697 913 2728 ditabit
937 2698 1040 2737 palma
1094 2694 1234 2734 accipit,
1246 2702 1342 2734 quam
1357 2691 1557 2723 sententiam
1568 2691 1641 2723 Jos.
1652 2691 1789 2732 quidem

346 2747 490 2785 secundo]
515 2747 524 2762 ‘
540 2746 722 2782 Lustrum:
737 2751 774 2777 ut
787 2747 895 2777 Varro
919 2747 966 2777 ait
980 2746 1039 2777 lib.
1095 2743 1245 2776 Castalio
1271 2743 1370 2783 plane
1392 2739 1549 2781 plumbeo
1574 2740 1720 2781 pugione
1731 2739 1788 2780 ju·

352 2803 386 2822 v.
401 2793 444 2823 de
460 2795 557 2834 Ling.
576 2796 687 2826 Latin.
711 2796 720 2812 ‘
734 2796 941 2826 nominatum
958 2800 1041 2825 tem·
1097 2794 1212 2834 gulare
1229 2791 1356 2823 frustra
1371 2793 1523 2822 conatur.

351 2851 412 2882 pus
428 2843 672 2884 quinquennale
689 2853 709 2876 a
726 2844 869 2875 luendo'
893 2844 950 2884 (ut
965 2842 1043 2874 flus-
