1889 3194
537 314 599 344 DE
634 313 790 343 BELLO
823 313 1050 343 TROJANO
1084 312 1178 342 Lm.
1212 313 1278 343 vl.

177 405 407 447 Psittacus
429 406 628 449 inscribit
649 408 818 461 apices,
839 407 1079 461 philomela
1100 410 1317 460 precatur,

1535 302 1619 342 543

1536 405 1620 446 385

177 472 357 525 Plangit
375 473 482 523 olor,
504 478 646 515 turtur
665 475 807 524 tinnit,
826 474 856 515 J
861 475 1046 515 unonius
1067 474 1158 514 ales

178 539 406 580 Lustrales
426 553 662 593 sparsurus
685 554 826 594 aquas
846 541 1137 594 properabat:
1169 543 1216 579 at
1231 539 1347 579 omni

178 605 304 646 Dura
324 606 506 659 Phrygi,
528 613 711 649 revocat
730 611 874 648 motas
895 607 1101 648 Saturnia.
1120 618 1299 660 pennas.

236 671 367 714 Forte
387 673 415 714 J
420 674 491 715 ovi
512 674 702 715 referens
720 674 978 716 Telchinum
997 674 1095 722 tela,
1116 672 1292 714 redibat

827 816 969 848 NOTAE

176 898 336 930 Schottus
348 898 398 930 vir
414 898 535 931 doctus
549 910 680 932 versum
692 901 785 932 illum
804 911 876 932 ver-

178 952 266 983 tens,
299 948 442 985 Ἀηδόνες
470 949 627 992 λέσχῃσιν
657 951 875 990 ἐγκαθήμεναι.

176 1000 186 1015 ‘
204 998 366 1030 Lusciniae
397 1001 471 1032 loco
497 1001 684 1033 insidentes
716 1001 876 1042 publico!

177 1047 234 1079 Sic
248 1049 337 1080 idem
350 1050 513 1081 Horatius
523 1052 532 1068 ‘
544 1051 784 1083 vindemiator’
797 1062 876 1093 qna-

179 1101 257 1129 tuor
265 1098 414 1139 syllabis,
426 1109 449 1130 1.
463 1100 536 1131 Sat.
546 1103 576 1131 7.
587 1106 623 1131 nt
636 1103 645 1119 ‘
657 1100 878 1132 Nasidienus'

178 1157 220 1179 11.
241 1148 313 1180 Sat.
329 1151 361 1180 8.
376 1150 526 1191 quamvis
547 1150 659 1181 Acron
682 1151 878 1182 Vindemator

178 1199 284 1238 legat.
305 1199 362 1231 Sic
374 1200 525 1231 Catullus
541 1202 550 1218 ‘
566 1199 788 1232 Formianus.’
820 1200 877 1231 lta

176 1250 185 1265 ⁸
200 1248 394 1279 Fluviorum
424 1258 483 1280 rex
514 1249 704 1288 Eridanus‚'
736 1254 775 1280 ut
802 1250 876 1280 vult

177 1297 342 1328 maximus
361 1298 511 1337 Scaliger
527 1298 569 1329 ad
593 1298 719 1329 Catull.
747 1308 781 1339 p,
801 1301 874 1329 121.

178 1346 236 1377 Sic
249 1347 413 1379 Lucilius:
431 1347 440 1364 ‘
454 1348 608 1378 Malu'isti
622 1348 712 1379 dici.'
734 1349 743 1365 ‘
755 1348 877 1379 Graece

178 1404 258 1436 ergo
273 1396 406 1427 Praetor
418 1396 570 1435 Athenis,
583 1397 623 1427 Id
637 1397 725 1438 quod
740 1398 876 1428 maluis-

178 1445 226 1477 ti!
241 1445 342 1477 Ovid.
353 1455 412 1477 xv.
422 1447 508 1478 Met.
518 1448 527 1464 ‘
537 1447 622 1478 Inde
633 1448 715 1487 legit
727 1448 876 1487 Capreas

179 1495 513 1537 promunturiumque
535 1497 728 1532 Mine1·vae,’
753 1506 807 1529 111.
834 1497 876 1528 de

179 1546 293 1577 Ponto
309 1546 361 1577 El.
378 1548 409 1577 4.
439 1548 448 1564 ‘
463 1546 624 1577 AEneidos
653 1547 723 1578 vati
748 1547 876 1587 grande

178 1595 302 1628 fuisset
314 1598 422 1627 onus.'
442 1597 450 1613 ‘
466 1596 645 1628 Fluctuat'
663 1598 802 1628 Lucret.
819 1606 876 1628 ιιι.

179 1646 394 1686 bisyllabum.
418 1646 587 1678 Prudent.
599 1656 641 1679 ιι.
657 1651 774 1678 contra
786 1648 878 1688 Sym.

179 1699 189 1715 ‘
207 1707 282 1729 cum
313 1698 490 1739 pulchrum
527 1697 646 1729 Poesis
675 1698 881 1729 castraverit

180 1746 298 1788 Atyn!
352 1748 459 1779 Plura
497 1749 653 1788 exempla
681 1753 759 1780 sunt
788 1748 880 1789 apud

181 1797 381 1830 Lambinum
394 1807 419 1829 1.
431 1799 544 1830 Sat.'7.
558 1799 709 1830 Horatii.
750 1798 881 1839 Planat]

183 1846 400 1884 Καταλεαίνει,
423 1847 568 1887 διομαλίζ
566 1860 604 1880 ει.

222 1900 284 1929 385
308 1898 482 1930 Philomela
502 1898 664 1939 precatur]
688 1898 881 1939 Distinguit

182 1947 406 1979 Philomelam
434 1958 454 1979 a
479 1949 646 1988 luscinia;
670 1948 816 1980 fortasse
829 1959 880 1980 re-

182 1997 286 2038 spicit
303 1997 345 2029 ad
374 1998 466 2029 illam
480 1998 644 2029 Varronis
676 2002 711 2029 et
739 1998 879 2039 Gorgiae

182 2047 401 2082 sententiam,
416 2047 472 2088 qui
485 2047 705 2078 Philomelam
720 2047 755 2077 in
770 2047 881 2078 hirun-

182 2096 310 2136 dinem,
332 2096 504 2137 Prognem
525 2097 557 2127 in
580 2097 752 2128 lusciniam
770 2102 880 2128 muta-

185 2150 252 2177 tam
271 2146 401 2186 volunt,
415 2146 502 2186 qnod
520 2150 555 2177 et
578 2146 804 2186 Apollodorus
819 2147 879 2177 lib.

183 2204 243 2226 ιιι.
260 2205 294 2236 p.
313 2197 385 2226 199.
399 2195 530 2226 scribit.
581 2195 670 2226 Vide
682 2195 847 2227 Jacobum
861 2205 880 2226 a

183 2245 294 2277 Cruce
303 2245 442 2286 Sylloge
457 2254 512 2276 111.
527 2254 561 2285 p.
572 2247 647 2276 664.
661 2246 880 2276 Bernartium

186 2295 229 2326 ad
244 2295 363 2335 Sylvas
380 2295 530 2335 Papinii.
573 2294 664 2325 Ante
681 2298 792 2325 tamen
809 2294 880 2325 dix-

185 2350 274 2383 erat,
305 2350 313 2362 ‘
327 2345 372 2376 Et
407 2345 544 2385 Progne
578 2354 644 2375 non
670 2354 737 2375 una
767 2344 881 2376 venit!

187 2395 334 2427 Cautum
366 2403 445 2425 vero
475 2393 674 2424 Philomelae
702 2393 778 2424 vide
804 2403 880 2434 gra-

186 2445 284 2486 phice
300 2444 478 2484 depictum
493 2453 513 2474 a
529 2443 654 2479 Plinio,
671 2445 768 2473 x.29.
783 2442 881 2482 cujus

185 2494 411 2526 imitationem
443 2492 595 2533 ἐμμέτρως
626 2492 762 2524 Nathan
793 2492 882 2532 Chy-

186 2550 293 2577 traeus
317 2545 351 2575 in
375 2545 524 2575 auctario
538 2542 636 2582 Maii,
651 2547 686 2574 et
700 2542 806 2574 Janus
820 2543 882 2572 Ta-

185 2596 321 2637 gautius
345 2597 376 2626 3.
404 2600 503 2634 parte
530 2593 741 2625 Gallicorum
764 2592 881 2632 poeta·

186 2655 273 2685 rum,
299 2654 364 2676 non
390 2644 505 2675 invitis
528 2642 637 2673 Musis
664 2642 773 2673 secuti
795 2645 883 2672 sunt.

186 2695 320 2727 Plinius
333 2694 508 2725 lusciniam
524 2693 626 2724 etiam
642 2692 820 2723 candidam
836 2690 884 2722 vi·

188 2755 259 2777 sam
275 2748 440 2776 memorat
454 2755 462 2775 :
480 2743 585 2775 Lilius
597 2741 770 2783 Gyraldus
787 2741 885 2772 lusci-

188 2795 277 2826 niam
300 2795 333 2825 in
357 2804 415 2825 ore
438 2793 623 2825 Stesichori
649 2792 884 2830 concinuisse3

188 2844 374 2876 Pausanias
398 2842 532 2875 easdem
551 2842 592 2873 ad
618 2841 749 2882 Orphei
774 2845 885 2872 tumu-

930 902 997 932 lum
1024 902 1196 933 suaviores
1212 903 1332 932 cantus
1349 898 1487 940 reliquis
1504 907 1624 929 cauere

930 951 1049 982 refert.

973 1003 1036 1032 386
1058 1001 1191 1039 Plangit
1210 998 1291 1039 olor]
1329 997 1418 1030 Quia
1435 997 1558 1027 siticen
1575 1006 1625 1028 es-

931 1059 967 1080 se
981 1049 1029 1079 sui
1046 1048 1188 1088 funeris,
1199 1049 1239 1080 ab
1255 1048 1409 1079 omnibus
1426 1047 1571 1087 antiquis
1589 1051 1625 1077 et

930 1099 1066 1130 novitiis
1099 1098 1331 1139 scriptoribus,
1368 1102 1495 1138 praeter
1529 1097 1626 1127 AElia-

930 1160 1022 1185 num,
1038 1150 1207 1180 Caesarem
1224 1149 1432 1188 Scaligerum
1461 1152 1497 1177 et
1523 1146 1626 1176 Bodi-

930 1208 1022 1237 num,
1048 1202 1209 1238 putatur-3
1229 1197 1374 1238 praeficae
1398 1197 1470 1227 sive
1494 1194 1625 1226 funerae

929 1248 1072 1278 naeniam
1098 1248 1145 1278 illi
1175 1257 1250 1278 cum
1282 1252 1413 1278 turture
1444 1245 1628 1286 assignant.

929 1298 1018 1329 Vide
1035 1298 1200 1329 Nazianz.
1215 1297 1314 1328 Orat.
1332 1299 1384 1327 34.
1402 1306 1435 1336 p.
1453 1298 1527 1326 554.

973 1351 1035 1379 387
1059 1348 1222 1379 Lustrales
1243 1356 1409 1388 sparsurus
1432 1345 1543 1386 aquas]
1571 1344 1626 1376 Ad

930 1407 1057 1428 morem
1076 1402 1241 1431 veterum,
1265 1402 1301 1426 ut
1318 1400 1354 1427 et
1369 1395 1509 1426 inferius
1533 1394 1630 1432 illud,

931 1447 1022 1487 ‘jam
1047 1447 1148 1486 plena
1171 1446 1279 1476 soluto
1295 1446 1389 1476 Urna
1414 1443 1510 1475 viro.'
1552 1444 1628 1474 Vir-

932 1497 1031 1536 gilius
1058 1496 1123 1527 huc
1152 1494 1237 1526 facit
1263 1504 1313 1525 vr.
1338 1495 1410 1525 AEn.
1444 1494 1453 1510 ‘
1472 1494 1628 1533 Ossaque

932 1548 1021 1578 lecta
1046 1547 1131 1578 cado
1159 1546 1246 1577 texit
1273 1545 1471 1576 Choriuaeus
1497 1544 1626 1574 aheno:

933 1597 1028 1628 Idem
1047 1601 1098 1627 ter
1111 1596 1217 1627 socios
1235 1605 1320 1635 pura
1334 1594 1543 1626 circumtulit
1569 1603 1630 1624 un-

933 1646 990 1685 da,
1013 1646 1154 1686 Sparsos
1180 1654 1256 1675 rore
1274 1644 1341 1674 levi
1358 1648 1394 1674 et
1410 1653 1503 1673 ramo
1519 1642 1629 1673 felicis

935 1696 1057 1728 olivae.'
1100 1695 1189 1726 Vide
1214 1695 1311 1735 plura
1324 1693 1415 1733 apud
1432 1693 1632 1724 Kirchman-

935 1756 1012 1777 num
1038 1746 1071 1776 in
1097 1744 1312 1783 funebribus,
1337 1752 1395 1774 111.
1411 1745 1444 1774 9.
1489 1743 1631 1773 Lustra-

934 1796 1017 1828 bant
1046 1804 1127 1826 vero
1158 1793 1301 1831 sulfure,
1328 1793 1420 1833 igne,
1450 1802 1563 1834 aqua3
1587 1792 1630 1823 de

935 1846 1056 1888 quibus
1076 1844 1174 1876 multi
1190 1844 1321 1875 multa:
1346 1849 1448 1873 cantu
1464 1843 1579 1882 etiam,
1595 1846 1633 1872 ut

934 1897 1010 1926 vult
1025 1894 1182 1925 Valerius
1200 1893 1345 1924 Flaccus
1363 1901 1417 1923 ιιι.
1434 1891 1567 1933 ‘Atque
1584 1892 1633 1923 ita

934 1943 1097 1975 lustrifico
1119 1948 1225 1974 cantu
1248 1947 1348 1973 vocat
1361 1941 1382 1980 ;’
1407 1942 1510 1972 etiam
1534 1942 1605 1972 ovis
1624 1951 1632 1971 ε

936 1995 1013 2026 vide
1029 1993 1231 2025 Marcellum
1250 1992 1421 2022 Donatum
1435 1990 1474 2020 ad
1491 1991 1633 2021 Sueton.

935 2044 1143 2084 Scaligerum
1160 2042 1202 2072 ad
1220 2043 1366 2077 AEtnam,
1380 2051 1412 2080 p.
1428 2042 1500 2072 125.
1521 2040 1632 2071 Etiam

934 2095 992 2125 Dii
1026 2092 1270 2125 lustrabantur.
1309 2091 1367 2121 Sic
1398 2090 1511 2120 Pallas
1542 2089 1632 2128 apud

933 2144 1058 2184 Papiri.
1081 2143 1113 2172 in
1138 2141 1202 2172 fine
1218 2149 1298 2171 vin.
1321 2149 1395 2170 cum
1411 2138 1552 2169 vidisset
1566 2139 1632 2178 Ty-

936 2194 1000 2225 dea
1023 2195 1032 2211 ‘
1048 2194 1124 2224 vivo
1141 2193 1364 2223 scelerantem
1382 2193 1544 2231 sanguine
1559 2188 1633 2220 fau-

934 2244 1092 2284 ces,Non
1110 2243 1198 2284 prius
1210 2246 1300 2273 astra
1315 2241 1417 2275 subit,
1435 2251 1533 2282 qnam
1546 2250 1634 2280 mys-

935 2294 1004 2325 tica
1030 2293 1172 2332 lampas,
1197 2297 1232 2322 et
1257 2291 1369 2322 insons
1398 2291 1505 2321 Elisos
1528 2290 1634 2321 multa

935 2343 1093 2383 purgavit
1112 2342 1237 2373 lumina
1252 2340 1412 2381 lympha.'
1449 2340 1558 2371 Elisos
1575 2348 1633 2370 ne-

935 2393 1005 2424 scio
1023 2402 1064 2423 an
1080 2391 1214 2430 fluvius,
1229 2391 1263 2421 in
1273 2400 1370 2431 quem
1380 2390 1553 2429 Diogenes
1567 2389 1633 2430 Cy·

935 2443 1031 2474 nicus
1053 2451 1088 2473 se
1105 2447 1273 2472 mortuum
1291 2440 1393 2480 abjici
1410 2439 1529 2478 voluit,
1546 2438 1634 2479 apud

937 2491 1133 2523 Laertium:
1163 2490 1221 2520 sed
1247 2489 1294 2520 ibi
1315 2488 1462 2520 Ἐλισσὸς
1482 2488 1608 2529 legitur
1625 2499 1634 2526 ;

937 2542 1068 2581 Ilissus,
1083 2541 1175 2581 cujus
1189 2539 1353 2580 Papinius
1369 2538 1532 2570 meminit.
1580 2539 1635 2569 De

936 2591 1033 2633 equis
1064 2590 1166 2621 etiam
1194 2588 1377 2620 certaturis
1409 2598 1496 2628 aqua
1527 2588 1635 2618 veteri

937 2639 1181 2681 superstitione
1193 2638 1347 2670 lustratis
1359 2637 1435 2669 vide
1445 2637 1635 2669 Rubenium

938 2691 1135 2722 Electorum
1151 2697 1192 2719 ιι.
1213 2690 1264 2719 18.

983 2742 1046 2770 389
1077 2739 1174 2770 Forte
1193 2737 1270 2768 Jovi
1294 2737 1429 2775 referens
1456 2735 1635 2766 Telchinum

940 2789 1017 2829 tela]
1037 2789 1088 2819 De
1097 2786 1325 2819 Telchenibus
1333 2785 1457 2817 Strabo
1468 2794 1503 2816 x.
1516 2788 1634 2826 p-325.

942 2838 1092 2880 pluribus
1109 2837 1180 2878 agit
1195 2836 1316 2870 Junius
1333 2836 1368 2867 in
1381 2834 1532 2876 Adagiis.
1571 2835 1636 2867 Ca-
