1889 3194
253 313 338 354 520

776 325 974 356 ιΙΟΞΕΡΗΙ
1011 325 1173 356 lscAM

254 417 371 471 Ergo
393 419 545 460 iterum
568 419 823 474 prohibebis
837 421 856 460 ‘l
889 419 974 461 ait:
1006 419 1281 473 stimulisque
1297 420 1471 474 jugales

255 484 535 539 Praecipitat:
566 500 651 527 non
671 487 734 527 sic
756 486 916 527 Ossaea
934 498 1011 538 per
1033 486 1171 526 ardua
1193 487 1378 529 Mavors

255 549 484 605 Armigero
504 557 662 594 terrore
682 554 780 602 ruit,
803 565 1005 594 mucrone
1025 552 1221 594 Gelonos

1613 554 1699 596 465

257 618 512 670 Fracturus,
533 620 603 661 vel
623 619 736 660 falce
757 619 912 669 Getas,
934 619 1005 661 vel
1026 620 1213 674 cuspide
1235 620 1440 663 Thraces.

256 685 387 725 Illum
409 687 486 727 ubi
501 685 746 726 fraxineum
767 686 1012 738 rapientem
1032 686 1078 727 in
1098 687 1254 740 praelia
1274 688 1411 729 telum

255 750 488 804 Agnovere
509 752 658 801 duces,
679 752 786 792 dant
805 752 924 793 illico
940 757 1060 806 terga
1075 758 1280 807 retroque

256 817 426 859 Suadet
442 819 523 859 iter
541 823 690 860 custos
713 818 874 860 animae
894 819 1048 861 timor:
1079 824 1123 862 at
1142 821 1259 862 ferus
1282 821 1450 864 Hector

255 883 487 938 Anticipat
506 886 636 926 celeri
656 884 869 938 fugientia
888 890 1073 939 pectora
1093 899 1240 936 curSU,

256 951 309 992 In
328 955 451 1004 terga
468 952 601 993 irasci
624 965 852 1006 spernens,
874 953 1047 1007 teloque
1068 954 1227 995 trabali

256 1017 552 1072 Hydomenea
567 1020 696 1074 petit,
712 1021 783 1062 cui
805 1025 949 1073 strage
969 1021 1183 1063 Leontius
1204 1033 1334 1074 aequa

256 1084 486 1128 Concidit:
518 1091 565 1128 at
584 1086 817 1128 Sthelenus
836 1087 1022 1140 fugiens,
1043 1091 1176 1141 atque
1198 1087 1398 1141 Hyfidus
1420 1087 1607 1137 instans,

256 1151 451 1206 Spiranti
473 1159 635 1195 certam
655 1155 845 1196 referunt
865 1155 908 1195 in
931 1155 1102 1196 vulnere
1123 1158 1321 1196 mortem.

315 1219 509 1262 Ultimus
532 1221 801 1262 Hectoreum
822 1222 1056 1276 Polybetes
1076 1226 1271 1263 senserat
1290 1234 1436 1262 ensem

1621 1220 1708 1262 475

257 1287 406 1329 Altius
425 1288 690 1342 impressum
704 1288 878 1342 jugulo,
898 1302 986 1330 non
1004 1289 1143 1332 defuit
1162 1301 1328 1341 augens

259 1354 518 1410 Supremam
541 1355 738 1398 Fortuna
757 1369 953 1406 manum,
974 1360 1245 1409 transegerat
1265 1368 1412 1396 armos

258 1420 503 1475 Armaque,
519 1426 561 1464 et
580 1423 627 1463 in
648 1423 841 1476 geminos
862 1423 1052 1464 discreto
1074 1435 1256 1476 corpore
1276 1426 1454 1463 truncos

260 1488 391 1529 Solus
413 1488 649 1531 inoffensus
671 1490 850 1543 clypeus
871 1490 1080 1539 restabat,
1101 1493 1142 1530 et
1161 1489 1285 1530 illum

260 1555 381 1596 Dum
403 1555 542 1596 victor
561 1559 725 1596 mutare
746 1558 888 1608 parat,
909 1556 1158 1608 laevamque
1181 1555 1396 1609 superbus

1622 1551 1708 1594 480

259 1621 474 1674 Argolica
492 1621 522 1663 J
526 1634 669 1662 unone
689 1626 855 1671 onerat,
876 1621 1019 1663 fremit
1035 1622 1181 1663 acrius
1201 1622 1279 1662 illa

263 1688 408 1729 Marte
429 1701 524 1737 suo,
543 1687 803 1740 facibusque
824 1687 854 1728 J
859 1688 955 1728 ovis
972 1700 982 1728 :

1015 1688 1081 1728 sic
1102 1700 1266 1740 pronus
1288 1687 1332 1727 in
1351 1686 1460 1728 iram

261 1754 421 1803 Sexus,
440 1754 505 1795 sic
526 1754 697 1808 priscus
718 1754 877 1794 suadet
896 1753 1047 1794 dolor:
1079 1753 1248 1795 excitat
1268 1766 1369 1806 ergo

263 1820 506 1861 AEaciden:
536 1832 624 1860 non
644 1819 719 1859 ille
741 1818 922 1873 quidem
941 1820 1172 1861 certamine
1194 1824 1317 1860 tanto

261 1888 496 1929 Tentasset
517 1884 714 1927 conferre
737 1886 844 1935 viro,
865 1886 940 1927 sed
960 1885 989 1926 J
994 1898 1082 1927 uno
1101 1890 1330 1939 negantem

1625 1883 1711 1926 485

910 2020 940 2052 N
947 2018 1054 2051 OTAE

305 2101 368 2130 468
392 2098 548 2138 Retroque
564 2096 680 2128 Suadet
696 2096 758 2127 iter
775 2098 874 2126 custos
888 2095 956 2126 ani-

261 2158 320 2179 moe
336 2147 442 2187 timor]
455 2147 500 2178 Οὐ
510 2146 572 2187 ’γάρ
587 2159 617 2177 τι
632 2147 734 2186 ψυχῆς
746 2145 835 2176 πέλει
851 2143 957 2185 ἄνδρά-

263 2209 293 2228 σι
308 2196 453 2237 φίλτερον
467 2196 562 2236 ἄλλο,
584 2201 621 2227 ut
645 2196 786 2227 Cointns
806 2194 856 2226 ait
873 2202 956 2225 xlll.

262 2254 299 2279 et
327 2254 405 2279 tunc
431 2247 634 2278 Aristoteles
653 2251 758 2282 recte,
782 2244 957 2285 φοβερώτα-

262 2310 318 2329 τον
340 2299 356 2328 ὁ
382 2296 530 2329 θάνατοςι
556 2296 645 2338 quod
667 2297 824 2328 Lucanus
845 2294 959 2335 expri-

262 2358 355 2379 mere
388 2348 494 2379 voluit
524 2356 548 2378 1.
582 2348 591 2363 ‘
608 2356 690 2388 quos
715 2345 772 2376 ille
803 2344 959 2376 timorum

262 2398 433 2429 Maximus
470 2398 551 2428 haut
594 2400 692 2436 urget
728 2394 788 2426 leti
825 2393 959 2425 metus:

262 2448 368 2484 Alias,
391 2452 399 2465 ⁸
415 2447 581 2488 pessimus
596 2447 628 2477 in
641 2445 752 2476 dubiis
769 2453 875 2484 augur
890 2453 958 2474 me-

263 2497 341 2527 tus!
383 2497 484 2527 Silius
513 2495 570 2527 lib.
586 2504 620 2525 v.
651 2495 661 2511 ‘
680 2495 757 2526 Non
782 2502 896 2534 aequus
926 2493 959 2523 in

265 2547 369 2578 arctis
395 2547 561 2577 Nimirum
575 2545 676 2576 rebus
691 2553 811 2575 suasor
826 2541 957 2574 metus.’

262 2599 271 2613 ‘
287 2597 413 2627 Terror
428 2595 619 2627 hominibus
633 2598 780 2625 mentem
797 2592 959 2624 animum-

266 2656 330 2686 que
368 2646 483 2686 eripit,
517 2650 553 2677 et
588 2644 741 2676 membra
779 2641 961 2674 debilitat!

266 2695 359 2726 Hirt.
374 2696 416 2726 de
433 2695 519 2726 Bell.
538 2695 639 2726 Alex.
676 2695 738 2725 Est
754 2698 865 2724 antem
883 2692 962 2724 talis

267 2744 442 2784 ὑπογραφὴ,
458 2750 569 2776 metus
586 2748 637 2776 est
652 2749 765 2775 custos
778 2744 910 2781 animae,
924 2747 962 2774 ut

267 2803 307 2824 ιι.
329 2793 400 2826 ‘sur
415 2796 503 2825 oculi
520 2793 677 2826 somnuS.’
704 2794 713 2810 ‘
729 2794 880 2834 Cumque
894 2802 961 2824 me-

269 2850 304 2875 tu
330 2845 487 2884 praedone
506 2845 629 2876 animi!
656 2854 688 2875 v.
706 2848 756 2875 50.
807 2844 895 2875 Vide
913 2853 960 2875 lv.

1010 2097 1019 2111 ¹
1034 2092 1164 2124 Suadet
1183 2093 1247 2124 iter
1260 2092 1379 2131 retro‚’
1394 2090 1438 2123 εἷς
1453 2090 1625 2121 τοῦπισθεν.
1656 2089 1712 2120 lta

1011 2143 1123 2174 Latini
1148 2148 1240 2175 retro
1262 2143 1440 2183 eleganter
1462 2150 1523 2182 pro
1547 2140 1585 2171 τὸ
1601 2138 1714 2179 πάλαι,

1010 2193 1070 2234 πρὸ
1085 2193 1176 2224 τοῦδε
1192 2197 1370 2233 usurpant.
1403 2191 1492 2223 Pliu.
1511 2200 1561 2224 lv.
1578 2193 1630 2221 10.
1646 2190 1656 2207 ⁴
1670 2199 1713 2220 ne

1013 2243 1173 2284 cujusque
1183 2241 1447 2273 retrohabeatur
1463 2239 1575 2272 ratio.'
1599 2240 1714 2271 ‘Prae-

1012 2292 1180 2332 missaque
1198 2296 1290 2323 retro
1307 2290 1505 2323 Nobilitas)
1539 2289 1716 2331 Papinius.

1013 2342 1022 2359 ‘
1038 2342 1144 2373 Retro
1168 2341 1382 2382 dignitates.’
1425 2339 1715 2376 Tertullianus,li-

1014 2391 1074 2423 bro
1103 2392 1146 2423 de
1177 2393 1272 2423 cultu
1304 2390 1528 2422 foeminarum.
1582 2391 1592 2408 ‘
1609 2391 1715 2422 Retro

1015 2441 1143 2474 duces)
1204 2442 1422 2481 Claudianus,
1451 2442 1484 2472 in
1514 2443 1659 2482 Eutrop.
1689 2449 1714 2471 ι.

1015 2492 1167 2523 Pacatus
1185 2491 1217 2522 in
1233 2491 1471 2532 Panegyrico:
1490 2491 1500 2508 ‘
1515 2495 1607 2522 retro
1623 2490 1715 2530 prin-

1015 2542 1132 2583 cipes!
1171 2546 1180 2559 ¹
1195 2542 1311 2573 Persis
1327 2543 1415 2582 ipsa,
1429 2541 1622 2581 reipublicae
1640 2549 1714 2571 nos-

1016 2597 1079 2623 trae
1097 2595 1189 2623 retro
1204 2590 1350 2623 aemnla.'
1392 2591 1530 2622 Senecae
1542 2589 1714 2628 eleganter

1015 2647 1106 2673 retro
1122 2642 1236 2673 vivere
1249 2641 1408 2672 dicuntur
1424 2639 1596 2680 lychnobii
1613 2643 1647 2670 et
1664 2639 1713 2669 lu-

1015 2691 1153 2732 cifugae,
1174 2695 1209 2721 et
1233 2699 1347 2721 omnes
1374 2689 1494 2730 quibus
1522 2687 1599 2719 vitae
1627 2688 1714 2719 ratio

1015 2742 1175 2780 distorta,
1192 2739 1302 2781 Epist.
1315 2741 1388 2770 122.

1059 2795 1122 2823 484
1147 2792 1219 2822 Non
1235 2790 1287 2821 ille
1303 2789 1422 2830 quidem
1437 2788 1616 2829 certamine,
1629 2791 1715 2829 tanto

1021 2842 1178 2873 Tentasset
1196 2840 1335 2877 conferre
1352 2838 1433 2879 viro]
1457 2837 1544 2869 Vide
1558 2847 1579 2870 1.
1595 2841 1669 2870 320.
