1889 3194
521 331 578 359 un
613 329 772 359 nermo
805 329 1032 361 TRoJANO
1066 332 1160 362 mn.
1195 333 1246 361 11.
1531 321 1616 361 413

180 423 396 476 Agnoscit
411 436 529 464 nova
547 429 683 478 nupta
703 425 857 474 virum,
879 423 1227 478 pudibundaque
1249 423 1417 465 vultum

182 490 362 536 Flectit,
382 494 428 532 et
443 495 638 531 orantem
659 491 839 532 miratur
860 491 1021 532 talibus
1041 491 1164 531 illum
1181 505 1191 532 :
1533 490 1619 531 160

236 557 411 611 Inclyta
430 558 683 611 sceptrigeri
700 558 845 611 proles
864 557 893 599 J
897 557 1009 608 ovis,
1030 563 1072 599 et
1093 557 1236 599 minus
1257 571 1344 599 uno

181 624 234 664 In
256 629 409 664 natum
429 624 636 678 perducte
658 624 809 676 gradu,
830 623 1064 666 reverende
1085 624 1292 678 Pelasgis

179 690 209 731 J
212 691 377 741 ustitia,
394 691 598 743 belloque
618 695 790 744 potens,
811 691 890 733 tibi
906 691 1128 744 supplicat
1148 692 1290 732 omnis

182 759 293 800 Cum
309 759 422 800 duce
441 759 579 813 Troja
599 771 696 806 suo,
717 758 950 800 Telamon:
979 759 1244 800 miserescite
1266 759 1406 809 cives,

180 827 338 880 Tuque
359 827 478 880 prior
496 841 505 867 :
537 839 623 866 non
641 830 712 866 tot
727 830 931 879 terraque
945 827 1135 879 marique
1149 827 1325 868 labores
1538 826 1622 867 165

183 894 236 934 In
257 907 434 935 cassum
454 892 639 934 fluxisse
659 894 794 934 sinas.
840 892 952 933 Post
974 905 1132 946 aspera
1148 893 1286 934 multa

184 961 291 1002 Huc
311 960 484 1002 tandem
505 960 592 1001 huc
613 959 737 1001 veni:
768 971 899 1000 cerno
921 972 1051 1012 quam
1074 973 1267 1013 quaerere
1281 961 1440 1015 Jussus

185 1028 413 1069 Hesionen
431 1041 440 1068 :
473 1039 625 1068 cerno:
651 1039 737 1067 non
756 1026 850 1067 haec
867 1028 1127 1068 commercia
1148 1032 1264 1068 certe

183 1094 304 1136 Juno
321 1095 502 1148 probat:
530 1094 695 1135 victore
716 1106 797 1134 suo
815 1093 995 1146 captiva
1016 1094 1211 1135 fruetur?

186 1161 318 1201 Flens
336 1161 494 1201 hilari?
524 1160 745 1202 famulans
766 1160 976 1201 domino?
1008 1161 1078 1201 vel
1097 1162 1282 1202 barbara
1303 1161 1463 1202 Graeco
1480 1162 1499 1202 2
1540 1161 1625 1203 170

186 1227 345 1268 Redde
366 1229 529 1281 magis:
562 1230 625 1269 tot
645 1232 795 1269 vestra
814 1240 945 1268 nurus
963 1228 1142 1281 Europa
1162 1229 1392 1281 superbas,

184 1295 277 1335 Tot
296 1295 487 1335 celebres
506 1294 638 1335 habet
656 1294 731 1335 illa
750 1295 895 1335 faces:
927 1294 1179 1336 melioribus
1204 1299 1341 1337 ortam

187 1361 349 1412 Quaere
371 1362 503 1403 aliam
522 1362 624 1402 fatis
641 1375 651 1402 :
681 1361 777 1402 haec
795 1360 918 1402 edita
935 1360 1077 1401 sidere
1099 1362 1193 1402 diro

187 1429 240 1468 In
256 1434 408 1482 raptus
426 1429 636 1470 damnata
656 1427 750 1477 fuit,
765 1426 998 1481 facilisque
1017 1429 1086 1469 vel
1102 1429 1220 1469 omni

187 1495 347 1537 Praeda
368 1496 502 1545 venit,
523 1507 781 1548 semperque
801 1495 891 1534 suis
912 1494 1123 1547 rapienda
1141 1495 1342 1536 minatur.
1543 1495 1630 1537 175

189 1561 386 1604 Noverat
405 1561 636 1615 Argolicas
657 1560 856 1609 Alcides,
873 1566 1058 1602 noverat
1074 1561 1188 1602 alter

188 1629 301 1670 Cum
321 1629 506 1670 Polluce
525 1641 660 1678 error,
681 1629 806 1669 novit
825 1641 925 1669 cum
943 1628 1133 1669 Nestore
1151 1629 1331 1679 Peleus,

188 1696 298 1737 Cum
317 1696 429 1737 levis
449 1708 636 1737 ascensu
657 1695 778 1736 facili
798 1695 877 1736 tibi
898 1694 1047 1748 praeda
1069 1695 1243 1736 daretur

188 1763 402 1812 Hesione,
418 1775 578 1816 meque
596 1762 709 1803 haud
725 1761 834 1802 fines
856 1762 1062 1803 trusisset
1081 1762 1125 1803 in
1147 1763 1261 1803 istos

188 1829 352 1871 Infelix
373 1830 595 1880 Priamus,
616 1830 655 1870 si
676 1830 777 1883 quis
799 1829 852 1870 de
876 1833 1001 1881 gente
1022 1835 1247 1883 superstes
1548 1829 1633 1871 180

190 1897 390 1950 Cognata
409 1897 562 1952 patriae
583 1901 786 1950 pensaret
805 1895 963 1937 damna
979 1895 1115 1938 ruinae
1134 1910 1144 1938 :

190 1964 325 2006 Hanc
346 1965 441 2014 tibi,
455 1977 546 2005 non
567 1963 764 2017 Superis,
781 1963 973 2004 animam
995 1963 1156 2005 debere
1174 1963 1349 2014 fatetur,

192 2029 337 2081 Quam
359 2031 443 2072 sibi
465 2034 681 2072 servatam
698 2030 883 2084 gaudet:
900 2030 1021 2071 sibi?
1052 2030 1130 2071 sed
1145 2030 1392 2081 Telamoni,

794 2127 1034 2140 eeeeeeeeeee

238 2173 298 2202 183
323 2171 364 2206 Q.
380 2180 406 2202 s.
422 2180 448 2202 s.
463 2181 524 2203 non
537 2181 572 2211 g.
586 2173 640 2203 sed
657 2172 693 2204 Τ.
710 2171 801 2203 Μοι·.

239 2277 299 2306 161
324 2275 434 2306 Minus
454 2285 515 2306 uno
545 2276 585 2307 In
610 2280 717 2308 natum
743 2278 888 2317 perduc-te
940 2275 1037 2307 606.ι
1054 2274 1236 2316 Agnorunt
1249 2276 1363 2307 miseri
1373 2276 1506 2308 sublato
1521 2285 1636 2308 errore

192 2325 310 2365 gradu]
332 2324 434 2356 Silius
450 2334 533 2357 vul.
553 2327 563 2343 ‘
576 2325 644 2357 Sed
657 2336 761 2366 genus
775 2327 887 2357 admo·
941 2326 1126 2366 pareutes.'
1159 2326 1265 2356 Plura
1281 2326 1385 2356 babes
1402 2325 1492 2367 apud
1509 2327 1637 2367 Caspe·

195 2382 265 2408 tum
284 2377 435 2417 Superis,
463 2386 695 2418 summumque
719 2386 780 2416 per
801 2377 888 2407 altos
943 2375 1028 2406 rium
1045 2376 1244 2406 Gevartium
1261 2376 1295 2406 in
1310 2375 1404 2415 Sylv.
1422 2376 1543 2416 Papin.
1562 2384 1586 2407 1.
1604 2379 1636 2407 2.

195 2426 399 2467 Attingebat
416 2435 495 2457 avos
514 2425 657 2457 coelum?
701 2426 826 2466 Papin.
848 2435 889 2458 11.
943 2428 1017 2458 120.
1040 2425 1108 2458 Qui
1124 2426 1262 2456 alterius
1277 2435 1357 2456 vero
1371 2423 1494 2456 faciem
1510 2426 1638 2457 exscri-

138 2513 141 2515 .
193 2475 300 2506 Theb.
329 2475 529 2516 ‘procerum
558 2485 676 2506 manus
706 2475 825 2514 omnis,
854 2480 890 2507 et
943 2475 1008 2515 bit,
1033 2476 1127 2507 illum
1159 2474 1268 2515 poetae
1297 2474 1424 2506 mentiri
1445 2474 1575 2512 dicunt,
1601 2478 1640 2506 ut

196 2527 265 2557 alto
281 2526 366 2558 Quis
383 2527 521 2567 propior
537 2526 579 2556 de
595 2535 673 2565 rege
688 2525 833 2566 gradus?
945 2526 1044 2556 Silius
1060 2533 1099 2555 11.
1110 2525 1120 2542 ⁴
1133 2522 1274 2556 fratrem
1287 2523 1428 2555 mentite
1439 2524 1605 2562 Lycorma
1618 2523 1640 2554 ι’

241 2579 302 2608 176
314 2577 452 2608 Noverat
466 2577 547 2607 alter
563 2577 642 2607 Cum
653 2576 781 2607 Polluce
791 2575 892 2616 error]
946 2576 987 2607 ad
1002 2585 1077 2616 quae
1091 2574 1190 2615 plura
1204 2573 1377 2605 Heinsius.
1403 2572 1414 2590 ⁴
1427 2571 1566 2603 Mentiri
1581 2572 1642 2603 mi-

196 2626 238 2659 Id
256 2633 309 2658 est
332 2627 468 2667 Castor,
491 2625 676 2665 μετωνυμία,
693 2631 835 2666 propter
849 2627 891 2656 δι·
946 2624 1024 2656 nas’
1052 2624 1142 2655 idem
1165 2624 1280 2665 Silius,
1297 2633 1359 2664 pro
1379 2622 1538 2654 simulare
1554 2630 1641 2654 xnr.

197 2677 308 2717 δόμων,
330 2687 396 2718 qua
412 2676 548 2716 faeiem,
562 2685 626 2717 qua
642 2684 764 2711 mores,
779 2675 893 2706 simili·
947 2675 1167 2714 Prudentius,
1192 2673 1466 2714 Peristephanon
1496 2681 1534 2705 x.
1565 2674 1641 2703 290.

198 2728 365 2759 tudinem.
410 2728 507 2767 Virg.
537 2735 572 2758 x.
602 2730 610 2743 ‘
624 2726 792 2757 simillima
817 2735 895 2766 pro·
949 2729 957 2744 ¹
969 2725 1073 2765 Lapis
1088 2733 1208 2755 severa
1219 2723 1331 2755 fronte
1342 2722 1504 2754 mentitur
1512 2721 1642 2754 minas:

197 2779 248 2809 les
265 2778 459 2809 Indiscreta
476 2777 557 2816 suis,
574 2781 759 2817 gratusque
775 2785 896 2817 paren·
947 2775 1003 2807 Ita
1017 2774 1160 2807 Tertull.
1186 2782 1211 2805 1.
1243 2775 1298 2805 De
1311 2773 1405 2805 cultu
1416 2772 1643 2808 foeminarum,

199 2827 290 2858 tibus
307 2826 424 2858 error?
466 2827 567 2858 Silius
584 2835 634 2857 ιν.
653 2826 694 2857 de
712 2825 832 2856 eadem
847 2835 896 2866 re,
945 2825 955 2843 ‘
970 2834 1119 2858 sororem
1134 2824 1296 2857 mentitus
1312 2823 1451 2856 Saram.’

202 2876 209 2893 ‘
225 2877 325 2908 elusit
341 2876 459 2909 dubios
476 2886 570 2909 error
581 2876 600 2916 ;'
622 2876 823 2909 etLucanus
837 2885 894 2908 111.
