1889 3194
315 328 400 370 530

828 341 1029 373 JOSEPHI
1065 341 1231 373 lscANl

316 432 476 475 Annua
495 435 719 477 mobilitas
736 435 946 476 bissenos
966 447 1100 488 passa
1122 435 1310 485 labores,

314 499 374 540 Et
386 500 483 554 jam
501 501 657 542 mixtae
678 502 798 543 acies
816 515 825 542 ε
857 502 977 541 solus
997 513 1087 540 non
1106 502 1253 554 prodit
1273 503 1317 542 in
1340 515 1459 544 arma

313 567 540 618 AEacides,
561 568 682 609 solus
702 580 789 608 non
809 567 986 616 militat,
1009 567 1152 621 objice
1173 569 1272 609 belli

312 632 433 675 Vota
452 635 614 675 haerere
635 634 787 675 dolens
805 647 814 675 z
847 634 959 674 alios
979 635 1023 674 in
1044 635 1197 687 praelia
1218 635 1332 687 cogit

310 699 606 753 Naupliades,
626 700 902 753 faustumque
924 701 1017 741 suis
1035 702 1347 742 comitantibus
1369 714 1512 751 omen,

1670 703 1755 744 120

309 766 481 820 Impete
503 768 782 820 Deiphobum
804 767 943 819 primo
965 768 1097 820 petit,
1119 771 1305 821 utraque
1318 768 1443 822 jacto

306 832 528 886 Tempora
548 834 809 886 transadigit
824 833 992 886 jaculo,
1015 834 1235 887 funusque
1257 835 1497 875 secundum

309 899 403 941 Dat
423 900 615 954 Phrygio
635 901 782 952 lugere
805 900 923 941 duci.

984 900 1128 942 Rotat
1149 902 1281 942 obvia
1302 902 1389 943 tela

307 966 547 1019 Sarpedon,
569 972 820 1021 quantaque
842 979 971 1008 cruor
992 968 1150 1009 virtute
1173 968 1353 1009 relictus

305 1033 473 1074 Sufficit
490 1035 534 1075 in
555 1035 726 1083 vulnus,
746 1036 862 1075 vires
884 1034 1097 1087 expendit
1116 1036 1162 1075 in
1182 1036 1311 1085 ictus,

1667 1034 1751 1076 125

303 1100 526 1154 Prodigus
547 1102 754 1151 instandi,
775 1114 855 1142 nec
878 1101 1034 1154 juncta
1053 1102 1250 1154 potentia
1269 1102 1347 1142 fati

304 1167 495 1209 Prorsus
516 1170 656 1218 abest,
679 1169 882 1221 clypeum
905 1169 1071 1218 transit,
1092 1168 1342 1222 laevumque
1362 1169 1562 1209 cruentat

304 1233 499 1288 Obliquo
520 1248 722 1276 mucrone
742 1236 858 1276 latus
876 1248 887 1273 ι
918 1235 1087 1275 felicior
1105 1235 1224 1275 ensis

303 1301 587 1354 Naupliadae,
611 1315 809 1355 casuque
831 1315 1008 1343 manum
1030 1302 1210 1342 meliore
1234 1306 1415 1342 secutus

302 1366 431 1408 Iratis
451 1369 640 1410 flendum
662 1370 843 1423 Superis
865 1369 1126 1421 Sarpedona
1146 1368 1303 1409 fundit.

1662 1366 1747 1408 130

358 1434 448 1475 His
468 1435 636 1485 hilaris,
656 1436 882 1488 multoque
904 1436 1003 1475 aliis
1029 1436 1284 1489 jactantior,
1304 1447 1426 1484 ecce,

301 1500 434 1546 Ecce,
455 1502 596 1552 iterat,
618 1506 813 1555 quantos
836 1502 992 1542 dextra
1012 1502 1190 1542 victrice
1210 1506 1419 1554 negantes

300 1567 420 1608 Ense
442 1568 591 1621 palam
610 1572 750 1609 sterno
768 1569 777 1609 ἒ
811 1568 915 1621 quid
937 1568 1038 1620 plus
1059 1568 1286 1608 testabitur
1307 1580 1459 1608 ausum

301 1633 492 1687 Phlegra
511 1635 706 1676 Jovem'?
762 1635 959 1687 Libycus
981 1632 1206 1672 Alciden?
1265 1632 1442 1672 Thesea
1463 1631 1643 1672 Minos?

298 1699 423 1741 Talis
443 1707 535 1742 erat
557 1701 762 1741 Danaum
780 1700 1012 1753 princeps:
1043 1700 1120 1739 vix
1141 1699 1239 1746 ista,
1262 1712 1340 1738 nec
1360 1699 1445 1739 ista

1660 1697 1743 1738 135

301 1765 389 1807 Fas
408 1768 548 1820 plenis
562 1768 762 1822 jactasse
786 1767 926 1816 sonis,
948 1765 1069 1806 venit
1088 1778 1190 1806 ecce
1212 1766 1374 1818 sagitta

922 1883 1018 1895 ccccc

343 1961 403 1990 132
431 1960 586 1999 Gigantes
610 1960 770 1993 Dresem.
810 1960 896 1991 Vide
910 1965 979 1991 not.

1025 1883 1138 1894 ἀἀἀἀἀ

952 2055 1091 2087 NOTAE

340 2119 403 2148 118
428 2117 536 2156 Objice
557 2118 644 2159 belli]
677 2118 824 2157 Πολέμου
845 2118 992 2158 ἐμποδών.

296 2175 347 2198 lv.
374 2172 381 2184 ⁴
398 2177 503 2208 seque
519 2168 632 2208 objice
649 2170 756 2200 morbi
771 2169 941 2201 Tentum.’

338 2219 399 2247 120
433 2218 640 2259 Faustumque
675 2220 740 2250 suis
775 2219 992 2250 comitantibus

294 2266 395 2306 omen]
434 2267 557 2307 Papin.
586 2276 626 2298 ιι.
654 2268 760 2299 Theb.
781 2272 790 2286 ⁴
807 2267 990 2299 infaustum

293 2316 496 2347 nubentibus
510 2316 632 2347 omen.’

339 2367 400 2396 132
426 2366 566 2400 Quantos
587 2367 698 2398 dextra
724 2367 851 2398 victrice
874 2377 987 2406 negan-

294 2413 353 2454 tes]
397 2415 488 2447 Quid
522 2416 576 2447 liic
607 2417 616 2433 ‘
631 2423 794 2456 negantes
808 2417 833 2448 ?’
875 2418 987 2458 legen-

293 2465 371 2495 dum
385 2465 544 2504 gigantes.
581 2466 689 2507 Supra
708 2468 795 2497 enim
808 2467 851 2497 de
864 2467 987 2507 Sarpe-

292 2514 382 2544 done
404 2518 456 2546 45.
492 2515 500 2531 ‘
518 2516 626 2556 qualis
662 2517 787 2547 vexilla
813 2517 986 2556 gigantum

292 2562 510 2594 Centimanus
535 2565 718 2595 Briareus!
749 2566 845 2605 Virg.
870 2564 940 2596 AEn.
962 2574 985 2596 1.

292 2611 301 2627 ‘
319 2612 373 2643 ubi
385 2613 502 2652 ingens
515 2614 715 2655 Sarpedon:
730 2619 765 2646 et
777 2624 829 2647 ix.
844 2614 853 2631 ‘
864 2615 986 2655 Sarpe-

291 2660 386 2692 donis
403 2663 462 2693 alti
476 2662 499 2701 ;’
522 2664 611 2704 quod
628 2664 671 2695 de
686 2665 866 2696 nobilitate
883 2674 987 2705 expo-

291 2711 342 2742 nit
363 2711 510 2744 Servius.
539 2713 680 2745 Homer.
698 2714 737 2745 ΙΙ.
753 2719 791 2746 Π.
836 2714 989 2746 probant

291 2761 394 2792 etiam
418 2764 611 2803 sequentia:
640 2764 650 2780 ‘
670 2764 817 2803 Phlegra
841 2764 987 2796 Jovem?

290 2809 436 2848 Lybicus
454 2811 617 2843 Alciden?
632 2813 761 2844 Thesea
773 2813 916 2845 Minos?¹
936 2815 987 2845 Si-

292 2858 409 2891 donius
427 2870 507 2892 vm.
531 2863 540 2879 ‘
559 2867 610 2894 tot
627 2864 780 2906 tantique
803 2868 927 2906 petunt
944 2865 986 2896 si-

1046 2118 1112 2148 mul
1129 2116 1309 2156 gigantes?
1340 2116 1503 2156 Gigantes
1518 2115 1606 2147 enim
1622 2116 1740 2148 dicun·

1047 2171 1101 2197 tur
1117 2166 1166 2196 διὰ
1182 2166 1357 2205 ὑπερβολὴν
1373 2164 1523 2204 σωμάτων
1539 2165 1600 2196 εἴτε
1613 2166 1741 2205 μεγέθε-

1045 2229 1076 2248 σι
1098 2216 1148 2247 καὶ
1165 2216 1286 2256 ῥώμαις,
1305 2222 1342 2246 ut
1358 2217 1406 2247 ait
1423 2217 1520 2248 Philo
1538 2218 1589 2248 De
1612 2218 1739 2260 Gigan-

1045 2267 1147 2297 tibus.
1186 2267 1275 2297 Vide
1292 2267 1392 2297 etiain
1409 2266 1640 2298 doctissimum
1657 2268 1740 2299 Hoe·

1045 2316 1203 2347 schelium
1221 2316 1261 2346 ad
1279 2316 1477 2356 Syn-acmen,
1494 2325 1527 2356 p.
1542 2319 1616 2347 377.
1639 2317 1739 2350 Quod

1046 2376 1122 2397 vero
1143 2372 1221 2397 ante
1244 2366 1343 2406 dixit,
1363 2366 1373 2382 ‘
1388 2365 1489 2397 Iratis
1506 2364 1654 2397 flendum
1677 2368 1738 2398 Su-

1042 2417 1132 2456 peris
1148 2416 1343 2456 Sarpedona
1363 2416 1495 2457 mittit‚’
1510 2416 1575 2447 illis
1596 2416 1738 2457 respicit

1042 2467 1083 2498 ad
1105 2468 1302 2502 Homerum,
1320 2467 1410 2506 apud
1433 2476 1531 2508 quem
1556 2467 1596 2497 ΙΙ.
1613 2470 1652 2497 Π.
1675 2467 1736 2499 Ju—

1043 2517 1133 2556 piter
1153 2516 1367 2554 Αἲματοέιτσας
1386 2515 1419 2546 δὲ
1440 2515 1549 2556 ψιάδας
1566 2515 1736 2556 κατέχευεν

1041 2565 1132 2606 ἔραζε
1144 2568 1244 2597 nawa
1256 2566 1348 2605 φίλων
1363 2567 1465 2604 τιμῶν,
1480 2568 1545 2597 &c.
1590 2567 1646 2597 De
1662 2568 1735 2608 qui-

1040 2617 1102 2648 bus
1125 2617 1280 2648 Clemens
1296 2615 1462 2647 Alexand.
1487 2615 1520 2645 in
1544 2615 1737 2658 Protrepti-

1127 2689 1134 2697 .
1175 2669 1205 2697 Β.

1043 2670 1232 2746 001ἓ527ὶπ
1242 2714 1318 2753 ista,
1327 2723 1383 2743 nec
1391 2712 1468 2753 ista]
1485 2713 1629 2754 Elegans
1641 2714 1733 2745 ἐπαν-

1041 2765 1178 2805 όρθωσις.
1211 2763 1315 2794 Καὶέν
1327 2762 1427 2801 τούτῳ
1446 2762 1559 2802 χαίρω,
1580 2763 1665 2794 ἀλλὰ
1683 2765 1734 2796 καὶ

1041 2813 1238 2855 χωρήσομαι.
1265 2813 1306 2842 D.
1332 2812 1459 2842 Paulus
1485 2813 1526 2842 ad
1555 2813 1683 2853 Philip.
1706 2823 1732 2845 1.

1041 2867 1093 2896 18.
1108 2863 1150 2894 acl
1168 2863 1320 2897 Galatas,
1339 2864 1435 2893 mai.
1449 2862 1587 2893 τοσαῦτα
1601 2861 1731 2895 ἐπάθετε
