1889 3194
260 356 345 397 552
774 367 974 398 JOSEPHl
1013 366 1177 397 iscnu

260 460 367 501 Vox
387 461 549 515 pariter
568 462 863 516 lacrymaeque
883 462 1062 511 haerent,
1085 462 1356 516 fugitivaque
1377 462 1489 504 fallit

261 527 409 578 Mens,
430 529 624 570 subitam
645 530 826 570 mentita
842 542 992 569 necem
1011 545 1020 568 :
1058 530 1135 570 vix
1158 541 1254 570 rore
1274 530 1468 571 madenti

261 594 465 648 Frigidus
485 596 531 636 in
549 609 725 637 sensum
747 600 909 636 remeat
929 595 1052 636 dolor
1070 609 1079 637 :
1110 596 1233 637 ilicet
1254 597 1320 637 ori

259 662 319 704 Et
338 663 493 704 laceris
514 664 626 705 irata
647 663 802 711 comis,
825 663 1126 716 circumspicit
1146 676 1294 712 enses,

259 729 321 770 Et
336 742 498 772 causas
513 730 608 784 jam
628 730 782 771 mortis
802 730 947 779 habet,
963 731 1188 784 taciteque
1206 730 1379 772 volutat
1622 732 1708 773 545

261 796 399 850 Cujus
418 796 589 838 furetur
608 796 815 850 gladium,
837 806 968 850 quem
995 798 1084 838 tcla
1103 802 1321 851 precetur,

259 863 368 917 Ipsa
388 877 467 905 sua
483 865 693 906 moritura
712 878 845 906 manu
862 878 873 906 :
905 878 1080 906 sensere
1106 866 1318 907 furentem

259 929 444 980 Iliades,
465 931 733 985 nimiumque
753 944 887 972 ausos
909 932 1046 973 lenire
1070 932 1252 973 dolores

259 995 491 1050 Aggressae
511 998 683 1039 vicibus
701 1012 710 1040 :
742 999 834 1040 dux
853 1000 1060 1041 blandior
1079 1000 1180 1053 ipse
1202 998 1376 1048 furenti,
1437 1004 1439 1006 ’

261 1062 394 1114 Quod
417 1066 576 1118 spretis
598 1079 825 1120 nunquam
847 1067 1050 1121 Phrygiis
1071 1071 1271 1121 optasset
1295 1065 1506 1108 Achivos.
1623 1066 1708 1108 550

318 1130 441 1172 Finis
462 1136 554 1174 erat
572 1133 795 1188 lacrymis,
816 1135 1062 1188 pariterque
1083 1135 1304 1176 exhausta
1327 1133 1496 1175 latebat

261 1197 316 1238 In
337 1203 507 1240 noctem
526 1213 759 1254 progressa
775 1201 889 1243 dies:
921 1205 967 1242 at
987 1201 1186 1243 fervidus
1207 1202 1274 1243 ira

255 1265 473 1319 Tydides,
492 1268 695 1320 quamvis
715 1267 898 1318 fractos,
915 1272 957 1309 et
976 1269 1018 1308 in
1036 1269 1136 1322 ipsa
1155 1268 1334 1322 fugatos

261 1332 449 1384 Moenia,
470 1334 619 1375 turbat
637 1332 752 1375 Adis
773 1335 942 1385 hostes,
965 1335 1228 1389 clausosque
1247 1335 1431 1376 lacessit

261 1399 489 1441 Nocturna
509 1401 700 1442 statione
722 1401 919 1455 Phryges
937 1415 947 1442 z
975 1414 1063 1442 non
1086 1407 1252 1442 tessera
1274 1407 1439 1442 sortem
1623 1400 1709 1442 555

260 1465 397 1507 Elicit
424 1467 643 1518 excubiis,
663 1468 778 1509 ultro
794 1468 1066 1509 violantibus
1088 1469 1250 1509 instant
1268 1487 1273 1490 ·

262 1532 461 1585 Ignibus,
482 1539 529 1575 et
544 1535 669 1575 nullo
692 1535 919 1588 pulsantur
937 1538 1119 1587 pectora
1139 1539 1286 1576 vento.

318 1598 415 1640 Vix
436 1613 615 1642 emensa
634 1601 743 1651 dies,
770 1601 882 1642 redit
903 1602 1035 1642 armis
1056 1602 1258 1654 impetus,
1279 1602 1426 1642 urbem

262 1664 498 1715 Invadunt,
517 1671 731 1708 tormenta
747 1672 904 1717 rotant,
921 1667 997 1708 dat
1013 1668 1144 1708 vinea
1160 1668 1294 1717 vires,

263 1730 323 1771 Et
342 1732 488 1773 silices
506 1733 674 1775 balista
694 1746 894 1784 vomens,
917 1734 1098 1774 testudo
1119 1734 1282 1775 viatrix
1621 1733 1706 1774 560

263 1798 477 1849 Subdola,
499 1800 797 1854 fossoremque
818 1801 932 1842 aries
948 1813 1188 1853 suspensus
1210 1801 1253 1840 in
1276 1801 1428 1842 ictum.

321 1864 381 1904 At
402 1865 595 1918 Phryges
614 1868 824 1907 instantes
844 1866 1093 1920 prohibent,
1115 1880 1228 1908 nunc
1249 1867 1456 1919 grandine
1478 1867 1593 1915 saxi,

264 1930 399 1972 Nunc
419 1932 520 1973 ferri
540 1933 703 1983 nimbo,
723 1946 835 1974 nunc
858 1946 1026 1986 sparsae
1046 1933 1224 1974 fulmine
1246 1947 1431 1975 massae:

263 1996 402 2039 Nulla
423 2004 568 2040 tamen
590 1999 765 2041 Paridis
784 2000 903 2041 nudo
921 2000 1083 2041 fiducia
1101 2006 1234 2041 marte

265 2065 548 2119 Campestres
568 2068 725 2108 iterare
745 2081 915 2118 manus,
937 2081 1073 2121 seque
1094 2068 1202 2109 urbe
1224 2071 1423 2109 tuentur:
1623 2069 1708 2110 565

865 2197 1104 2210 οοοοοοοοοο

307 2274 369 2303 554
393 2272 472 2303 Adit
502 2272 555 2303 vel
581 2273 681 2305 adhuc
705 2275 866 2306 Dresem.
909 2275 997 2307 Vide
1027 2278 1210 2307 non—556
1245 2274 1458 2313 vigilantibus
1487 2273 1574 2306 Edd.
1602 2274 1707 2308 Basn.

263 2314 353 2346 Mor.
366 2320 401 2346 et
418 2315 699 2356 spondam—562
722 2317 818 2349 Saxis
834 2317 898 2351 Ed.
913 2319 1111 2351 Mon-564
1134 2317 1268 2350 Pavidis
1289 2318 1446 2348 Dresem.

913 2414 1059 2446 NOTAE

308 2488 370 2517 552
394 2486 434 2517 In
448 2489 568 2518 noctem
588 2496 751 2528 progressa
765 2488 846 2529 dies]
870 2489 958 2520 Vide
1059 2492 1123 2521 559
1146 2490 1215 2521 Dat
1236 2489 1324 2519 vinea
1346 2487 1442 2527 eires]
1467 2486 1566 2520 Quod
1582 2487 1707 2518 Plauto

265 2538 413 2567 ni.167.
436 2544 487 2566 ιν.
504 2538 577 2567 141.
1015 2537 1187 2580 frequens,
1209 2538 1251 2569 ad
1275 2547 1371 2569 suum
1395 2537 1506 2568 omnia
1520 2545 1707 2567 accommo-

308 2588 370 2617 554
384 2586 516 2624 Moenia,
531 2586 635 2618 turbat
649 2586 730 2619 Adis
744 2587 860 2629 hostes]
877 2589 961 2621 Quis
1016 2589 1074 2620 dat
1091 2589 1263 2620 saeculnm.
1294 2587 1382 2618 Vide
1400 2586 1581 2627 Vegetium
1595 2585 1637 2616 de
1651 2597 1707 2616 πο-

268 2635 402 2674 spnrius
417 2635 474 2666 ille
489 2634 596 2666 Adis?
643 2636 840 2677 Legendum
853 2639 962 2679 adhuc,
1015 2640 1133 2680 λιορκίᾳ
1149 2639 1229 2677 tali3
1248 2637 1396 2677 Lipsinm
1413 2635 1445 2666 in
1468 2634 1606 2675 proprio
1627 2634 1706 2667 hnic

268 2684 322 2714 vel
344 2685 425 2724 adit,
447 2685 726 2726 quemadmodum
750 2688 828 2719 alibi
855 2689 961 2730 loqui·
1017 2689 1066 2720 rei
1102 2690 1200 2727 libro,
1235 2686 1423 2718 Manutium
1458 2685 1491 2715 iu
1523 2685 1706 2724 Quaesitis;

267 2737 335 2765 1¹¹¹&
1016 2740 1168 2779 Magium
1192 2739 1225 2768 in
1246 2735 1378 2768 Miscel.
1400 2733 1459 2765 lib.
1474 2743 1500 2765 1.
1517 2737 1546 2765 1.
1588 2735 1706 2767 Talem

312 2787 374 2814 558
408 2783 471 2814 Vix
500 2793 619 2814 emensa
647 2784 728 2824 dies]
765 2785 959 2826 Legendnm
1015 2788 1303 2829 oppugnationem
1315 2783 1480 2824 Papinius
1494 2792 1518 2815 1.
1531 2782 1707 2824 describit,

270 2840 396 2868 emersa,
411 2832 474 2862 nisi
498 2834 569 2863 vult
598 2833 685 2864 diem
713 2835 961 2874 intercessisse,
1015 2844 1050 2870 et
1068 2839 1208 2869 Cointus
1223 2837 1255 2866 in
1272 2833 1421 2873 Paralip.
1437 2832 1536 2863 simili
1562 2842 1708 2875 appara·

270 2880 359 2920 quod
378 2881 485 2912 Dares
503 2881 633 2923 scribit,
648 2883 765 2915 Paridi
781 2885 960 2920 humando.
1015 2893 1051 2920 tu
1063 2888 1195 2928 Trojam
1211 2888 1384 2926 oppugnat
1395 2891 1447 2915 Xl·
1460 2891 1493 2923 P·
1506 2884 1581 2915 578·
