1889 3194
458 317 628 348 ULRlCI
662 318 908 349 OBRECH'I'I
942 319 1084 351 No'rAE

207 413 242 440 et
259 410 387 441 clarum
405 420 504 443 manu
519 412 647 443 Lumen
664 412 810 444 nefanda
828 423 903 445 ver-

207 460 275 490 tice
291 470 310 491 e
327 471 455 492 summo
472 461 618 494 efferens
642 463 682 494 In
706 474 788 495 saxa
809 464 903 496 ducit

207 509 338 548 perfida
359 511 500 542 classem
525 511 623 543 face.'
671 514 721 544 Ex
739 513 902 554 Euripide

205 561 380 596 translata,
396 561 507 602 quide
521 563 638 594 eadem
653 564 734 594 rein
748 564 899 595 Helena:

204 610 349 642 Πολλοὺς
372 610 404 642 δὲ
429 611 604 652 πυρσεύσας
624 613 782 654 Φλογερὸν
804 613 902 646 σέλας

202 658 281 699 ἀμφὶ
304 659 399 699 ῥυτὰν
421 661 554 696 Εὐβοίαν
578 661 635 693 εἷλ’
650 663 786 702 Ἀχαιῶν
801 664 900 696 Μονό-

202 720 302 741 κωπος
322 710 398 750 ἀνὴρ
417 710 543 751 πέτραις
564 712 735 753 Καφηρίαις
755 715 901 753 ἐμβαλὼν

201 758 342 798 Αἰγαίαις
351 761 378 791 τ’
389 761 522 794 ἐναλίοις
533 762 642 794 ἀκταῖς
653 763 768 794 Δόλων
781 764 900 804 ἀστέρα

201 807 338 848 λάμψας.
375 811 560 850 Sophocles
577 813 744 852 integram
760 814 898 853 Tragoe·

200 858 291 889 diam
307 860 458 900 scripsit,
480 861 576 901 cujus
601 862 720 893 titulus
741 862 899 895 Ναύπλιος

200 908 364 948 πυρκαεὺς,
386 909 561 942 indicante
586 911 761 952 Hesychio
777 913 809 943 in
822 924 897 944 πεσ-

200 956 253 988 σά.
298 959 427 990 Retulit
454 965 567 991 autem
599 965 634 992 et
667 961 896 1002 Apollodorus

198 1016 241 1039 ιι.
270 1006 403 1039 facinus
435 1009 542 1048 istud,
573 1020 613 1041 ac
640 1011 737 1042 simul
763 1021 896 1052 poenam

199 1066 298 1097 quam
326 1058 460 1089 talionis
479 1059 559 1099 jure
586 1060 756 1101 Nauplius
780 1062 895 1093 subiit.

198 1106 264 1137 Sed
303 1107 515 1140 librariorum
552 1109 683 1141 incuria
731 1111 825 1142 locus
862 1112 895 1142 in

198 1157 300 1188 alium
335 1158 436 1198 plane
458 1168 591 1190 sensum
624 1160 780 1192 detortus
816 1166 869 1193 est
886 1173 895 1193 ι

196 1205 299 1240 Οὗτος
319 1208 485 1250 μακρόβιος
505 1209 680 1250 γενόμενος,
705 1210 812 1242 πλέων
837 1211 895 1249 τὴν

195 1256 362 1289 θάλασσαν
389 1260 456 1291 τοῖς
479 1258 681 1298 ἐμπίπτουσιν
703 1260 752 1291 ἐπὶ
775 1261 896 1300 θανάτῳ

195 1307 366 1348 ἐδυσφόρει.
382 1309 499 1347 συνέβη
510 1307 564 1340 οὖν
575 1309 626 1340 καὶ
642 1309 737 1340 αὐτὸν
746 1311 895 1346 τελευτῆ-

195 1367 248 1387 σαι
263 1357 368 1398 ἐκείνῳ
381 1359 428 1397 τῷ
443 1358 563 1398 θανάτῳ
577 1358 656 1400 ᾧπερ
667 1358 774 1391 ἄλλων
788 1366 894 1391 τελευ·

194 1407 359 1445 τησάντων
386 1407 557 1449 ἐδυσφόρει.
614 1410 803 1450 Utrobique
834 1420 893 1450 pro

194 1458 356 1499 ἐδυσφόρει
364 1459 544 1499 legendum
554 1459 715 1501 ἐπυρφόρει
724 1461 775 1491 vel
786 1462 894 1500 ἐφρυκ-

193 1508 295 1549 τῶρει.
341 1508 510 1549 Nauplius
544 1510 700 1540 nimirum
730 1516 895 1550 provecta

188 1558 263 1598 jam
277 1562 377 1590 aetate
391 1568 448 1590 eos
461 1559 518 1600 qui
532 1559 597 1590 sibi
613 1560 645 1590 in
661 1561 743 1590 mari
760 1561 893 1592 obviam

193 1607 275 1640 facti
305 1613 420 1639 essent
450 1607 527 1640 face
554 1609 644 1640 elata
674 1610 716 1640 ad
749 1616 892 1641 mortem

192 1659 371 1691 illexerat:
396 1659 475 1691 inde
487 1660 584 1700 justa
601 1660 746 1691 numinis
764 1661 892 1692 vindic-

192 1715 229 1741 ta
249 1710 408 1751 contigit,
429 1716 467 1741 ut
489 1710 563 1751 ipse
587 1711 691 1741 etiam
716 1710 892 1752 naufragio

191 1759 361 1799 interiret,
393 1760 545 1801 adeoque
575 1760 610 1791 id
640 1762 756 1792 mortis
783 1772 891 1802 genus

191 1810 323 1842 subiret
352 1821 420 1852 quo
449 1811 505 1842 alii
542 1810 618 1842 face
648 1811 753 1852 ipsius
784 1813 891 1844 illecti

190 1861 376 1901 perierant.

235 1911 252 1951 ᾗ
280 1913 300 1941 2
335 1912 469 1942 OEneum
499 1910 692 1942 multimodis
728 1912 891 1953 afflictari]

158 1972 161 1973 ⁷
191 1960 301 1992 Poeta
316 1966 415 1992 vetus
433 1961 522 2002 apud
541 1962 613 1993 Cic.
629 1961 730 1993 Orat.
752 1967 760 1980 ⁸
776 1963 892 1994 Multi-

190 2010 298 2041 modis
322 2020 393 2042 sum
419 2011 671 2042 circumventus
688 2010 818 2051 morbo,
833 2021 891 2042 ex-

190 2060 277 2090 sulio
293 2065 397 2101 atque
414 2059 551 2100 inopia.'
588 2059 815 2101 Apollodorus
832 2062 890 2092 Bi-

190 2110 308 2142 blioth.
326 2111 385 2142 lib.
402 2120 426 2142 1.
457 2110 496 2141 Oi
509 2109 541 2141 δὲ
556 2110 682 2150 Ἀγρίου
694 2113 800 2143 παῖδες
815 2112 890 2151 ἆφε-

190 2159 316 2199 λόμενοι
340 2161 401 2198 τὴν
423 2159 536 2192 Οἰνέως
557 2160 722 2196 βασιλείαν
741 2162 787 2200 τῷ
799 2161 891 2202 πατρὶ

191 2210 319 2249 ἔδωκαν,
344 2209 395 2241 καὶ
426 2209 555 2250 προσέτι
583 2208 684 2249 ζῶντα
711 2210 768 2241 τὸν
798 2210 891 2242 Οἰνέα

190 2260 400 2301 καθείρξαντες
413 2258 568 2301 ᾐκιζοντο.

233 2314 283 2353 §3
302 2311 400 2349 Citius
416 2311 493 2352 filia
519 2311 553 2341 in
576 2310 807 2342 matrimonium
831 2313 889 2343 AE-

186 2361 288 2401 gisthi
299 2361 499 2402 denupserat]
523 2360 625 2392 Ovid.
653 2361 795 2392 Metam.
821 2370 889 2393 xii.

188 2414 197 2429 ‘
211 2412 287 2442 Nec
304 2410 416 2441 Ca’nis
433 2411 466 2441 in
484 2410 570 2440 ullos
592 2411 766 2450 Denupsit
782 2411 889 2442 thala-

190 2460 286 2492 mos!
299 2459 566 2501 Ἐμφατικῶτερον
580 2460 688 2491 Taciti
701 2461 781 2492 illud
798 2462 889 2494 Ann-

190 2519 243 2542 vx.
260 2512 314 2541 27.
329 2515 339 2529 ‘
351 2511 437 2541 Pars
453 2510 605 2540 moeroris
618 2508 684 2540 fuit
695 2511 784 2550 quod
794 2511 889 2543 Julia

189 2559 293 2590 Drusi
310 2558 379 2590 filia
390 2559 555 2599 denupsit
568 2558 601 2589 iu
615 2559 749 2590 domum
763 2560 888 2592 Rubel-

189 2609 226 2640 lii
243 2608 389 2640 Blandi!

234 2659 252 2699 ς
267 2662 288 2690 4
314 2658 413 2690 Multi
428 2657 562 2697 undique
576 2657 667 2688 virile
685 2667 721 2688 ac
742 2658 889 2690 muliebre

189 2717 267 2739 sexu
277 2708 451 2750 confluunt]
463 2709 609 2739 Veteres
618 2710 627 2725 ‘
637 2717 734 2738 secus
744 2710 752 2723 ’
761 2709 888 2740 scribe-

191 2757 286 2797 bant,
303 2763 350 2797 et,
368 2763 403 2788 ut
420 2759 465 2788 ait
481 2758 671 2797 Sosipater,
695 2767 756 2797 per
773 2768 888 2790 omnes

191 2817 288 2838 casus
305 2807 438 2847 integra
454 2806 565 2838 forma
580 2807 808 2840 declinabant.
835 2809 888 2840 Ita

190 2858 328 2890 Sallust.
355 2858 446 2889 Hist.
463 2861 493 2889 2.
517 2857 697 2899 ‘Undique
725 2858 821 2891 virile
848 2869 887 2892 ac

1119 321 1168 351 ιΝ
1206 322 1299 353 [ΑΒ.
1334 325 1396 353 vi.
1568 316 1650 356 617

953 413 1118 446 muliebre
1135 425 1230 447 secus
1248 426 1309 457 per
1325 417 1395 448 vias
1411 421 1447 449 et
1464 422 1557 450 tecta
1579 430 1649 450 om-

952 465 1043 496 nium
1061 466 1246 499 visebatur.
1280 468 1482 499 Petronius:
1507 470 1647 510 ‘quibus

953 515 980 545 si
1007 515 1054 546 uil
1079 516 1168 546 aliud
1200 517 1295 547 virile
1321 527 1418 549 secus
1446 523 1536 550 esset
1558 520 1647 560 quod

952 565 1198 597 auxiliaretur.’
1242 567 1356 598 Livius
1384 577 1483 599 xxvi.
1499 571 1552 601 47.
1574 571 1583 587 ⁴
1597 570 1652 601 Li·

951 613 1109 645 berorum
1124 616 1274 656 capitum
1292 617 1390 649 virile
1408 628 1504 650 secus
1522 619 1565 650 ad
1590 619 1649 650 de-

951 673 1024 695 cem
1041 665 1145 696 millia
1160 665 1285 705 capta?
1328 667 1507 700 Interdum
1535 674 1648 700 tamen

951 717 986 744 et
1016 723 1115 745 sexus
1145 715 1264 747 eodem
1295 717 1394 748 modo
1424 719 1647 759 usurpabant.

951 762 1094 794 Sisenna
1109 764 1199 796 Hist.
1211 768 1244 797 4.
1262 767 1351 806 apud
1367 767 1535 799 Nonium:
1552 770 1646 800 ‘tum

951 811 985 841 in
1007 821 1101 843 muro
1119 814 1211 844 virile
1230 824 1268 845 ac
1284 816 1450 848 muliebre
1470 827 1570 848 sexus
1587 828 1646 859 po-

951 861 1021 900 puli
1065 862 1284 894 multitudiue
1326 865 1416 896 omni
1453 866 1648 899 collocata!

947 908 1061 941 Plaut.
1083 910 1166 943 Rud.
1183 921 1208 943 1.
1226 914 1256 944 1.
1271 917 1279 930 ‘
1295 913 1448 945 Filiolam
1465 924 1529 955 ego
1546 926 1643 947 uuam

946 958 1060 998 habui,
1076 970 1219 1002 eamque
1243 971 1342 993 unam
1366 963 1512 1003 perdidi,
1534 965 1645 996 Virile

947 1019 1048 1040 sexus
1066 1020 1235 1052 nunquam
1254 1013 1356 1044 ullum
1371 1013 1498 1045 habui.'

989 1061 1035 1100 §5
1056 1060 1143 1092 Inter
1158 1061 1294 1103 Scyllum
1309 1067 1340 1094 et
1358 1063 1548 1105 Charybdim
1559 1075 1645 1097 mare

944 1110 1147 1141 saevissimum
1158 1115 1188 1142 et
1202 1112 1292 1142 illuto
1305 1112 1428 1144 sorbere
1437 1113 1576 1153 solitum]
1591 1115 1644 1145 Ex

945 1160 1107 1192 Sallustio
1151 1167 1309 1198 sumtum,
1350 1165 1448 1204 cujus
1492 1165 1644 1196 testimo-

946 1210 1038 1240 nium
1063 1210 1181 1242 Servio
1204 1211 1368 1244 debemus
1400 1213 1441 1244 ad
1477 1223 1534 1245 ιιι.
1569 1214 1645 1245 AEn.

945 1259 1003 1290 ubi
1029 1259 1072 1290 de
1100 1261 1284 1302 Charybdi,
1313 1262 1455 1294 ‘Sorbet
1486 1264 1644 1295 universa

946 1319 1020 1350 quae
1038 1311 1234 1350 prehendit,
1257 1316 1292 1342 et
1308 1312 1493 1343 secundum
1516 1314 1643 1344 Sallus-

945 1360 1027 1390 tium
1039 1370 1078 1390 ea
1094 1361 1187 1391 circa
1200 1361 1518 1393 Tauromenitanum
1530 1364 1642 1403 egerit

944 1408 1063 1440 huus!
1097 1410 1257 1450 Sequitur
1282 1411 1380 1450 paulo
1406 1411 1544 1442 inferius
1569 1413 1641 1451 ipse

942 1459 1093 1490 Sallustii
1125 1460 1232 1500 locus,
1273 1462 1383 1501 ‘quod
1415 1461 1506 1493 forte
1534 1463 1641 1494 inlata

944 1508 1159 1550 (naufragia)
1174 1510 1312 1541 sorbens
1326 1511 1514 1551 gurgitibus
1530 1513 1641 1543 occul-

944 1559 985 1589 tis
998 1559 1103 1589 millia
1116 1559 1585 1599 sexagintaTauromenitana
1599 1561 1640 1593 ad

942 1608 1061 1639 littora
1078 1608 1204 1640 trahit.'

985 1660 1002 1700 ᾗ
1018 1661 1037 1689 7
1056 1659 1277 1698 Neoptolemus
1291 1661 1374 1700 apud
1384 1661 1535 1693 Molossos
1547 1673 1640 1694 naz-es

940 1712 1102 1749 quassatas
1116 1710 1349 1750 tempestatibus
1363 1711 1480 1753 reficit]
1511 1713 1641 1745 Utcun-

941 1768 1006 1799 que
1022 1760 1143 1798 longus
1160 1769 1200 1790 ac
1216 1759 1363 1791 difficilis
1387 1771 1406 1791 a
1422 1763 1581 1794 Molossis
1597 1763 1639 1794 ad

941 1809 1122 1849 Magnetes
1146 1808 1249 1841 fuerit
1273 1810 1534 1851 περίπλους,ηοη
1561 1823 1638 1854 pos-

940 1866 1020 1892 sunt
1044 1865 1155 1891 tamen
1173 1861 1226 1892 hic
1240 1861 1296 1892 alii
1322 1862 1464 1894 Molossi
1490 1864 1638 1905 intelligi

941 1920 1040 1950 quam
1057 1920 1140 1951 quos
1159 1911 1388 1950 Neoptolemo
1405 1913 1544 1954 ejusque
1562 1924 1638 1954 pos-

940 1961 1023 1990 teris
1040 1961 1073 1991 in
1090 1960 1195 2000 Epiro
1211 1961 1365 2001 paruisse
1379 1963 1499 1993 scribit
1515 1964 1639 1996 Strabo

941 2019 1006 2040 vn.
1028 2015 1064 2041 et
1080 2010 1121 2041 ad
1136 2020 1222 2050 quos
1245 2016 1323 2051 post
1348 2017 1493 2043 mortem
1522 2014 1638 2054 Neop-

940 2059 1056 2090 tolemi
1071 2059 1344 2091 Andromacham
1366 2062 1538 2093 remissam
1564 2073 1638 2095 esse

939 2108 1079 2140 iuferius
1098 2111 1150 2140 13.
1183 2109 1368 2150 Septimius
1391 2116 1568 2143 memorat.
1594 2113 1637 2144 de

939 2158 1058 2190 iisdem
1073 2159 1231 2199 Virgilius
1249 2159 1322 2192 ΖΕΒ.
1338 2169 1395 2192 111.
1417 2163 1426 2178 ‘
1440 2162 1637 2195 Priamiden

941 2209 1112 2240 Helenum
1135 2210 1258 2240 Graias
1283 2219 1427 2249 regnare
1452 2221 1513 2251 per
1537 2213 1637 2245 urbes

940 2259 1109 2300 Conjugio
1123 2259 1273 2290 AEacidae
1285 2259 1407 2300 Pyrrhi
1423 2263 1638 2304 sceptrisque

940 2309 1109 2349 potitum.’
1138 2310 1182 2340 Et
1198 2309 1383 2350 deinceps:
1409 2312 1418 2328 ‘
1433 2312 1549 2343 Morte
1567 2314 1637 2344 Ne-

939 2359 1114 2398 optolemi,
1151 2368 1332 2399 regnorum
1364 2360 1497 2393 reddita
1534 2364 1638 2396 cessit

940 2408 1026 2438 Pars
1052 2407 1224 2439 Helenm’
1247 2408 1373 2439 ibidem
1400 2410 1443 2441 de
1466 2413 1636 2444 erroribus

941 2457 1174 2498 Neoptolemi,
1187 2457 1423 2490 Andromacha
1435 2471 1443 2491 ε
1455 2462 1465 2478 ⁴
1479 2461 1563 2502 Nos,
1580 2473 1638 2503 pa-

940 2507 1005 2538 tria
1019 2509 1165 2543 incensa,
1177 2508 1313 2539 diversa
1330 2519 1392 2549 per
1410 2520 1547 2551 aequora
1559 2522 1636 2544 vec-

939 2563 997 2597 tae,
1012 2558 1134 2598 Stirpis
1150 2557 1313 2588 Achilleae
1330 2557 1437 2590 fastus
1457 2562 1636 2601 juvenem-

939 2617 1005 2648 que
1033 2607 1214 2647 superbum
1245 2607 1394 2639 Servitio
1422 2610 1532 2641 euixae
1560 2613 1638 2644 tuli-

938 2656 1032 2689 mus!
1067 2656 1172 2688 Refer
1196 2657 1261 2688 huc
1288 2661 1324 2689 et
1350 2658 1392 2688 ad
1417 2662 1596 2700 sequentia
1615 2673 1634 2694 e

939 2707 1080 2737 Pindari
1111 2706 1251 2738 Nemeis
1285 2707 1354 2739 Od.
1391 2711 1422 2739 4.
1456 2710 1515 2740 ubi
1545 2711 1636 2743 inter

938 2762 1082 2788 caetera:
1106 2759 1194 2787 Θέτις
1215 2755 1247 2787 δὲ
1263 2759 1371 2796 κρατεῖ
1390 2758 1475 2799 Φθίᾳ,
1497 2762 1635 2793 Νεοπτό-

937 2813 1030 2846 λεμος
1055 2807 1081 2837 δ’
1103 2806 1244 2848 Ἀπείρῳ.
1282 2808 1469 2840 Pausanias
1493 2811 1526 2841 iu
1543 2811 1634 2843 Atti·

936 2859 983 2890 cis
1009 2857 1051 2890 de
1077 2857 1219 2890 eodem:
1246 2858 1304 2896 τὴν
1325 2857 1381 2897 μὲν
1404 2860 1433 2891 ἐς
1456 2861 1634 2894 Θεσσαλίαν
