1889 3194
239 297 323 338 388

752 308 951 339 JOSEPHl
990 309 1152 339 lSCANl

238 401 355 451 Quin
378 402 531 456 potius
555 403 664 444 seris
684 404 850 456 gladius
870 404 977 457 quid
999 404 1196 444 conferat
1217 402 1338 443 ausis
1495 455 1498 459 ¹

238 468 537 510 Monstrorum
557 470 742 512 domitor
760 471 1033 511 reminiscere
1052 484 1062 511 ε
1095 470 1311 521 Pergama
1331 480 1488 522 poenas

235 535 455 586 Pendant,
475 540 519 577 et
536 538 703 578 meritis
724 537 926 591 perjuros
947 537 1082 590 perde
1103 536 1254 576 ruinis.

1593 534 1678 576 285

235 601 310 642 Sic
332 602 520 653 Phoebe,
541 604 800 656 liquidoque
820 603 850 644 J
855 603 928 644 ovi
947 603 1125 643 ducture
1145 600 1422 655 triumphum,

232 668 308 710 Sic
332 669 425 719 tibi,
446 670 510 711 sic
532 671 703 711 Danais
721 684 732 721 ;
765 670 1015 723 docilesque
1033 669 1196 710 instare
1217 669 1449 721 Pelasgos,

232 735 338 776 Non
354 735 536 789 fugisse,
556 737 711 784 sciant,
732 737 807 790 qui
828 749 925 776 cum
948 739 1134 788 potuere
1155 736 1324 785 minari,

231 801 289 841 Et
310 807 494 855 potuere
515 804 622 856 pati.

680 803 849 843 Tacitis
870 803 935 843 sic
958 803 1188 856 questibus
1209 803 1314 844 iram

230 868 487 920 Exacuens,
505 882 699 910 summos
720 870 910 910 animum
932 870 1137 923 procudit
1157 871 1202 911 in
1220 882 1369 911 ausus.

1591 867 1676 908 290

287 936 420 976 Haud
442 949 569 976 secus
588 937 766 977 exilium
783 942 921 989 gratae
944 938 1180 991 dequestus
1202 949 1345 977 arenae

227 1000 428 1042 Armenti
447 1002 656 1055 princeps
675 1003 874 1044 lunatum
895 1004 1026 1045 robur
1045 1005 1089 1045 in
1111 1016 1245 1045 ornos

227 1068 421 1121 Asperat
442 1069 658 1122 objectas,
676 1075 717 1110 et
737 1083 784 1110 se
805 1083 1073 1124 praemensus
1094 1071 1138 1111 in
1158 1069 1327 1111 hostem

227 1134 330 1175 Otia
351 1135 458 1176 dura
478 1137 600 1188 gerit,
620 1139 662 1177 et
682 1137 839 1189 praelia
859 1137 1041 1191 pulchra
1060 1137 1232 1190 figurat,

229 1201 392 1242 Fronte
412 1201 573 1252 furens,
591 1202 835 1256 pulsasque
856 1203 993 1257 pudet
1009 1217 1096 1245 non
1113 1204 1304 1257 frangere
1323 1203 1496 1256 sylvas:

1587 1201 1672 1242 295

225 1267 334 1309 Inde
358 1268 482 1310 thoro
502 1270 681 1310 meliore
703 1270 828 1320 redit,
850 1275 1133 1324 veteremque
1153 1270 1375 1323 repulsam

225 1334 470 1384 Excusans,
493 1336 635 1376 victor
655 1341 817 1389 regnat,
840 1338 1051 1391 lauroque
1073 1337 1285 1392 superbit.

281 1401 376 1443 Vix
398 1403 562 1455 primos
584 1403 685 1443 belli
709 1412 855 1444 motus
874 1404 1110 1446 libraverat
1131 1405 1271 1453 heros,

221 1469 282 1510 Et
298 1469 391 1523 jam
414 1470 531 1511 fania
550 1470 734 1523 loquax,
756 1471 937 1524 rapiens
958 1485 1012 1512 ex
1035 1484 1141 1512 aure
1160 1475 1409 1525 potentum,

222 1535 353 1585 Quod
373 1539 485 1577 serat
506 1537 549 1577 in
570 1536 744 1589 vulgus,
765 1537 954 1590 pavidas
975 1538 1094 1591 quod
1115 1541 1296 1591 spargat
1316 1537 1360 1577 in
1381 1536 1526 1585 urbes,

1586 1535 1670 1576 300

221 1602 383 1643 Praelia
403 1606 518 1644 mota
543 1603 689 1644 canit:
721 1603 895 1645 illamne
916 1604 1118 1645 nocentis
1138 1603 1304 1645 Averni

222 1668 495 1722 Progeniem,
517 1670 677 1711 coeline
695 1682 790 1710 rear
805 1671 824 1710 'l
856 1683 955 1723 quae
978 1683 1197 1712 murmura
1217 1682 1356 1711 rerum

873 1778 1012 1811 NOTAE

260 1866 323 1894 290
349 1863 496 1894 Animum
509 1864 649 1903 procudit
663 1864 696 1894 in
706 1863 813 1904 ausus]
831 1863 917 1895 Var-

217 1923 273 1943 ro:
301 1912 466 1951 ‘legendo
479 1918 514 1943 et
529 1913 710 1943 scribendo
722 1913 824 1944 vitani
840 1923 915 1953 pro-

218 1962 358 1993 cudito.'
382 1971 439 1993 111.
462 1962 504 1993 de
522 1963 571 1993 Re
594 1963 742 1997 Rustica,
765 1965 774 1979 ‘
789 1963 914 2002 gallina

222 2012 362 2043 excudit
374 2012 490 2052 t’quod
502 2022 584 2043 cave
597 2013 628 2043 in
639 2013 773 2043 excludit
787 2018 914 2051 vertas;

223 2062 421 2103 frequentat
451 2063 554 2101 enim,
579 2067 614 2093 ut
640 2062 779 2093 ‘excusi
808 2062 914 2102 pulli.’

218 2114 355 2143 Luci-et.
369 2113 417 2142 v.‘
433 2112 619 2152 procudere
629 2111 637 2123 ⁹
651 2113 660 2129 ‘
671 2112 812 2151 prolem,
826 2112 913 2143 visus

216 2162 375 2201 procudit
394 2162 528 2202 agitque
543 2160 658 2201 Acras
671 2161 845 2201 aliquoties
861 2171 913 2192 ιν.

215 2213 289 2243 Cic.
301 2216 331 2243 3.
345 2213 386 2243 de
399 2213 496 2244 Orat.
522 2213 531 2229 ‘
545 2211 731 2251 procudere
743 2212 913 2250 linguam.’

214 2262 357 2302 Virg.G.
368 2271 390 2293 1.
398 2262 567 2302 ‘procudit
578 2265 688 2291 arator
696 2261 847 2291 Vomeris
856 2261 912 2292 ob-

214 2312 279 2342 tusi
293 2311 429 2342 dentem
439 2310 461 2343 :’
474 2310 561 2352 quod
574 2309 740 2350 ’γνήσιόντι
753 2311 912 2351 loquitur.

254 2365 315 2392 291
348 2362 445 2393 Haud
473 2371 559 2392 secus
587 2361 729 2401 exilium]
765 2361 910 2401 Elegans

214 2413 434 2452 comparatio,
462 2421 561 2452 quam
593 2410 808 2441 contendesis
836 2420 910 2442 cum

213 2461 290 2495 illis,
312 2472 395 2502 quas
416 2463 580 2492 maximus
603 2461 757 2500 Scaliger
780 2461 814 2491 in
837 2461 912 2501 Hy-

213 2511 394 2550 percritico
411 2516 542 2542 censet.

255 2563 318 2590 298
352 2561 479 2591 Primos
509 2560 581 2590 belli
613 2563 713 2590 motus
742 2559 910 2590 libraverat

212 2608 314 2648 heros]
342 2609 468 2640 Noster
496 2609 627 2640 Daretis
644 2612 745 2639 vento
762 2608 910 2648 navigat,

212 2658 327 2697 itaque
345 2658 600 2689 subsecuturam
614 2658 673 2689 dat
686 2657 799 2697 Trojae
811 2667 907 2688 ever-

212 2706 359 2736 sionem:
386 2707 439 2736 alii
458 2717 614 2747 magnum
632 2713 759 2747 ponunt
777 2712 907 2746 tempo-

214 2755 258 2784 iis
276 2755 505 2786 interstitium.
544 2756 629 2786 Vide
648 2757 760 2787 Illust.
778 2756 906 2795 Scalig.

213 2808 244 2836 in
266 2806 445 2838 Emeum.
464 2808 554 2838 Nihil
580 2809 663 2839 :idco
680 2809 838 2848 frequens
858 2809 906 2840 ls-

972 1875 1056 1896 cano
1068 1865 1158 1906 huic,
1173 1874 1271 1907 quam
1284 1864 1364 1896 illud
1382 1864 1505 1896 librare.
1531 1868 1540 1882 ⁴
1552 1863 1667 1896 Libra-

973 1915 1020 1945 vit
1038 1914 1070 1945 in
1087 1914 1207 1953 a1·ces‚’
1227 1923 1266 1946 11.
1289 1916 1298 1931 ‘
1314 1914 1451 1945 Librato
1468 1923 1583 1952 gressu
1598 1912 1666 1943 for-

972 1963 1252 2004 mamjuvat,'1v.
1271 1968 1280 1982 ‘
1292 1968 1326 1994 et
1342 1963 1407 1993 linc
1422 1963 1500 1993 illuc
1517 1971 1665 2001 gressum

971 2012 1120 2044 librans.'
1142 2013 1152 2029 ‘
1162 2013 1301 2044 Librato
1315 2012 1460 2043 culmine
1472 2016 1590 2052 pectus
1602 2012 1666 2042 eri-

969 2061 1043 2102 git‚'
1060 2071 1109 2094 lv.
1141 2063 1150 2080 ‘
1163 2063 1309 2093 stabiles
1325 2062 1470 2092 libratur
1494 2062 1527 2092 in
1548 2061 1665 2097 artus,’

968 2120 1017 2143 1v.
1041 2113 1050 2129 ‘
1066 2111 1275 2151 Noctivagos
1302 2110 1450 2141 librabat
1477 2110 1603 2151 equos‚’
1631 2119 1665 2141 v.

970 2162 1114 2192 ‘'rensos
1127 2161 1252 2192 librant
1268 2161 1299 2191 in
1313 2160 1403 2191 bella
1416 2160 1584 2192 lacertos!
1603 2160 1664 2191 ‘In

966 2212 1086 2242 mediis
1100 2221 1136 2242 se
1161 2210 1262 2242 librat
1286 2209 1404 2251 aquis.'
1446 2210 1502 2241 Sic
1523 2218 1563 2241 11.
1587 2211 1596 2227 ‘
1612 2210 1664 2241 Si-

966 2261 1102 2292 deream
1116 2261 1214 2292 famae
1226 2259 1372 2299 libram‚'
1387 2264 1424 2290 ut
1437 2259 1663 2300 Symmachus,

968 2311 1071 2342 ‘libra
1100 2310 1281 2352 aequissimi
1300 2308 1452 2350 judiciiz’
1473 2310 1481 2325 ‘
1497 2313 1597 2339 nutus
1627 2309 1665 2339 li-

965 2360 1096 2391 brantis
1123 2359 1287 2398 habenae,'
1310 2368 1350 2390 11.
1372 2363 1381 2375 ‘
1397 2367 1509 2388 rerum
1538 2357 1662 2388 librare

965 2410 1082 2446 vices:
1099 2419 1153 2441 ιιι.
1172 2414 1180 2427 ‘
1194 2408 1332 2441 Consilii
1348 2407 1471 2438 librata
1486 2405 1598 2446 fides‚’
1613 2415 1662 2437 xv.

965 2464 973 2476 ‘
984 2459 1137 2490 librantis
1147 2458 1285 2489 habenae
1297 2456 1376 2487 Non
1389 2455 1507 2485 vendit
1519 2454 1660 2490 nutum,'

966 2519 999 2541 v.
1046 2510 1102 2540 Sic
1119 2509 1213 2548 Virg.
1236 2506 1361 2537 ‘telum
1377 2504 1526 2535 librabat
1542 2503 1583 2535 ab
1600 2514 1658 2535 au-

964 2562 1025 2599 re,’
1054 2567 1109 2590 lx.
1133 2557 1208 2588 AEn.
1250 2555 1354 2587 Ovid.
1376 2553 1547 2594 ‘jaculum
1567 2553 1658 2594 quod

963 2610 1084 2641 dextra
1098 2604 1267 2639 librabat!
1312 2603 1434 2644 Papin.
1453 2604 1462 2620 ‘
1476 2601 1657 2634 formidine

963 2659 1084 2700 gaudia
1108 2654 1232 2693 librat,’
1255 2662 1334 2684 vin.
1380 2652 1389 2668 ‘
1403 2652 1481 2682 Huc
1498 2661 1535 2683 se
1550 2661 1658 2683 ραι-ιι-

963 2710 1014 2740 leo
1038 2706 1176 2738 libravit
1191 2704 1232 2735 ab
1251 2703 1376 2734 aetliere
1395 2701 1513 2742 virgo.'
1555 2702 1564 2718 ⁴
1580 2702 1655 2733 Nec

962 2759 1085 2788 librare
1102 2752 1233 2786 metus!

1004 2810 1065 2838 302
1082 2806 1159 2841 Quoe
1175 2812 1331 2834 murmura
1348 2811 1448 2833 rerum
1461 2802 1655 2841 extenebrat]
1694 2819 1698 2822 -
