1889 3194
544 321 607 350 DE
641 321 796 350 BELLO
828 321 1054 352 TROJANO
1086 321 1181 351 ΜΒ.
1213 322 1279 351 lv.

1544 314 1630 353 479

187 412 331 463 Quem
352 425 460 453 suus
481 421 701 454 auctorem
719 414 910 456 mundus
927 419 1056 455 sonat
1073 428 1084 456 ;
1113 415 1200 456 ista
1220 415 1416 468 priorum

188 480 338 520 Noxia
359 480 619 532 simplicitas
639 480 681 520 in
702 487 877 523 nostros
898 481 1053 522 defluit
1073 494 1227 531 annos,

1541 480 1627 522 230

186 546 472 599 Incestatque
490 546 646 586 fidem:
677 560 778 587 nam
801 560 881 588 ceu
900 548 1157 588 Balearicus
1179 560 1316 600 augur

186 613 384 654 Gentiles
403 612 631 665 distinguit
650 626 771 663 aves,
795 614 866 654 vel
885 627 1008 663 voce,
1027 615 1097 655 vel
1118 614 1218 663 alis,

183 678 273 719 Vel
295 681 420 731 gestu
440 680 579 729 vario,
599 681 798 720 venturis
820 681 967 721 omina
988 680 1170 729 ducens,

183 744 419 786 Ridentem
440 746 503 785 sic
524 746 620 786 odit
639 758 748 787 anus
769 760 974 799 praesaga
996 759 1213 800 soporem,

182 811 257 852 Sic
278 812 366 852 oris
387 812 521 852 vacui
543 825 693 853 casum
714 813 854 862 timet,
877 826 1039 865 augure
1061 814 1222 866 plausu

180 877 344 919 Pieriae
364 878 559 918 volucris
579 882 654 919 aut
673 879 816 920 indice
836 881 1009 921 nuntiat
1028 892 1149 929 aure,

180 943 448 996 Hospitibus
470 957 706 993 numerum,
728 945 1045 987 discessurisve
1071 959 1307 987 recessum.

238 1010 382 1051 Multa
399 1010 577 1063 quidem
599 1016 777 1064 captata
800 1013 875 1053 diu
892 1012 1068 1054 fortuna
1089 1018 1244 1054 secuta

179 1076 386 1131 Expedit,
404 1077 702 1131 insidiansque
722 1079 841 1120 hosti
860 1080 974 1120 male
996 1079 1171 1121 credula
1192 1079 1308 1120 fallit

828 1224 971 1257 NOTAE

218 1300 280 1329 231
305 1299 621 1340 Incestatquefidem]
642 1299 729 1330 Vide
747 1309 771 1330 ι.
797 1302 870 1331 159.

221 1348 306 1378 Nam
332 1358 386 1379 ceu
406 1349 590 1380 Balearicus
612 1349 727 1389 augur]
756 1348 871 1389 Angu-

175 1396 226 1427 rio
249 1406 416 1438 nunqnam
441 1399 601 1429 Baleares
619 1399 747 1438 egregii
764 1398 871 1430 fuere.

174 1447 250 1478 Nec
259 1447 372 1479 Strab.
383 1457 440 1479 nt.
452 1458 484 1488 p.
497 1451 568 1480 116.
579 1458 641 1479 nec
652 1448 870 1486 fflolemaens,

172 1505 237 1527 nec
254 1497 436 1537 Dionysius
452 1497 549 1537 Afer,
571 1503 629 1528 aut
650 1498 790 1537 Plinius,
811 1503 869 1530 aut

173 1546 368 1577 Marcianus
379 1547 614 1586 Heracleotes,
623 1548 798 1588 quicquam
809 1557 867 1578 au-

172 1595 259 1636 gurii
276 1596 441 1627 Balearici
458 1597 642 1628 meminere
656 1607 665 1635 ;
679 1597 788 1627 malim
806 1597 868 1628 ita-

170 1655 236 1686 que
260 1645 453 1687 Babylonius
476 1647 601 1686 legere,
624 1652 662 1678 ut
679 1646 799 1678 Claud.
823 1646 866 1678 de

170 1703 220 1726 lv.
244 1696 344 1727 Cons.
369 1696 524 1735 Honorii,
547 1696 697 1737 quamvis
714 1696 864 1737 astrispi-

169 1754 227 1776 ces
243 1745 303 1782 illi,
322 1755 388 1777 non
404 1756 546 1786 augures
561 1756 571 1785 3
595 1747 653 1777 sed
669 1745 865 1787 πλατύτερον

169 1794 370 1826 vocabulum
400 1796 528 1835 augurii
558 1806 739 1836 sumamus,
762 1801 800 1828 nt
814 1797 865 1828 Si-

168 1844 244 1883 lius,
277 1849 286 1863 ‘
300 1844 486 1886 Augurium
515 1846 661 1877 mentis.'
706 1847 781 1878 Nisi
811 1857 864 1878 me

168 1894 369 1934 conjectura
395 1895 494 1935 fallit,
523 1896 556 1926 in
582 1896 740 1937 Papinio,
764 1907 863 1938 quem

168 1943 288 1975 crebro
301 1944 465 1984 imitatur,
479 1955 582 1984 augur
598 1947 693 1986 legit,
708 1947 774 1977 isto
789 1957 863 1977 ver-

168 2002 231 2024 su:
253 1994 310 2024 ‘et
333 1998 432 2026 tortae
451 1995 647 2026 Balearicus
663 2001 783 2027 anctor-
805 1996 863 2028 ha-

169 2042 292 2074 benae.'

209 2094 274 2123 232
287 2092 429 2124 Gentiles
443 2093 612 2133 distinguit
624 2105 706 2134 aves,
722 2096 771 2126 vel
781 2106 863 2135 voce,

169 2141 218 2172 vel
231 2141 302 2181 alis,
317 2141 374 2173 Vel
386 2146 478 2180 gestu
492 2143 597 2182 vario]
620 2144 672 2174 De
690 2144 862 2184 Auguriis,

168 2189 340 2229 auspiciis,
353 2196 387 2221 et
401 2191 556 2231 tripudiis
570 2193 750 2232 pullorum,
761 2194 859 2225 Cice-

166 2248 203 2269 ro
228 2238 271 2269 de
298 2239 412 2271 Divin.
443 2241 634 2280 Penrerns;
668 2241 862 2273 Artemido-

166 2298 247 2328 rns3
274 2289 388 2320 Valer.
416 2290 557 2320 Maxim.
578 2291 665 2321 libro
682 2291 723 2321 de
748 2292 860 2332 religi-

163 2348 250 2377 one;
266 2339 457 2370 Fenestella
473 2340 602 2380 prolixe
619 2340 661 2371 de
679 2342 744 2372 ritu
758 2351 859 2381 angn-

165 2388 281 2426 randi,
274 2399 281 2406 ·
306 2389 432 2419 Statius
450 2389 573 2429 Papin-
588 2398 644 2420 ιιι.
659 2389 767 2421 Theb.
784 2400 859 2430 gra-

163 2436 290 2476 phice;
327 2436 525 2468 Ammianus
542 2438 761 2469 Marcellinus
778 2448 858 2471 xm.

162 2486 414 2518 salisberiensis
440 2487 482 2517 de
500 2487 597 2527 nugis
614 2487 797 2518 Cnrialinm
816 2497 857 2520 11.

162 2539 193 2567 1
214 2535 312 2567 Alex.
329 2538 370 2567 ab
387 2535 486 2567 Alex.
509 2542 545 2568 et
566 2537 734 2577 Tiraquel.
750 2546 784 2569 v.
808 2540 860 2569 19.

162 2585 588 2626 Scalig.Auson-Lect.1.
606 2588 658 2617 16.

203 2637 267 2666 234
291 2635 460 2666 Ridenlem
483 2635 529 2666 sic
543 2635 609 2666 odit
625 2645 702 2666 anus
714 2646 859 2676 proesaga

160 2684 311 2726 soporem]
350 2685 637 2727 Astrampsychus
669 2686 856 2718 Onnum-it.

162 2737 265 2767 Γελῶν
280 2736 347 2767 καθ’
370 2736 494 2774 ὕπνους,
516 2735 684 2777 δυσφόρους
700 2735 774 2776 ἔξεις
788 2736 857 2777 τρό-

160 2797 247 2818 πους.
275 2786 492 2827 Nicephorus
507 2788 688 2818 Constant.
702 2788 808 2825 γελῶν
823 2787 857 2817 ἐν

161 2835 256 2877 ὕπνῳ,
269 2836 474 2878 δυσφορήσεις
487 2836 518 2876 ἐξ
532 2836 637 2868 ὕπνου.
662 2836 854 2869 Artemido-

924 1309 980 1331 rus
993 1309 1034 1331 11.
1050 1302 1103 1332 65.
1116 1299 1167 1331 καὶ
1181 1300 1219 1331 τὸ
1234 1299 1354 1340 χαίρειν
1368 1298 1410 1331 εἷς
1421 1298 1459 1331 τὸ
1482 1300 1621 1332 ἐναντίον

922 1348 1121 1389 τρεπόμενον,
1130 1349 1233 1386 λύπην
1247 1349 1452 1391 προαγορεύει.
1488 1351 1618 1382 Eadem

923 1398 1151 1439 ὄνειροπολοῦσι
1166 1399 1338 1430 Achmetis
1360 1400 1568 1440 conjectnrae
1585 1410 1616 1431 c.

923 1451 997 1478 254.

965 1500 1026 1527 235
1051 1496 1106 1527 Sic
1127 1498 1191 1528 oris
1212 1497 1301 1528 vacui
1317 1507 1419 1529 casum
1433 1498 1536 1538 timet]
1559 1499 1617 1530 In-

922 1547 1112 1586 telligerem
1127 1546 1168 1576 de
1185 1546 1381 1578 diductione
1398 1548 1477 1587 oris,
1490 1548 1521 1578 in
1536 1559 1618 1587 χασ-

919 1596 976 1636 μῇ,
991 1604 1064 1636 quae
1075 1594 1232 1635 τυχόντως
1248 1596 1319 1627 fieri
1328 1598 1434 1628 solet:
1452 1598 1511 1628 sed
1526 1599 1616 1629 alind

920 1645 1064 1676 innuunt
1082 1645 1148 1681 illa,
1161 1654 1194 1677 v.
1206 1649 1281 1677 435.
1298 1647 1307 1664 ‘
1321 1647 1427 1677 nudos
1441 1647 1535 1678 videt
1548 1649 1616 1680 oris

918 1695 1030 1725 hiatus
1046 1695 1254 1735 Sanguineos
1271 1695 1399 1727 foedare
1416 1696 1532 1728 sinns.’

959 1746 1023 1776 236
1046 1744 1163 1774 Pieria?
1188 1745 1337 1785 volucris]
1361 1744 1464 1777 Picae.
1520 1747 1614 1778 Pieri

918 1794 1006 1824 enim
1032 1794 1230 1824 Macedonis
1246 1794 1334 1825 filias
1353 1795 1384 1826 in
1402 1796 1493 1835 picas
1508 1801 1615 1828 trans-

917 1842 1041 1882 figurat
1056 1842 1160 1873 Ovid.
1177 1852 1212 1873 v.
1230 1843 1372 1874 Metam.
1400 1843 1453 1875 Ad
1471 1855 1614 1886 sequen-

918 1893 967 1923 tia
995 1891 1086 1923 refer
1115 1892 1282 1932 Adagium
1314 1893 1501 1926 Graecnm:
1525 1894 1616 1935 Εἶρὴν

916 1941 973 1980 μὲν
988 1939 1082 1981 φίλον
1096 1941 1264 1983 ἀγγέλλει,
1286 1944 1383 1982 ξεῖνον
1405 1942 1438 1974 δὲ
1461 1943 1614 1982 μέλισσα.

917 1993 960 2024 de
976 2003 1043 2033 quo
1060 1994 1233 2031 Erasmus,
1248 1994 1377 2025 Suidas.

960 2042 1026 2074 Aut
1043 2042 1145 2073 indice
1159 2042 1284 2073 nuntiat
1298 2043 1388 2083 aure]
1411 2045 1612 2081 Κληδονιστι-

917 2092 973 2128 κῆς
987 2092 1131 2131 species,
1145 2092 1295 2132 πταρμὸς,
1310 2092 1446 2132 παλμὸς,
1457 2099 1491 2124 et
1509 2095 1612 2125 tinni-

917 2145 970 2171 tus
986 2140 1038 2170 vel
1056 2139 1186 2171 ἔναυλον
1201 2142 1350 2172 aurium:
1376 2141 1418 2172 de
1436 2142 1545 2173 anima
1562 2143 1610 2174 lo·

915 2190 1041 2230 qnitnr.
1094 2190 1183 2220 Vide
1220 2190 1369 2221 Plinium
1407 2199 1542 2222 xxvu1.
1579 2195 1611 2224 2.

916 2239 1039 2278 Scalig.
1055 2239 1097 2269 ad
1109 2238 1236 2270 Auson.
1251 2248 1275 2269 1.
1292 2243 1344 2270 16.
1357 2245 1393 2270 et
1407 2243 1459 2270 25.
1481 2241 1610 2272 Gevar-

916 2289 999 2319 tium
1016 2288 1057 2318 ad
1073 2291 1103 2319 4.
1127 2288 1218 2328 Sylv.
1233 2289 1356 2328 Papin.
1368 2289 1506 2328 Sappho
1519 2290 1609 2330 apud

913 2338 1054 2378 Dionys.
1098 2338 1285 2378 Longinum
1304 2347 1313 2368 2
1354 2339 1546 2376 βομβοῦ-Σιν
1582 2339 1610 2370 δ’

911 2386 1000 2418 ἀκοαί
1016 2398 1077 2424 μοι.

954 2439 1017 2467 238
1028 2436 1133 2466 Multa
1146 2436 1266 2475 quidem
1281 2439 1404 2476 captata
1413 2437 1468 2468 diu
1473 2438 1609 2476 fortuna

910 2489 1015 2516 secuta
1032 2484 1185 2524 Expedit]
1209 2485 1269 2515 Est
1292 2485 1381 2525 qnod
1409 2485 1531 2526 Papiu.
1548 2487 1608 2522 ait,

915 2536 1041 2566 ‘Casus
1065 2534 1135 2574 agit
1158 2534 1289 2565 virtutis
1304 2534 1413 2574 opus!
1458 2536 1608 2568 Fortuna

913 2585 999 2616 votis
1015 2583 1226 2624 captantium
1244 2584 1436 2617 subscribit.

953 2628 1018 2666 239
1040 2634 1127 2665 Male
1141 2635 1264 2665 credula
1272 2634 1363 2672 fallit
1378 2635 1525 2674 Pectora]
1537 2640 1605 2667 Δει·

910 2683 1082 2724 σιδαιμονία
1093 2683 1306 2722 ταχυπίοτους
1320 2685 1523 2726 φρεναπατιέΐε
1540 2695 1606 2726 qua

910 2736 952 2766 de
984 2745 1019 2766 re
1044 2736 1217 2775 περιπαθῶν
1242 2734 1324 2766 illud
1353 2736 1499 2775 μουσεῖον
1522 2736 1605 2768 Plu·

911 2785 1059 2826 tarchus,
1073 2793 1112 2816 ea
1127 2783 1170 2816 de
1185 2793 1220 2816 re
1235 2784 1295 2816 lib.
