<?xml version="1.0" encoding="UTF-8"?>
<!DOCTYPE html PUBLIC "-//W3C//DTD XHTML 1.0 Transitional//EN"
    "http://www.w3.org/TR/xhtml1/DTD/xhtml1-transitional.dtd">
<html xmlns="http://www.w3.org/1999/xhtml" xml:lang="en" lang="en">
 <head>
  <title>
</title>
<meta http-equiv="Content-Type" content="text/html;charset=utf-8" />
  <meta name='ocr-system' content='tesseract 3.04.00' />
  <meta name='ocr-capabilities' content='ocr_page ocr_carea ocr_par ocr_line ocrx_word'/>
</head>
<body>
  <div class='ocr_page' id='page_1' title='image "./dictyscretensise02dictuoft_0025.png"; bbox 0 0 1889 3194; ppageno 0'>
   <div class='ocr_carea' id='block_1_1' title="bbox 499 333 1204 368">
    <p class='ocr_par' dir='ltr' id='par_1_1' title="bbox 499 333 1204 368">
     <span class='ocr_line' id='line_1_1' title="bbox 499 333 1204 368; baseline -0.006 0"><span class='ocrx_word' id='word_1_1' title='bbox 499 339 561 368; x_wconf 84' lang='lat' dir='ltr'>DE</span> <span class='ocrx_word' id='word_1_2' title='bbox 599 336 752 367; x_wconf 80' lang='lat' dir='ltr'>BELLO</span> <span class='ocrx_word' id='word_1_3' title='bbox 784 334 1011 366; x_wconf 78' lang='lat' dir='ltr'>TRoJANo</span> <span class='ocrx_word' id='word_1_4' title='bbox 1045 333 1140 364; x_wconf 85' lang='lat' dir='ltr'><strong>LIB.</strong></span> <span class='ocrx_word' id='word_1_5' title='bbox 1172 335 1204 365; x_wconf 86' lang='lat'>1.</span> 
     </span>
    </p>
   </div>
   <div class='ocr_carea' id='block_1_2' title="bbox 133 428 1236 485">
    <p class='ocr_par' dir='ltr' id='par_1_2' title="bbox 133 428 1236 485">
     <span class='ocr_line' id='line_1_2' title="bbox 133 428 1236 485; baseline -0.003 -13"><span class='ocrx_word' id='word_1_6' title='bbox 133 430 247 472; x_wconf 87' lang='lat' dir='ltr'>Nam</span> <span class='ocrx_word' id='word_1_7' title='bbox 268 431 355 471; x_wconf 78' lang='lat' dir='ltr'>vati</span> <span class='ocrx_word' id='word_1_8' title='bbox 379 431 569 485; x_wconf 85' lang='lat' dir='ltr'>Phrygio</span> <span class='ocrx_word' id='word_1_9' title='bbox 591 431 783 471; x_wconf 87' lang='lat' dir='ltr'>Martem</span> <span class='ocrx_word' id='word_1_10' title='bbox 806 428 1077 470; x_wconf 86' lang='lat' dir='ltr'>certissimus</span> <span class='ocrx_word' id='word_1_11' title='bbox 1098 428 1236 469; x_wconf 82' lang='lat' dir='ltr'>index</span> 
     </span>
    </p>
   </div>
   <div class='ocr_carea' id='block_1_3' title="bbox 1489 321 1576 362">
    <p class='ocr_par' dir='ltr' id='par_1_3' title="bbox 1489 321 1576 362">
     <span class='ocr_line' id='line_1_3' title="bbox 1489 321 1576 362; baseline 0 0"><span class='ocrx_word' id='word_1_12' title='bbox 1489 321 1576 362; x_wconf 78' lang='lat'>369</span> 
     </span>
    </p>
   </div>
   <div class='ocr_carea' id='block_1_4' title="bbox 1518 428 1577 468">
    <p class='ocr_par' dir='ltr' id='par_1_4' title="bbox 1518 428 1577 468">
     <span class='ocr_line' id='line_1_4' title="bbox 1518 428 1577 468; baseline -0.017 0"><span class='ocrx_word' id='word_1_13' title='bbox 1518 428 1577 468; x_wconf 75' lang='lat'>25</span> 
     </span>
    </p>
   </div>
   <div class='ocr_carea' id='block_1_5' title="bbox 130 494 1337 749">
    <p class='ocr_par' dir='ltr' id='par_1_5' title="bbox 130 494 1337 749">
     <span class='ocr_line' id='line_1_5' title="bbox 131 494 1273 550; baseline -0.003 -13"><span class='ocrx_word' id='word_1_14' title='bbox 131 498 363 550; x_wconf 85' lang='lat' dir='ltr'>Explicuit</span> <span class='ocrx_word' id='word_1_15' title='bbox 384 511 579 550; x_wconf 84' lang='lat' dir='ltr'>praesens</span> <span class='ocrx_word' id='word_1_16' title='bbox 600 497 771 544; x_wconf 47' lang='lat' dir='ltr'>oculu&amp;</span> <span class='ocrx_word' id='word_1_17' title='bbox 793 509 921 550; x_wconf 89' lang='lat' dir='ltr'>quem</span> <span class='ocrx_word' id='word_1_18' title='bbox 944 495 1097 536; x_wconf 85' lang='lat' dir='ltr'>sabula</span> <span class='ocrx_word' id='word_1_19' title='bbox 1116 494 1273 535; x_wconf 87' lang='lat' dir='ltr'>nescit.</span> 
     </span>
     <span class='ocr_line' id='line_1_6' title="bbox 130 561 1290 615; baseline -0.002 -12"><span class='ocrx_word' id='word_1_20' title='bbox 130 562 266 604; x_wconf 90' lang='lat' dir='ltr'>Hunc</span> <span class='ocrx_word' id='word_1_21' title='bbox 287 563 364 603; x_wconf 89' lang='lat' dir='ltr'>ubi</span> <span class='ocrx_word' id='word_1_22' title='bbox 385 564 642 604; x_wconf 86' lang='lat' dir='ltr'>combiberit</span> <span class='ocrx_word' id='word_1_23' title='bbox 663 563 805 604; x_wconf 84' lang='lat' dir='ltr'>avidae</span> <span class='ocrx_word' id='word_1_24' title='bbox 827 574 932 615; x_wconf 86' lang='lat' dir='ltr'>spes</span> <span class='ocrx_word' id='word_1_25' title='bbox 954 561 1093 602; x_wconf 82' lang='lat' dir='ltr'>ardua</span> <span class='ocrx_word' id='word_1_26' title='bbox 1114 561 1290 610; x_wconf 86' lang='lat' dir='ltr'>mentis,</span> 
     </span>
     <span class='ocr_line' id='line_1_7' title="bbox 131 626 1337 682; baseline -0.002 -13"><span class='ocrx_word' id='word_1_27' title='bbox 131 628 262 679; x_wconf 86' lang='lat' dir='ltr'>Quos</span> <span class='ocrx_word' id='word_1_28' title='bbox 282 630 476 682; x_wconf 87' lang='lat' dir='ltr'>Superos</span> <span class='ocrx_word' id='word_1_29' title='bbox 498 631 542 671; x_wconf 89' lang='lat' dir='ltr'>in</span> <span class='ocrx_word' id='word_1_30' title='bbox 559 634 661 672; x_wconf 85' lang='lat' dir='ltr'>vota</span> <span class='ocrx_word' id='word_1_31' title='bbox 680 630 868 671; x_wconf 67' lang='lat' dir='ltr'>vocem?</span> <span class='ocrx_word' id='word_1_32' title='bbox 899 641 1022 669; x_wconf 87' lang='lat' dir='ltr'>mens</span> <span class='ocrx_word' id='word_1_33' title='bbox 1043 628 1225 670; x_wconf 84' lang='lat' dir='ltr'>conscia</span> <span class='ocrx_word' id='word_1_34' title='bbox 1246 626 1337 669; x_wconf 88' lang='lat' dir='ltr'>veri</span> 
     </span>
     <span class='ocr_line' id='line_1_8' title="bbox 131 694 1137 749; baseline 0.001 -14"><span class='ocrx_word' id='word_1_35' title='bbox 131 694 399 749; x_wconf 83' lang='lat' dir='ltr'>Proscripsit</span> <span class='ocrx_word' id='word_1_36' title='bbox 418 697 545 748; x_wconf 86' lang='lat' dir='ltr'>longe</span> <span class='ocrx_word' id='word_1_37' title='bbox 567 696 787 737; x_wconf 85' lang='lat' dir='ltr'>ludentem</span> <span class='ocrx_word' id='word_1_38' title='bbox 806 695 909 736; x_wconf 83' lang='lat' dir='ltr'>ficta</span> <span class='ocrx_word' id='word_1_39' title='bbox 930 695 1109 748; x_wconf 68' lang='lat' dir='ltr'>poetam</span> <span class='ocrx_word' id='word_1_40' title='bbox 1128 709 1137 736; x_wconf 77' lang='grc' dir='ltr'>ε</span> 
     </span>
    </p>
   </div>
   <div class='ocr_carea' id='block_1_6' title="bbox 131 760 1073 816">
    <p class='ocr_par' dir='ltr' id='par_1_6' title="bbox 131 760 1073 816">
     <span class='ocr_line' id='line_1_9' title="bbox 131 760 1073 816; baseline 0 -15"><span class='ocrx_word' id='word_1_41' title='bbox 131 760 249 810; x_wconf 87' lang='lat' dir='ltr'>Quin</span> <span class='ocrx_word' id='word_1_42' title='bbox 272 766 314 802; x_wconf 85' lang='lat' dir='ltr'>te</span> <span class='ocrx_word' id='word_1_43' title='bbox 331 761 536 816; x_wconf 86' lang='lat' dir='ltr'>Cecropii</span> <span class='ocrx_word' id='word_1_44' title='bbox 557 763 738 804; x_wconf 84' lang='lat' dir='ltr'>mentita</span> <span class='ocrx_word' id='word_1_45' title='bbox 758 761 938 804; x_wconf 81' lang='lat' dir='ltr'>licentia</span> <span class='ocrx_word' id='word_1_46' title='bbox 953 762 1073 814; x_wconf 81' lang='lat' dir='ltr'>pagi,</span> 
     </span>
    </p>
   </div>
   <div class='ocr_carea' id='block_1_7' title="bbox 734 879 849 891">
    <p class='ocr_par' dir='ltr' id='par_1_7' title="bbox 734 879 849 891">
     <span class='ocr_line' id='line_1_10' title="bbox 734 879 849 891; baseline 0.009 -1"><span class='ocrx_word' id='word_1_47' title='bbox 734 879 849 891; x_wconf 48' lang='lat' dir='ltr'>oooooo</span> 
     </span>
    </p>
   </div>
   <div class='ocr_carea' id='block_1_8' title="bbox 171 956 565 996">
    <p class='ocr_par' dir='ltr' id='par_1_8' title="bbox 171 956 565 996">
     <span class='ocr_line' id='line_1_11' title="bbox 171 956 565 996; baseline 0.008 -10"><span class='ocrx_word' id='word_1_48' title='bbox 171 957 213 986; x_wconf 86' lang='lat'>28</span> <span class='ocrx_word' id='word_1_49' title='bbox 235 956 360 987; x_wconf 83' lang='lat' dir='ltr'>AEmula</span> <span class='ocrx_word' id='word_1_50' title='bbox 376 956 442 987; x_wconf 88' lang='lat' dir='ltr'>Ms.</span> <span class='ocrx_word' id='word_1_51' title='bbox 458 965 565 996; x_wconf 84' lang='lat' dir='ltr'>marg.</span> 
     </span>
    </p>
   </div>
   <div class='ocr_carea' id='block_1_9' title="bbox 1520 759 1576 800">
    <p class='ocr_par' dir='ltr' id='par_1_9' title="bbox 1520 759 1576 800">
     <span class='ocr_line' id='line_1_12' title="bbox 1520 759 1576 800; baseline -0.018 0"><span class='ocrx_word' id='word_1_52' title='bbox 1520 759 1576 800; x_wconf 80' lang='lat'>30</span> 
     </span>
    </p>
   </div>
   <div class='ocr_carea' id='block_1_10' title="bbox 852 878 970 890">
    <p class='ocr_par' dir='ltr' id='par_1_10' title="bbox 852 878 970 890">
     <span class='ocr_line' id='line_1_13' title="bbox 852 878 970 890; baseline 0.008 -1"><span class='ocrx_word' id='word_1_53' title='bbox 852 878 970 890; x_wconf 52' lang='lat' dir='ltr'>aaaaaa</span> 
     </span>
    </p>
   </div>
   <div class='ocr_carea' id='block_1_11' title="bbox 779 1041 918 1074">
    <p class='ocr_par' dir='ltr' id='par_1_11' title="bbox 779 1041 918 1074">
     <span class='ocr_line' id='line_1_14' title="bbox 779 1041 918 1074; baseline 0 -1"><span class='ocrx_word' id='word_1_54' title='bbox 779 1042 809 1073; x_wconf 94' lang='lat' dir='ltr'>N</span> <span class='ocrx_word' id='word_1_55' title='bbox 816 1041 918 1074; x_wconf 82' lang='lat' dir='ltr'>OTAE</span> 
     </span>
    </p>
   </div>
   <div class='ocr_carea' id='block_1_12' title="bbox 126 1115 828 2959">
    <p class='ocr_par' dir='ltr' id='par_1_12' title="bbox 128 1115 828 1455">
     <span class='ocr_line' id='line_1_15' title="bbox 171 1115 824 1155; baseline 0 -9"><span class='ocrx_word' id='word_1_56' title='bbox 171 1117 213 1146; x_wconf 79' lang='lat'>24</span> <span class='ocrx_word' id='word_1_57' title='bbox 240 1115 326 1146; x_wconf 81' lang='lat' dir='ltr'>Mira</span> <span class='ocrx_word' id='word_1_58' title='bbox 341 1115 464 1155; x_wconf 78' lang='lat' dir='ltr'>quidem</span> <span class='ocrx_word' id='word_1_59' title='bbox 478 1115 577 1154; x_wconf 82' lang='lat' dir='ltr'>dictu,</span> <span class='ocrx_word' id='word_1_60' title='bbox 602 1116 656 1147; x_wconf 81' lang='lat' dir='ltr'>sed</span> <span class='ocrx_word' id='word_1_61' title='bbox 670 1125 754 1151; x_wconf 81' lang='lat' dir='ltr'>vera,</span> <span class='ocrx_word' id='word_1_62' title='bbox 770 1117 824 1146; x_wconf 86' lang='lat' dir='ltr'>ad-</span> 
     </span>
     <span class='ocr_line' id='line_1_16' title="bbox 129 1165 824 1206; baseline 0 -10"><span class='ocrx_word' id='word_1_63' title='bbox 129 1165 252 1204; x_wconf 79' lang='lat' dir='ltr'>vertite,</span> <span class='ocrx_word' id='word_1_64' title='bbox 264 1165 414 1205; x_wconf 79' lang='lat' dir='ltr'>pandam]</span> <span class='ocrx_word' id='word_1_65' title='bbox 431 1166 487 1196; x_wconf 89' lang='lat' dir='ltr'>Sic</span> <span class='ocrx_word' id='word_1_66' title='bbox 501 1166 557 1196; x_wconf 89' lang='lat' dir='ltr'>lib.</span> <span class='ocrx_word' id='word_1_67' title='bbox 572 1175 612 1196; x_wconf 86' lang='grc' dir='ltr'><strong>ιι.</strong></span> <span class='ocrx_word' id='word_1_68' title='bbox 628 1171 637 1183; x_wconf 91' lang='lat'><strong>‘</strong></span> <span class='ocrx_word' id='word_1_69' title='bbox 651 1166 740 1197; x_wconf 90' lang='lat' dir='ltr'>Mira</span> <span class='ocrx_word' id='word_1_70' title='bbox 754 1166 824 1206; x_wconf 88' lang='lat' dir='ltr'>qui-</span> 
     </span>
     <span class='ocr_line' id='line_1_17' title="bbox 128 1214 825 1255; baseline 0.003 -10"><span class='ocrx_word' id='word_1_71' title='bbox 128 1215 220 1254; x_wconf 88' lang='lat' dir='ltr'>dem,</span> <span class='ocrx_word' id='word_1_72' title='bbox 235 1214 294 1245; x_wconf 86' lang='lat' dir='ltr'>sed</span> <span class='ocrx_word' id='word_1_73' title='bbox 312 1224 392 1246; x_wconf 88' lang='lat' dir='ltr'>vera</span> <span class='ocrx_word' id='word_1_74' title='bbox 409 1215 525 1254; x_wconf 89' lang='lat' dir='ltr'>duces,</span> <span class='ocrx_word' id='word_1_75' title='bbox 541 1215 726 1253; x_wconf 87' lang='lat' dir='ltr'>advertite,</span> <span class='ocrx_word' id='word_1_76' title='bbox 742 1225 825 1255; x_wconf 83' lang='lat' dir='ltr'>pan-</span> 
     </span>
     <span class='ocr_line' id='line_1_18' title="bbox 129 1264 824 1305; baseline 0 -9"><span class='ocrx_word' id='word_1_77' title='bbox 129 1265 225 1296; x_wconf 83' lang='lat' dir='ltr'>dam:</span> <span class='ocrx_word' id='word_1_78' title='bbox 271 1265 464 1305; x_wconf 86' lang='lat' dir='ltr'>Utrumque</span> <span class='ocrx_word' id='word_1_79' title='bbox 481 1275 523 1296; x_wconf 86' lang='lat' dir='ltr'>ex</span> <span class='ocrx_word' id='word_1_80' title='bbox 544 1264 680 1296; x_wconf 84' lang='lat' dir='ltr'>fornace</span> <span class='ocrx_word' id='word_1_81' title='bbox 706 1265 824 1296; x_wconf 84' lang='lat' dir='ltr'>Ovidi-</span> 
     </span>
     <span class='ocr_line' id='line_1_19' title="bbox 129 1313 826 1353; baseline 0 -9"><span class='ocrx_word' id='word_1_82' title='bbox 129 1324 191 1344; x_wconf 87' lang='lat' dir='ltr'>aua</span> <span class='ocrx_word' id='word_1_83' title='bbox 210 1323 265 1344; x_wconf 85' lang='lat' dir='ltr'>m.</span> <span class='ocrx_word' id='word_1_84' title='bbox 284 1314 377 1345; x_wconf 87' lang='lat' dir='ltr'>Fast.</span> <span class='ocrx_word' id='word_1_85' title='bbox 398 1315 407 1330; x_wconf 88' lang='lat'>‘</span> <span class='ocrx_word' id='word_1_86' title='bbox 421 1314 560 1345; x_wconf 88' lang='lat' dir='ltr'>Credite</span> <span class='ocrx_word' id='word_1_87' title='bbox 574 1313 714 1349; x_wconf 85' lang='lat' dir='ltr'>dicenti,</span> <span class='ocrx_word' id='word_1_88' title='bbox 728 1313 826 1353; x_wconf 86' lang='lat' dir='ltr'>mira,</span> 
     </span>
     <span class='ocr_line' id='line_1_20' title="bbox 128 1364 828 1406; baseline 0 -11"><span class='ocrx_word' id='word_1_89' title='bbox 128 1364 188 1395; x_wconf 88' lang='lat' dir='ltr'>sed</span> <span class='ocrx_word' id='word_1_90' title='bbox 206 1369 297 1403; x_wconf 89' lang='lat' dir='ltr'>acta,</span> <span class='ocrx_word' id='word_1_91' title='bbox 313 1364 455 1405; x_wconf 66' lang='lat' dir='ltr'>loquar!</span> <span class='ocrx_word' id='word_1_92' title='bbox 472 1364 624 1396; x_wconf 82' lang='lat' dir='ltr'>Fast.v1.</span> <span class='ocrx_word' id='word_1_93' title='bbox 638 1364 742 1395; x_wconf 87' lang='lat' dir='ltr'>‘mira</span> <span class='ocrx_word' id='word_1_94' title='bbox 757 1365 828 1406; x_wconf 91' lang='lat' dir='ltr'>qui·</span> 
     </span>
     <span class='ocr_line' id='line_1_21' title="bbox 129 1413 691 1455; baseline 0 -11"><span class='ocrx_word' id='word_1_95' title='bbox 129 1413 219 1455; x_wconf 88' lang='lat' dir='ltr'>dem,</span> <span class='ocrx_word' id='word_1_96' title='bbox 236 1413 295 1444; x_wconf 90' lang='lat' dir='ltr'>sed</span> <span class='ocrx_word' id='word_1_97' title='bbox 314 1417 426 1444; x_wconf 88' lang='lat' dir='ltr'>tamen</span> <span class='ocrx_word' id='word_1_98' title='bbox 444 1418 532 1453; x_wconf 85' lang='lat' dir='ltr'>acta,</span> <span class='ocrx_word' id='word_1_99' title='bbox 547 1413 691 1444; x_wconf 88' lang='lat' dir='ltr'>canam.&#39;</span> 
     </span>
    </p>

    <p class='ocr_par' dir='ltr' id='par_1_13' title="bbox 126 1462 828 1953">
     <span class='ocr_line' id='line_1_22' title="bbox 170 1462 828 1503; baseline -0.003 -9"><span class='ocrx_word' id='word_1_100' title='bbox 170 1466 211 1494; x_wconf 86' lang='grc'>25</span> <span class='ocrx_word' id='word_1_101' title='bbox 230 1463 314 1494; x_wconf 84' lang='lat' dir='ltr'>Nam</span> <span class='ocrx_word' id='word_1_102' title='bbox 330 1463 398 1493; x_wconf 78' lang='lat' dir='ltr'>vali</span> <span class='ocrx_word' id='word_1_103' title='bbox 417 1463 574 1503; x_wconf 76' lang='lat' dir='ltr'>Phrygio]</span> <span class='ocrx_word' id='word_1_104' title='bbox 602 1462 736 1494; x_wconf 85' lang='lat' dir='ltr'>Dareti.</span> <span class='ocrx_word' id='word_1_105' title='bbox 758 1462 828 1492; x_wconf 85' lang='lat' dir='ltr'>Cur</span> 
     </span>
     <span class='ocr_line' id='line_1_23' title="bbox 129 1512 824 1553; baseline -0.001 -9"><span class='ocrx_word' id='word_1_106' title='bbox 129 1523 210 1544; x_wconf 85' lang='lat' dir='ltr'>vero</span> <span class='ocrx_word' id='word_1_107' title='bbox 237 1513 329 1544; x_wconf 83' lang='lat' dir='ltr'>vati?</span> <span class='ocrx_word' id='word_1_108' title='bbox 362 1523 406 1544; x_wconf 91' lang='lat' dir='ltr'>an</span> <span class='ocrx_word' id='word_1_109' title='bbox 433 1513 511 1553; x_wconf 88' lang='lat' dir='ltr'>quia</span> <span class='ocrx_word' id='word_1_110' title='bbox 538 1523 635 1544; x_wconf 90' lang='lat' dir='ltr'>versu</span> <span class='ocrx_word' id='word_1_111' title='bbox 666 1512 824 1553; x_wconf 80' lang='lat' dir='ltr'>scripsit?</span> 
     </span>
     <span class='ocr_line' id='line_1_24' title="bbox 128 1564 824 1607; baseline -0.007 -9"><span class='ocrx_word' id='word_1_112' title='bbox 128 1567 313 1598; x_wconf 84' lang='lat' dir='ltr'>reclamant</span> <span class='ocrx_word' id='word_1_113' title='bbox 336 1576 411 1607; x_wconf 84' lang='lat' dir='ltr'>quae</span> <span class='ocrx_word' id='word_1_114' title='bbox 440 1565 586 1605; x_wconf 81' lang='lat' dir='ltr'>Nepotis</span> <span class='ocrx_word' id='word_1_115' title='bbox 602 1564 734 1595; x_wconf 89' lang='lat' dir='ltr'>nomine</span> <span class='ocrx_word' id='word_1_116' title='bbox 752 1572 824 1594; x_wconf 89' lang='lat' dir='ltr'>ver-</span> 
     </span>
     <span class='ocr_line' id='line_1_25' title="bbox 127 1614 823 1652; baseline -0.006 -3"><span class='ocrx_word' id='word_1_117' title='bbox 127 1627 186 1649; x_wconf 86' lang='lat' dir='ltr'>sa:</span> <span class='ocrx_word' id='word_1_118' title='bbox 220 1615 389 1648; x_wconf 83' lang='lat' dir='ltr'>affirmare</span> <span class='ocrx_word' id='word_1_119' title='bbox 417 1615 553 1646; x_wconf 84' lang='lat' dir='ltr'>videtur</span> <span class='ocrx_word' id='word_1_120' title='bbox 579 1614 745 1652; x_wconf 83' lang='lat' dir='ltr'>AElianns,</span> <span class='ocrx_word' id='word_1_121' title='bbox 771 1622 823 1645; x_wconf 81' lang='lat' dir='ltr'>xi.</span> 
     </span>
     <span class='ocr_line' id='line_1_26' title="bbox 128 1661 826 1705; baseline -0.009 -6"><span class='ocrx_word' id='word_1_122' title='bbox 128 1671 160 1699; x_wconf 86' lang='lat'>2.</span> <span class='ocrx_word' id='word_1_123' title='bbox 183 1667 264 1698; x_wconf 81' lang='lat' dir='ltr'>Var.</span> <span class='ocrx_word' id='word_1_124' title='bbox 294 1667 386 1698; x_wconf 83' lang='lat' dir='ltr'>Hist.</span> <span class='ocrx_word' id='word_1_125' title='bbox 408 1664 459 1696; x_wconf 76' lang='grc' dir='ltr'>καὶ</span> <span class='ocrx_word' id='word_1_126' title='bbox 481 1664 536 1695; x_wconf 79' lang='grc' dir='ltr'>τὸν</span> <span class='ocrx_word' id='word_1_127' title='bbox 559 1662 664 1705; x_wconf 72' lang='grc' dir='ltr'>Φρύγα</span> <span class='ocrx_word' id='word_1_128' title='bbox 686 1661 826 1704; x_wconf 83' lang='grc' dir='ltr'>Δάρητα,</span> 
     </span>
     <span class='ocr_line' id='line_1_27' title="bbox 128 1713 825 1756; baseline -0.006 -8"><span class='ocrx_word' id='word_1_129' title='bbox 128 1714 165 1748; x_wconf 73' lang='grc' dir='ltr'>οῧ</span> <span class='ocrx_word' id='word_1_130' title='bbox 187 1715 321 1756; x_wconf 71' lang='grc' dir='ltr'>Φρυγίαν</span> <span class='ocrx_word' id='word_1_131' title='bbox 344 1714 463 1747; x_wconf 80' lang='grc' dir='ltr'>Ἰλιάδα</span> <span class='ocrx_word' id='word_1_132' title='bbox 485 1713 532 1745; x_wconf 84' lang='grc' dir='ltr'>ἔτι</span> <span class='ocrx_word' id='word_1_133' title='bbox 555 1713 605 1745; x_wconf 77' lang='grc' dir='ltr'>καὶ</span> <span class='ocrx_word' id='word_1_134' title='bbox 629 1714 683 1744; x_wconf 83' lang='grc' dir='ltr'>νῦν</span> <span class='ocrx_word' id='word_1_135' title='bbox 705 1713 825 1745; x_wconf 78' lang='grc' dir='ltr'>ἀποσω-</span> 
     </span>
     <span class='ocr_line' id='line_1_28' title="bbox 128 1762 827 1806; baseline -0.007 -8"><span class='ocrx_word' id='word_1_136' title='bbox 128 1765 258 1806; x_wconf 75' lang='grc' dir='ltr'>ζομένην</span> <span class='ocrx_word' id='word_1_137' title='bbox 282 1764 359 1797; x_wconf 81' lang='grc' dir='ltr'>οἶδα·</span> <span class='ocrx_word' id='word_1_138' title='bbox 385 1764 444 1806; x_wconf 77' lang='grc' dir='ltr'>πρὸ</span> <span class='ocrx_word' id='word_1_139' title='bbox 472 1764 605 1805; x_wconf 79' lang='grc' dir='ltr'><em>Ὁμήρου</em></span> <span class='ocrx_word' id='word_1_140' title='bbox 637 1762 688 1795; x_wconf 85' lang='grc' dir='ltr'>καὶ</span> <span class='ocrx_word' id='word_1_141' title='bbox 715 1764 827 1794; x_wconf 81' lang='grc' dir='ltr'>τοῦτον</span> 
     </span>
     <span class='ocr_line' id='line_1_29' title="bbox 126 1814 825 1856; baseline -0.006 -8"><span class='ocrx_word' id='word_1_142' title='bbox 126 1815 270 1856; x_wconf 73' lang='grc' dir='ltr'>’γενέσθαι</span> <span class='ocrx_word' id='word_1_143' title='bbox 281 1815 424 1855; x_wconf 74' lang='grc' dir='ltr'><strong>λέγουσι.</strong></span> <span class='ocrx_word' id='word_1_144' title='bbox 460 1815 541 1846; x_wconf 85' lang='lat' dir='ltr'>Ilias</span> <span class='ocrx_word' id='word_1_145' title='bbox 559 1814 726 1855; x_wconf 71' lang='lat' dir='ltr'>poeticum</span> <span class='ocrx_word' id='word_1_146' title='bbox 743 1814 825 1855; x_wconf 87' lang='lat' dir='ltr'>quid</span> 
     </span>
     <span class='ocr_line' id='line_1_30' title="bbox 127 1864 825 1906; baseline -0.004 -9"><span class='ocrx_word' id='word_1_147' title='bbox 127 1866 250 1898; x_wconf 78' lang='lat' dir='ltr'>innuit.</span> <span class='ocrx_word' id='word_1_148' title='bbox 272 1865 369 1897; x_wconf 83' lang='lat' dir='ltr'>Idem</span> <span class='ocrx_word' id='word_1_149' title='bbox 378 1864 671 1906; x_wconf 81' lang='lat' dir='ltr'>SyagrumTroica</span> <span class='ocrx_word' id='word_1_150' title='bbox 683 1864 825 1904; x_wconf 88' lang='lat' dir='ltr'>primum</span> 
     </span>
     <span class='ocr_line' id='line_1_31' title="bbox 129 1915 601 1953; baseline -0.004 -6"><span class='ocrx_word' id='word_1_151' title='bbox 129 1920 293 1948; x_wconf 81' lang='lat' dir='ltr'><strong>tractasse</strong></span> <span class='ocrx_word' id='word_1_152' title='bbox 310 1915 440 1953; x_wconf 82' lang='lat' dir='ltr'>scribit,</span> <span class='ocrx_word' id='word_1_153' title='bbox 455 1924 532 1947; x_wconf 80' lang='lat' dir='ltr'>xiv.</span> <span class='ocrx_word' id='word_1_154' title='bbox 547 1916 601 1946; x_wconf 85' lang='lat'>21.</span> 
     </span>
    </p>

    <p class='ocr_par' dir='ltr' id='par_1_14' title="bbox 126 1964 828 2905">
     <span class='ocr_line' id='line_1_32' title="bbox 188 1964 823 2005; baseline -0.006 -7"><span class='ocrx_word' id='word_1_155' title='bbox 188 1967 389 1998; x_wconf 76' lang='lat' dir='ltr'>Certissimus</span> <span class='ocrx_word' id='word_1_156' title='bbox 423 1966 519 1997; x_wconf 77' lang='lat' dir='ltr'>index</span> <span class='ocrx_word' id='word_1_157' title='bbox 546 1964 710 2005; x_wconf 76' lang='lat' dir='ltr'>Explicuit</span> <span class='ocrx_word' id='word_1_158' title='bbox 739 1973 823 2004; x_wconf 84' lang='lat' dir='ltr'>proe-</span> 
     </span>
     <span class='ocr_line' id='line_1_33' title="bbox 126 2015 825 2056; baseline -0.004 -8"><span class='ocrx_word' id='word_1_159' title='bbox 126 2027 197 2048; x_wconf 78' lang='lat' dir='ltr'>sens</span> <span class='ocrx_word' id='word_1_160' title='bbox 211 2016 331 2056; x_wconf 79' lang='lat' dir='ltr'>oculus]</span> <span class='ocrx_word' id='word_1_161' title='bbox 375 2015 464 2049; x_wconf 81' lang='lat' dir='ltr'>Quia</span> <span class='ocrx_word' id='word_1_162' title='bbox 481 2016 592 2047; x_wconf 82' lang='lat' dir='ltr'>Dares</span> <span class='ocrx_word' id='word_1_163' title='bbox 606 2024 670 2045; x_wconf 89' lang='lat' dir='ltr'>uon</span> <span class='ocrx_word' id='word_1_164' title='bbox 687 2015 825 2054; x_wconf 86' lang='lat' dir='ltr'>clausis,</span> 
     </span>
     <span class='ocr_line' id='line_1_34' title="bbox 129 2063 824 2102; baseline -0.003 -5"><span class='ocrx_word' id='word_1_165' title='bbox 129 2068 183 2098; x_wconf 85' lang='lat' dir='ltr'>vel</span> <span class='ocrx_word' id='word_1_166' title='bbox 213 2066 246 2097; x_wconf 90' lang='lat' dir='ltr'>in</span> <span class='ocrx_word' id='word_1_167' title='bbox 277 2071 383 2097; x_wconf 88' lang='lat' dir='ltr'>totum</span> <span class='ocrx_word' id='word_1_168' title='bbox 416 2065 610 2096; x_wconf 80' lang='lat' dir='ltr'>Homericis</span> <span class='ocrx_word' id='word_1_169' title='bbox 640 2063 761 2102; x_wconf 88' lang='lat' dir='ltr'>oculis,</span> <span class='ocrx_word' id='word_1_170' title='bbox 786 2069 824 2095; x_wconf 92' lang='lat' dir='ltr'>ut</span> 
     </span>
     <span class='ocr_line' id='line_1_35' title="bbox 127 2114 825 2157; baseline -0.004 -9"><span class='ocrx_word' id='word_1_171' title='bbox 127 2117 267 2148; x_wconf 88' lang='lat' dir='ltr'>Tertull.</span> <span class='ocrx_word' id='word_1_172' title='bbox 284 2117 343 2156; x_wconf 86' lang='lat' dir='ltr'>ait,</span> <span class='ocrx_word' id='word_1_173' title='bbox 358 2117 426 2148; x_wconf 89' lang='lat' dir='ltr'>ista</span> <span class='ocrx_word' id='word_1_174' title='bbox 441 2116 638 2157; x_wconf 84' lang='lat' dir='ltr'>usurpavit;</span> <span class='ocrx_word' id='word_1_175' title='bbox 662 2115 748 2146; x_wconf 89' lang='lat' dir='ltr'>adeo</span> <span class='ocrx_word' id='word_1_176' title='bbox 771 2114 825 2145; x_wconf 87' lang='grc' dir='ltr'>ὀπ-</span> 
     </span>
     <span class='ocr_line' id='line_1_36' title="bbox 127 2165 825 2206; baseline -0.003 -9"><span class='ocrx_word' id='word_1_177' title='bbox 127 2165 213 2197; x_wconf 78' lang='grc' dir='ltr'>τικὸς</span> <span class='ocrx_word' id='word_1_178' title='bbox 226 2165 353 2206; x_wconf 78' lang='grc' dir='ltr'>μάρτυς,</span> <span class='ocrx_word' id='word_1_179' title='bbox 371 2171 407 2196; x_wconf 90' lang='lat' dir='ltr'>ut</span> <span class='ocrx_word' id='word_1_180' title='bbox 425 2165 642 2206; x_wconf 88' lang='lat' dir='ltr'>proverbium</span> <span class='ocrx_word' id='word_1_181' title='bbox 667 2170 720 2196; x_wconf 84' lang='lat' dir='ltr'>est</span> <span class='ocrx_word' id='word_1_182' title='bbox 735 2165 825 2205; x_wconf 86' lang='lat' dir='ltr'>apud</span> 
     </span>
     <span class='ocr_line' id='line_1_37' title="bbox 128 2215 825 2256; baseline -0.001 -10"><span class='ocrx_word' id='word_1_183' title='bbox 128 2215 392 2256; x_wconf 83' lang='lat' dir='ltr'>Diogenianum.</span> <span class='ocrx_word' id='word_1_184' title='bbox 414 2216 492 2246; x_wconf 86' lang='lat' dir='ltr'>erit.</span> <span class='ocrx_word' id='word_1_185' title='bbox 536 2215 721 2246; x_wconf 83' lang='lat' dir='ltr'>Oculorum</span> <span class='ocrx_word' id='word_1_186' title='bbox 744 2224 825 2246; x_wconf 86' lang='lat' dir='ltr'>vero</span> 
     </span>
     <span class='ocr_line' id='line_1_38' title="bbox 129 2264 827 2303; baseline -0.003 -7"><span class='ocrx_word' id='word_1_187' title='bbox 129 2265 321 2297; x_wconf 85' lang='lat' dir='ltr'>testimonia</span> <span class='ocrx_word' id='word_1_188' title='bbox 348 2265 478 2295; x_wconf 85' lang='lat' dir='ltr'>aurium</span> <span class='ocrx_word' id='word_1_189' title='bbox 497 2265 660 2295; x_wconf 85' lang='lat' dir='ltr'>antistare</span> <span class='ocrx_word' id='word_1_190' title='bbox 682 2264 827 2303; x_wconf 84' lang='lat' dir='ltr'>indiciis,</span> 
     </span>
     <span class='ocr_line' id='line_1_39' title="bbox 128 2312 826 2355; baseline -0.006 -9"><span class='ocrx_word' id='word_1_191' title='bbox 128 2316 162 2346; x_wconf 89' lang='lat' dir='ltr'>in</span> <span class='ocrx_word' id='word_1_192' title='bbox 176 2315 296 2355; x_wconf 84' lang='lat' dir='ltr'>vulgus</span> <span class='ocrx_word' id='word_1_193' title='bbox 311 2318 428 2345; x_wconf 86' lang='lat' dir='ltr'>notum</span> <span class='ocrx_word' id='word_1_194' title='bbox 445 2317 516 2344; x_wconf 89' lang='lat' dir='ltr'>est:</span> <span class='ocrx_word' id='word_1_195' title='bbox 535 2312 674 2353; x_wconf 78' lang='grc' dir='ltr'><strong><em>ἔδρακον,</em></strong></span> <span class='ocrx_word' id='word_1_196' title='bbox 687 2313 723 2343; x_wconf 81' lang='grc' dir='ltr'>οὐ</span> <span class='ocrx_word' id='word_1_197' title='bbox 734 2312 826 2343; x_wconf 85' lang='grc' dir='ltr'>πυθό-</span> 
     </span>
     <span class='ocr_line' id='line_1_40' title="bbox 129 2363 827 2405; baseline -0.004 -9"><span class='ocrx_word' id='word_1_198' title='bbox 129 2376 201 2405; x_wconf 87' lang='grc' dir='ltr'>μην,</span> <span class='ocrx_word' id='word_1_199' title='bbox 214 2365 262 2395; x_wconf 90' lang='lat' dir='ltr'>ait</span> <span class='ocrx_word' id='word_1_200' title='bbox 277 2363 468 2404; x_wconf 87' lang='lat' dir='ltr'>Oppianus,</span> <span class='ocrx_word' id='word_1_201' title='bbox 483 2364 524 2394; x_wconf 89' lang='lat' dir='ltr'>ad</span> <span class='ocrx_word' id='word_1_202' title='bbox 550 2373 650 2404; x_wconf 88' lang='lat' dir='ltr'>quem</span> <span class='ocrx_word' id='word_1_203' title='bbox 674 2363 752 2393; x_wconf 86' lang='lat' dir='ltr'>vide</span> <span class='ocrx_word' id='word_1_204' title='bbox 774 2363 827 2393; x_wconf 85' lang='grc' dir='ltr'>ἆν-</span> 
     </span>
     <span class='ocr_line' id='line_1_41' title="bbox 130 2412 826 2455; baseline -0.006 -8"><span class='ocrx_word' id='word_1_205' title='bbox 130 2416 362 2455; x_wconf 72' lang='grc' dir='ltr'>θηρολογοῦντα</span> <span class='ocrx_word' id='word_1_206' title='bbox 392 2414 651 2445; x_wconf 84' lang='lat' dir='ltr'>Rittersbusium</span> <span class='ocrx_word' id='word_1_207' title='bbox 678 2421 736 2444; x_wconf 90' lang='lat'>111.</span> <span class='ocrx_word' id='word_1_208' title='bbox 761 2412 826 2452; x_wconf 90' lang='lat' dir='ltr'>Cy—</span> 
     </span>
     <span class='ocr_line' id='line_1_42' title="bbox 129 2461 827 2506; baseline -0.007 -9"><span class='ocrx_word' id='word_1_209' title='bbox 129 2475 207 2506; x_wconf 85' lang='lat' dir='ltr'>neg.</span> <span class='ocrx_word' id='word_1_210' title='bbox 232 2468 268 2497; x_wconf 88' lang='lat' dir='ltr'>et</span> <span class='ocrx_word' id='word_1_211' title='bbox 287 2473 322 2496; x_wconf 76' lang='lat' dir='ltr'>v,</span> <span class='ocrx_word' id='word_1_212' title='bbox 349 2463 392 2495; x_wconf 89' lang='lat' dir='ltr'>ad</span> <span class='ocrx_word' id='word_1_213' title='bbox 415 2463 639 2495; x_wconf 77' lang='lat' dir='ltr'>Guntlierum.</span> <span class='ocrx_word' id='word_1_214' title='bbox 693 2461 827 2493; x_wconf 83' lang='lat' dir='ltr'>Graecis</span> 
     </span>
     <span class='ocr_line' id='line_1_43' title="bbox 129 2511 825 2553; baseline -0.006 -7"><span class='ocrx_word' id='word_1_215' title='bbox 129 2515 206 2546; x_wconf 87' lang='lat' dir='ltr'>hinc</span> <span class='ocrx_word' id='word_1_216' title='bbox 221 2515 314 2546; x_wconf 86' lang='lat' dir='ltr'>dicta</span> <span class='ocrx_word' id='word_1_217' title='bbox 330 2514 493 2550; x_wconf 77' lang='grc' dir='ltr'>βλέποντα</span> <span class='ocrx_word' id='word_1_218' title='bbox 505 2512 673 2553; x_wconf 80' lang='grc' dir='ltr'>μαρτύρια;</span> <span class='ocrx_word' id='word_1_219' title='bbox 697 2512 741 2543; x_wconf 87' lang='lat' dir='ltr'>de</span> <span class='ocrx_word' id='word_1_220' title='bbox 755 2511 825 2552; x_wconf 84' lang='lat' dir='ltr'>qui-</span> 
     </span>
     <span class='ocr_line' id='line_1_44' title="bbox 131 2562 826 2603; baseline -0.006 -8"><span class='ocrx_word' id='word_1_221' title='bbox 131 2565 192 2596; x_wconf 89' lang='lat' dir='ltr'>bus</span> <span class='ocrx_word' id='word_1_222' title='bbox 210 2564 227 2595; x_wconf 84' lang='grc' dir='ltr'><strong><em>ὃ</em></strong></span> <span class='ocrx_word' id='word_1_223' title='bbox 240 2562 318 2594; x_wconf 89' lang='grc' dir='ltr'>πάνυ</span> <span class='ocrx_word' id='word_1_224' title='bbox 331 2564 485 2603; x_wconf 80' lang='lat' dir='ltr'>Scaliger</span> <span class='ocrx_word' id='word_1_225' title='bbox 499 2564 532 2594; x_wconf 90' lang='lat' dir='ltr'>in</span> <span class='ocrx_word' id='word_1_226' title='bbox 545 2563 614 2594; x_wconf 89' lang='lat' dir='ltr'>suis</span> <span class='ocrx_word' id='word_1_227' title='bbox 627 2562 669 2594; x_wconf 91' lang='lat' dir='ltr'>ad</span> <span class='ocrx_word' id='word_1_228' title='bbox 683 2562 826 2593; x_wconf 84' lang='lat' dir='ltr'>AEtnam.</span> 
     </span>
     <span class='ocr_line' id='line_1_45' title="bbox 130 2612 826 2653; baseline -0.006 -7"><span class='ocrx_word' id='word_1_229' title='bbox 130 2615 237 2646; x_wconf 90' lang='lat' dir='ltr'>Clem.</span> <span class='ocrx_word' id='word_1_230' title='bbox 254 2613 354 2646; x_wconf 82' lang='lat' dir='ltr'>Alex.</span> <span class='ocrx_word' id='word_1_231' title='bbox 368 2614 401 2645; x_wconf 90' lang='lat' dir='ltr'>iu</span> <span class='ocrx_word' id='word_1_232' title='bbox 417 2613 628 2653; x_wconf 76' lang='lat' dir='ltr'>fragmentis,</span> <span class='ocrx_word' id='word_1_233' title='bbox 641 2612 706 2651; x_wconf 82' lang='lat' dir='ltr'>vel,</span> <span class='ocrx_word' id='word_1_234' title='bbox 720 2612 826 2642; x_wconf 83' lang='lat' dir='ltr'>Theo-</span> 
     </span>
     <span class='ocr_line' id='line_1_46' title="bbox 130 2661 828 2704; baseline -0.003 -9"><span class='ocrx_word' id='word_1_235' title='bbox 130 2664 230 2695; x_wconf 88' lang='lat' dir='ltr'>dotus</span> <span class='ocrx_word' id='word_1_236' title='bbox 256 2667 332 2696; x_wconf 79' lang='lat'><strong>566.</strong></span> <span class='ocrx_word' id='word_1_237' title='bbox 371 2662 437 2695; x_wconf 69' lang='grc' dir='ltr'>ὦτα</span> <span class='ocrx_word' id='word_1_238' title='bbox 461 2662 614 2704; x_wconf 77' lang='grc' dir='ltr'>τυγχάνει</span> <span class='ocrx_word' id='word_1_239' title='bbox 641 2661 828 2703; x_wconf 80' lang='grc' dir='ltr'>ἀπιστότερα</span> 
     </span>
     <span class='ocr_line' id='line_1_47' title="bbox 130 2714 824 2755; baseline -0.003 -9"><span class='ocrx_word' id='word_1_240' title='bbox 130 2714 304 2755; x_wconf 81' lang='grc' dir='ltr'>ὀφθαλμῶν.</span> <span class='ocrx_word' id='word_1_241' title='bbox 328 2715 426 2746; x_wconf 86' lang='lat' dir='ltr'>Philo</span> <span class='ocrx_word' id='word_1_242' title='bbox 442 2715 528 2746; x_wconf 87' lang='lat' dir='ltr'>libro</span> <span class='ocrx_word' id='word_1_243' title='bbox 543 2715 587 2746; x_wconf 87' lang='lat' dir='ltr'>de</span> <span class='ocrx_word' id='word_1_244' title='bbox 605 2714 824 2746; x_wconf 80' lang='lat' dir='ltr'>temulentia:</span> 
     </span>
     <span class='ocr_line' id='line_1_48' title="bbox 129 2763 824 2805; baseline -0.003 -9"><span class='ocrx_word' id='word_1_245' title='bbox 129 2765 297 2805; x_wconf 80' lang='grc' dir='ltr'>πιστότερα</span> <span class='ocrx_word' id='word_1_246' title='bbox 312 2764 379 2805; x_wconf 78' lang='grc' dir='ltr'>ὄψις</span> <span class='ocrx_word' id='word_1_247' title='bbox 403 2765 502 2804; x_wconf 79' lang='grc' dir='ltr'>ὤτων,</span> <span class='ocrx_word' id='word_1_248' title='bbox 528 2767 602 2797; x_wconf 88' lang='grc'><strong>195.</strong></span> <span class='ocrx_word' id='word_1_249' title='bbox 626 2765 668 2795; x_wconf 85' lang='lat' dir='ltr'>de</span> <span class='ocrx_word' id='word_1_250' title='bbox 689 2763 824 2795; x_wconf 88' lang='lat' dir='ltr'>confus-</span> 
     </span>
     <span class='ocr_line' id='line_1_49' title="bbox 128 2811 827 2854; baseline -0.001 -9"><span class='ocrx_word' id='word_1_251' title='bbox 128 2814 211 2854; x_wconf 81' lang='lat' dir='ltr'>ling.</span> <span class='ocrx_word' id='word_1_252' title='bbox 243 2817 316 2846; x_wconf 82' lang='grc'><strong>266.</strong></span> <span class='ocrx_word' id='word_1_253' title='bbox 356 2813 424 2854; x_wconf 76' lang='grc' dir='ltr'>ὄψιν</span> <span class='ocrx_word' id='word_1_254' title='bbox 459 2814 584 2850; x_wconf 74' lang='grc' dir='ltr'>ἀπλανῆ</span> <span class='ocrx_word' id='word_1_255' title='bbox 625 2813 682 2854; x_wconf 79' lang='grc' dir='ltr'>πρὸ</span> <span class='ocrx_word' id='word_1_256' title='bbox 707 2811 827 2850; x_wconf 79' lang='grc' dir='ltr'>ἀπάτης</span> 
     </span>
     <span class='ocr_line' id='line_1_50' title="bbox 131 2863 825 2905; baseline -0.003 -9"><span class='ocrx_word' id='word_1_257' title='bbox 131 2864 306 2896; x_wconf 75' lang='grc' dir='ltr'>ἀπατεῶνας</span> <span class='ocrx_word' id='word_1_258' title='bbox 343 2865 426 2905; x_wconf 78' lang='grc' dir='ltr'>ἄξιον</span> <span class='ocrx_word' id='word_1_259' title='bbox 454 2863 581 2905; x_wconf 80' lang='grc' dir='ltr'>μάρτυρι</span> <span class='ocrx_word' id='word_1_260' title='bbox 610 2864 757 2903; x_wconf 80' lang='grc' dir='ltr'>τίθεσθαι,</span> <span class='ocrx_word' id='word_1_261' title='bbox 784 2864 825 2895; x_wconf 84' lang='lat' dir='ltr'>de</span> 
     </span>
    </p>

    <p class='ocr_par' dir='ltr' id='par_1_15' title="bbox 215 2918 574 2959">
     <span class='ocr_line' id='line_1_51' title="bbox 215 2918 574 2959; baseline 0 -10"><span class='ocrx_word' id='word_1_262' title='bbox 215 2918 328 2959; x_wconf 78' lang='lat' dir='ltr'>Delph.</span> <span class='ocrx_word' id='word_1_263' title='bbox 345 2923 374 2950; x_wconf 83' lang='lat' dir='ltr'>et</span> <span class='ocrx_word' id='word_1_264' title='bbox 395 2918 470 2951; x_wconf 62' lang='grc' dir='ltr'><strong>γαν.</strong></span> <span class='ocrx_word' id='word_1_265' title='bbox 490 2919 574 2949; x_wconf 83' lang='lat' dir='ltr'>Clas.</span> 
     </span>
    </p>
   </div>
   <div class='ocr_carea' id='block_1_13' title="bbox 722 2918 980 2957">
    <p class='ocr_par' dir='ltr' id='par_1_16' title="bbox 722 2918 980 2957">
     <span class='ocr_line' id='line_1_52' title="bbox 722 2918 980 2957; baseline 0 -9"><span class='ocrx_word' id='word_1_266' title='bbox 722 2918 810 2950; x_wconf 82' lang='lat' dir='ltr'>Dict.</span> <span class='ocrx_word' id='word_1_267' title='bbox 829 2918 912 2949; x_wconf 81' lang='lat' dir='ltr'>Cret.</span> <span class='ocrx_word' id='word_1_268' title='bbox 928 2918 980 2957; x_wconf 61' lang='lat' dir='ltr'>«isc.</span> 
     </span>
    </p>
   </div>
   <div class='ocr_carea' id='block_1_14' title="bbox 877 1111 1580 2605">
    <p class='ocr_par' dir='ltr' id='par_1_17' title="bbox 879 1111 1580 1248">
     <span class='ocr_line' id='line_1_53' title="bbox 881 1111 1580 1155; baseline -0.001 -10"><span class='ocrx_word' id='word_1_269' title='bbox 881 1114 1036 1155; x_wconf 80' lang='lat' dir='ltr'>profugis</span> <span class='ocrx_word' id='word_1_270' title='bbox 1068 1118 1121 1145; x_wconf 82' lang='lat'>37.</span> <span class='ocrx_word' id='word_1_271' title='bbox 1150 1113 1228 1151; x_wconf 80' lang='grc' dir='ltr'>ἀκοὴ</span> <span class='ocrx_word' id='word_1_272' title='bbox 1257 1111 1391 1153; x_wconf 79' lang='grc' dir='ltr'>ὁράσεως</span> <span class='ocrx_word' id='word_1_273' title='bbox 1426 1114 1580 1154; x_wconf 81' lang='grc' dir='ltr'>δευτερεῖα</span> 
     </span>
     <span class='ocr_line' id='line_1_54' title="bbox 879 1163 1578 1205; baseline -0.004 -9"><span class='ocrx_word' id='word_1_274' title='bbox 879 1163 1006 1205; x_wconf 85' lang='grc' dir='ltr'>φέρετα.</span> <span class='ocrx_word' id='word_1_275' title='bbox 1053 1165 1150 1195; x_wconf 86' lang='lat' dir='ltr'>Idem</span> <span class='ocrx_word' id='word_1_276' title='bbox 1177 1165 1224 1195; x_wconf 89' lang='lat' dir='ltr'>ait</span> <span class='ocrx_word' id='word_1_277' title='bbox 1242 1174 1267 1195; x_wconf 93' lang='lat'>1.</span> <span class='ocrx_word' id='word_1_278' title='bbox 1292 1165 1344 1194; x_wconf 92' lang='lat' dir='ltr'>De</span> <span class='ocrx_word' id='word_1_279' title='bbox 1362 1164 1433 1194; x_wconf 85' lang='lat' dir='ltr'>vita</span> <span class='ocrx_word' id='word_1_280' title='bbox 1458 1164 1578 1205; x_wconf 89' lang='lat' dir='ltr'>Mosis,</span> 
     </span>
     <span class='ocr_line' id='line_1_55' title="bbox 879 1214 1484 1248; baseline 0 -3"><span class='ocrx_word' id='word_1_281' title='bbox 879 1217 954 1246; x_wconf 86' lang='grc'><strong>498.</strong></span> <span class='ocrx_word' id='word_1_282' title='bbox 971 1218 1044 1246; x_wconf 82' lang='grc'><strong>499.</strong></span> <span class='ocrx_word' id='word_1_283' title='bbox 1061 1220 1097 1246; x_wconf 84' lang='lat' dir='ltr'>et</span> <span class='ocrx_word' id='word_1_284' title='bbox 1114 1216 1168 1246; x_wconf 81' lang='lat' dir='ltr'>De</span> <span class='ocrx_word' id='word_1_285' title='bbox 1184 1214 1391 1248; x_wconf 78' lang='lat' dir='ltr'>Abrahamo,</span> <span class='ocrx_word' id='word_1_286' title='bbox 1408 1216 1484 1245; x_wconf 85' lang='grc'><strong>290.</strong></span> 
     </span>
    </p>

    <p class='ocr_par' dir='ltr' id='par_1_18' title="bbox 878 1263 1580 1549">
     <span class='ocr_line' id='line_1_56' title="bbox 925 1263 1579 1304; baseline 0 -8"><span class='ocrx_word' id='word_1_287' title='bbox 925 1267 965 1296; x_wconf 83' lang='grc'>27</span> <span class='ocrx_word' id='word_1_288' title='bbox 983 1265 1076 1296; x_wconf 79' lang='lat' dir='ltr'>Hunc</span> <span class='ocrx_word' id='word_1_289' title='bbox 1090 1264 1141 1295; x_wconf 79' lang='lat' dir='ltr'>ubi</span> <span class='ocrx_word' id='word_1_290' title='bbox 1155 1263 1348 1304; x_wconf 81' lang='lat' dir='ltr'>combiberit]</span> <span class='ocrx_word' id='word_1_291' title='bbox 1374 1264 1495 1294; x_wconf 75' lang='lat' dir='ltr'>Horat.</span> <span class='ocrx_word' id='word_1_292' title='bbox 1513 1264 1579 1304; x_wconf 76' lang='lat' dir='ltr'>Ep.</span> 
     </span>
     <span class='ocr_line' id='line_1_57' title="bbox 882 1312 1579 1352; baseline 0.003 -9"><span class='ocrx_word' id='word_1_293' title='bbox 882 1322 907 1344; x_wconf 89' lang='lat'>1.</span> <span class='ocrx_word' id='word_1_294' title='bbox 936 1316 971 1344; x_wconf 83' lang='lat'>2.</span> <span class='ocrx_word' id='word_1_295' title='bbox 1008 1314 1118 1344; x_wconf 87' lang='lat' dir='ltr'>‘nunc</span> <span class='ocrx_word' id='word_1_296' title='bbox 1148 1312 1273 1343; x_wconf 80' lang='lat' dir='ltr'>adhibe</span> <span class='ocrx_word' id='word_1_297' title='bbox 1310 1321 1395 1352; x_wconf 89' lang='lat' dir='ltr'>puro</span> <span class='ocrx_word' id='word_1_298' title='bbox 1431 1312 1579 1345; x_wconf 84' lang='lat' dir='ltr'>Pectore</span> 
     </span>
     <span class='ocr_line' id='line_1_58' title="bbox 882 1361 1578 1404; baseline 0 -10"><span class='ocrx_word' id='word_1_299' title='bbox 882 1363 1000 1402; x_wconf 85' lang='lat' dir='ltr'>verba,</span> <span class='ocrx_word' id='word_1_300' title='bbox 1017 1363 1123 1404; x_wconf 79' lang='lat' dir='ltr'>puer-¹</span> <span class='ocrx_word' id='word_1_301' title='bbox 1147 1362 1256 1394; x_wconf 88' lang='lat' dir='ltr'>Prud.</span> <span class='ocrx_word' id='word_1_302' title='bbox 1271 1361 1578 1402; x_wconf 84' lang='lat' dir='ltr'>‘Postquamcom-</span> 
     </span>
     <span class='ocr_line' id='line_1_59' title="bbox 882 1411 1579 1451; baseline 0.001 -9"><span class='ocrx_word' id='word_1_303' title='bbox 882 1412 1031 1444; x_wconf 85' lang='lat' dir='ltr'>biberint</span> <span class='ocrx_word' id='word_1_304' title='bbox 1069 1413 1183 1444; x_wconf 89' lang='lat' dir='ltr'>Deum</span> <span class='ocrx_word' id='word_1_305' title='bbox 1225 1411 1405 1450; x_wconf 82' lang='lat' dir='ltr'>medullis,’</span> <span class='ocrx_word' id='word_1_306' title='bbox 1441 1411 1579 1451; x_wconf 85' lang='lat' dir='ltr'>Hymno</span> 
     </span>
     <span class='ocr_line' id='line_1_60' title="bbox 881 1460 1580 1502; baseline -0.001 -10"><span class='ocrx_word' id='word_1_307' title='bbox 881 1470 931 1492; x_wconf 86' lang='lat' dir='ltr'>lv.</span> <span class='ocrx_word' id='word_1_308' title='bbox 957 1461 1195 1502; x_wconf 64' lang='lat' dir='ltr'>Aristaenetus,</span> <span class='ocrx_word' id='word_1_309' title='bbox 1221 1471 1247 1493; x_wconf 88' lang='lat'>1.</span> <span class='ocrx_word' id='word_1_310' title='bbox 1282 1460 1462 1492; x_wconf 81' lang='grc' dir='ltr'>καταπίνειν</span> <span class='ocrx_word' id='word_1_311' title='bbox 1486 1461 1580 1500; x_wconf 78' lang='grc' dir='ltr'>φιλή-</span> 
     </span>
     <span class='ocr_line' id='line_1_61' title="bbox 878 1523 973 1549; baseline 0 -7"><span class='ocrx_word' id='word_1_312' title='bbox 878 1523 973 1549; x_wconf 87' lang='grc' dir='ltr'><strong>ματα.</strong></span> 
     </span>
    </p>

    <p class='ocr_par' dir='ltr' id='par_1_19' title="bbox 877 1561 1580 2106">
     <span class='ocr_line' id='line_1_62' title="bbox 922 1561 1579 1602; baseline 0 -10"><span class='ocrx_word' id='word_1_313' title='bbox 922 1564 964 1592; x_wconf 89' lang='grc'>29</span> <span class='ocrx_word' id='word_1_314' title='bbox 994 1562 1188 1602; x_wconf 80' lang='lat' dir='ltr'>Proscripsit</span> <span class='ocrx_word' id='word_1_315' title='bbox 1216 1562 1307 1600; x_wconf 80' lang='lat' dir='ltr'>longe</span> <span class='ocrx_word' id='word_1_316' title='bbox 1328 1562 1482 1592; x_wconf 83' lang='lat' dir='ltr'>ludentem</span> <span class='ocrx_word' id='word_1_317' title='bbox 1495 1561 1579 1602; x_wconf 83' lang='lat' dir='ltr'>ficta</span> 
     </span>
     <span class='ocr_line' id='line_1_63' title="bbox 877 1611 1579 1652; baseline 0.001 -11"><span class='ocrx_word' id='word_1_318' title='bbox 877 1611 1016 1651; x_wconf 75' lang='lat' dir='ltr'>po&#39;e‘tam]</span> <span class='ocrx_word' id='word_1_319' title='bbox 1036 1612 1234 1650; x_wconf 82' lang='lat' dir='ltr'>Homerum,</span> <span class='ocrx_word' id='word_1_320' title='bbox 1250 1612 1319 1652; x_wconf 88' lang='lat' dir='ltr'>qui,</span> <span class='ocrx_word' id='word_1_321' title='bbox 1335 1616 1374 1642; x_wconf 89' lang='lat' dir='ltr'>ut</span> <span class='ocrx_word' id='word_1_322' title='bbox 1391 1611 1497 1643; x_wconf 82' lang='lat' dir='ltr'>Arist.</span> <span class='ocrx_word' id='word_1_323' title='bbox 1516 1612 1579 1652; x_wconf 87' lang='lat' dir='ltr'>ait,</span> 
     </span>
     <span class='ocr_line' id='line_1_64' title="bbox 879 1660 1580 1701; baseline 0 -9"><span class='ocrx_word' id='word_1_324' title='bbox 879 1662 968 1692; x_wconf 87' lang='lat' dir='ltr'>libro</span> <span class='ocrx_word' id='word_1_325' title='bbox 996 1662 1038 1692; x_wconf 90' lang='lat' dir='ltr'>de</span> <span class='ocrx_word' id='word_1_326' title='bbox 1067 1662 1160 1701; x_wconf 76' lang='lat' dir='ltr'>poe‘t.</span> <span class='ocrx_word' id='word_1_327' title='bbox 1186 1665 1240 1693; x_wconf 88' lang='grc'>24.</span> <span class='ocrx_word' id='word_1_328' title='bbox 1271 1661 1414 1701; x_wconf 85' lang='grc' dir='ltr'>δεδίδαχε</span> <span class='ocrx_word' id='word_1_329' title='bbox 1438 1660 1580 1701; x_wconf 81' lang='grc' dir='ltr'>μάλιστα</span> 
     </span>
     <span class='ocr_line' id='line_1_65' title="bbox 881 1711 1579 1752; baseline 0.003 -10"><span class='ocrx_word' id='word_1_330' title='bbox 881 1711 933 1743; x_wconf 83' lang='grc' dir='ltr'>καὶ</span> <span class='ocrx_word' id='word_1_331' title='bbox 954 1711 1027 1743; x_wconf 86' lang='grc' dir='ltr'>τοὺς</span> <span class='ocrx_word' id='word_1_332' title='bbox 1050 1711 1168 1743; x_wconf 82' lang='grc' dir='ltr'>ἄλλους</span> <span class='ocrx_word' id='word_1_333' title='bbox 1189 1713 1284 1752; x_wconf 83' lang='grc' dir='ltr'>ψευδῆ</span> <span class='ocrx_word' id='word_1_334' title='bbox 1314 1711 1433 1751; x_wconf 70' lang='grc' dir='ltr'>λέγειν,</span> <span class='ocrx_word' id='word_1_335' title='bbox 1456 1711 1496 1743; x_wconf 82' lang='grc' dir='ltr'>ὡς</span> <span class='ocrx_word' id='word_1_336' title='bbox 1522 1712 1579 1744; x_wconf 82' lang='grc' dir='ltr'><strong>δεῖ.</strong></span> 
     </span>
     <span class='ocr_line' id='line_1_66' title="bbox 880 1762 1579 1802; baseline 0 -9"><span class='ocrx_word' id='word_1_337' title='bbox 880 1763 990 1793; x_wconf 87' lang='lat' dir='ltr'>Varro</span> <span class='ocrx_word' id='word_1_338' title='bbox 1014 1763 1145 1802; x_wconf 82' lang='lat' dir='ltr'>scribit,</span> <span class='ocrx_word' id='word_1_339' title='bbox 1173 1763 1335 1801; x_wconf 83' lang='lat' dir='ltr'>Sibyllam</span> <span class='ocrx_word' id='word_1_340' title='bbox 1365 1762 1579 1802; x_wconf 83' lang='lat' dir='ltr'>Erytliraeam</span> 
     </span>
     <span class='ocr_line' id='line_1_67' title="bbox 881 1814 1577 1855; baseline -0.004 -8"><span class='ocrx_word' id='word_1_341' title='bbox 881 1816 998 1848; x_wconf 86' lang='lat' dir='ltr'>Graiis</span> <span class='ocrx_word' id='word_1_342' title='bbox 1012 1815 1112 1846; x_wconf 89' lang='lat' dir='ltr'>Ilium</span> <span class='ocrx_word' id='word_1_343' title='bbox 1131 1815 1330 1855; x_wconf 87' lang='lat' dir='ltr'>petentibus</span> <span class='ocrx_word' id='word_1_344' title='bbox 1347 1814 1577 1853; x_wconf 82' lang='lat' dir='ltr'>vaticinatam,</span> 
     </span>
     <span class='ocr_line' id='line_1_68' title="bbox 881 1864 1579 1906; baseline -0.003 -10"><span class='ocrx_word' id='word_1_345' title='bbox 881 1866 1066 1906; x_wconf 86' lang='lat' dir='ltr'>perituram</span> <span class='ocrx_word' id='word_1_346' title='bbox 1078 1865 1223 1905; x_wconf 83' lang='lat' dir='ltr'>Trojam,</span> <span class='ocrx_word' id='word_1_347' title='bbox 1236 1868 1269 1895; x_wconf 80' lang='lat' dir='ltr'>et</span> <span class='ocrx_word' id='word_1_348' title='bbox 1284 1864 1471 1895; x_wconf 88' lang='lat' dir='ltr'>Homerum</span> <span class='ocrx_word' id='word_1_349' title='bbox 1485 1873 1579 1894; x_wconf 89' lang='lat' dir='ltr'>men·</span> 
     </span>
     <span class='ocr_line' id='line_1_69' title="bbox 881 1914 1578 1956; baseline -0.006 -9"><span class='ocrx_word' id='word_1_350' title='bbox 881 1916 979 1947; x_wconf 90' lang='lat' dir='ltr'>dacia</span> <span class='ocrx_word' id='word_1_351' title='bbox 1005 1916 1224 1956; x_wconf 83' lang='lat' dir='ltr'>scripturum.</span> <span class='ocrx_word' id='word_1_352' title='bbox 1277 1914 1408 1945; x_wconf 83' lang='lat' dir='ltr'>Noster</span> <span class='ocrx_word' id='word_1_353' title='bbox 1438 1923 1578 1953; x_wconf 86' lang='lat' dir='ltr'>respex-</span> 
     </span>
     <span class='ocr_line' id='line_1_70' title="bbox 877 1962 1579 2003; baseline -0.004 -7"><span class='ocrx_word' id='word_1_354' title='bbox 877 1966 943 1998; x_wconf 75' lang='lat' dir='ltr'>isse</span> <span class='ocrx_word' id='word_1_355' title='bbox 961 1966 1094 1997; x_wconf 81' lang='lat' dir='ltr'>videtur</span> <span class='ocrx_word' id='word_1_356' title='bbox 1111 1966 1151 1996; x_wconf 86' lang='lat' dir='ltr'>ad</span> <span class='ocrx_word' id='word_1_357' title='bbox 1165 1966 1256 1996; x_wconf 88' lang='lat' dir='ltr'>illam</span> <span class='ocrx_word' id='word_1_358' title='bbox 1273 1964 1431 1996; x_wconf 86' lang='lat' dir='ltr'>Platonis</span> <span class='ocrx_word' id='word_1_359' title='bbox 1449 1962 1579 2003; x_wconf 77' lang='grc' dir='ltr'>ἐξορίαν,</span> 
     </span>
     <span class='ocr_line' id='line_1_71' title="bbox 879 2015 1579 2057; baseline -0.001 -11"><span class='ocrx_word' id='word_1_360' title='bbox 879 2025 945 2057; x_wconf 89' lang='lat' dir='ltr'>qua</span> <span class='ocrx_word' id='word_1_361' title='bbox 967 2025 1008 2047; x_wconf 89' lang='lat' dir='ltr'>ex</span> <span class='ocrx_word' id='word_1_362' title='bbox 1034 2015 1210 2057; x_wconf 82' lang='lat' dir='ltr'>republica</span> <span class='ocrx_word' id='word_1_363' title='bbox 1233 2015 1379 2054; x_wconf 86' lang='lat' dir='ltr'>ejicitur,</span> <span class='ocrx_word' id='word_1_364' title='bbox 1396 2024 1469 2055; x_wconf 79' lang='lat' dir='ltr'>quae</span> <span class='ocrx_word' id='word_1_365' title='bbox 1494 2023 1579 2045; x_wconf 88' lang='lat' dir='ltr'>nun-</span> 
     </span>
     <span class='ocr_line' id='line_1_72' title="bbox 881 2064 1075 2106; baseline 0 -10"><span class='ocrx_word' id='word_1_366' title='bbox 881 2075 980 2106; x_wconf 86' lang='lat' dir='ltr'>quam</span> <span class='ocrx_word' id='word_1_367' title='bbox 998 2064 1075 2096; x_wconf 86' lang='lat' dir='ltr'>fuit.</span> 
     </span>
    </p>

    <p class='ocr_par' dir='ltr' id='par_1_20' title="bbox 879 2113 1579 2605">
     <span class='ocr_line' id='line_1_73' title="bbox 923 2113 1579 2156; baseline -0.002 -10"><span class='ocrx_word' id='word_1_368' title='bbox 923 2116 1181 2156; x_wconf 80' lang='lat' dir='ltr'>Ludentemficta</span> <span class='ocrx_word' id='word_1_369' title='bbox 1193 2114 1332 2156; x_wconf 73' lang='lat' dir='ltr'>po’e&#39;lam]</span> <span class='ocrx_word' id='word_1_370' title='bbox 1348 2114 1411 2152; x_wconf 73' lang='grc' dir='ltr'>Τὴν</span> <span class='ocrx_word' id='word_1_371' title='bbox 1433 2113 1579 2151; x_wconf 81' lang='grc' dir='ltr'>ἀλήθειαν</span> 
     </span>
     <span class='ocr_line' id='line_1_74' title="bbox 882 2164 1579 2206; baseline 0.003 -12"><span class='ocrx_word' id='word_1_372' title='bbox 882 2164 996 2204; x_wconf 78' lang='grc' dir='ltr'>ζητεῖν,</span> <span class='ocrx_word' id='word_1_373' title='bbox 1019 2165 1217 2206; x_wconf 86' lang='lat' dir='ltr'>(quotannis</span> <span class='ocrx_word' id='word_1_374' title='bbox 1235 2166 1324 2196; x_wconf 85' lang='lat' dir='ltr'>bello</span> <span class='ocrx_word' id='word_1_375' title='bbox 1343 2164 1489 2205; x_wconf 80' lang='lat' dir='ltr'>Trojano</span> <span class='ocrx_word' id='word_1_376' title='bbox 1506 2165 1579 2196; x_wconf 89' lang='lat' dir='ltr'>Ho-</span> 
     </span>
     <span class='ocr_line' id='line_1_75' title="bbox 881 2214 1579 2255; baseline -0.003 -10"><span class='ocrx_word' id='word_1_377' title='bbox 881 2225 992 2246; x_wconf 88' lang='lat' dir='ltr'>merus</span> <span class='ocrx_word' id='word_1_378' title='bbox 1027 2215 1224 2255; x_wconf 84' lang='lat' dir='ltr'>posterior‚)</span> <span class='ocrx_word' id='word_1_379' title='bbox 1263 2214 1420 2253; x_wconf 83' lang='grc' dir='ltr'>πετόμενα</span> <span class='ocrx_word' id='word_1_380' title='bbox 1460 2215 1498 2245; x_wconf 79' lang='grc' dir='ltr'>ἂν</span> <span class='ocrx_word' id='word_1_381' title='bbox 1531 2214 1579 2251; x_wconf 72' lang='grc' dir='ltr'>εἴη</span> 
     </span>
     <span class='ocr_line' id='line_1_76' title="bbox 880 2264 1577 2306; baseline -0.001 -11"><span class='ocrx_word' id='word_1_382' title='bbox 880 2264 1010 2306; x_wconf 79' lang='grc' dir='ltr'>διώκειν,</span> <span class='ocrx_word' id='word_1_383' title='bbox 1027 2271 1063 2296; x_wconf 90' lang='lat' dir='ltr'>ut</span> <span class='ocrx_word' id='word_1_384' title='bbox 1080 2265 1229 2306; x_wconf 83' lang='lat' dir='ltr'>loquitur</span> <span class='ocrx_word' id='word_1_385' title='bbox 1245 2265 1483 2304; x_wconf 84' lang='lat' dir='ltr'>Philosophus.</span> <span class='ocrx_word' id='word_1_386' title='bbox 1516 2264 1577 2294; x_wconf 80' lang='lat' dir='ltr'>Vi·</span> 
     </span>
     <span class='ocr_line' id='line_1_77' title="bbox 879 2312 1578 2353; baseline -0.006 -7"><span class='ocrx_word' id='word_1_387' title='bbox 879 2315 969 2347; x_wconf 85' lang='lat' dir='ltr'>desis</span> <span class='ocrx_word' id='word_1_388' title='bbox 999 2315 1228 2353; x_wconf 79' lang='lat' dir='ltr'>Herodotum,</span> <span class='ocrx_word' id='word_1_389' title='bbox 1252 2313 1488 2350; x_wconf 85' lang='lat' dir='ltr'>Plutarchum,</span> <span class='ocrx_word' id='word_1_390' title='bbox 1512 2312 1578 2342; x_wconf 88' lang='lat' dir='ltr'>Ar-</span> 
     </span>
     <span class='ocr_line' id='line_1_78' title="bbox 881 2361 1576 2404; baseline -0.004 -9"><span class='ocrx_word' id='word_1_391' title='bbox 881 2365 1260 2404; x_wconf 84' lang='lat' dir='ltr'>chilochum,Solinum.</span> <span class='ocrx_word' id='word_1_392' title='bbox 1307 2363 1446 2394; x_wconf 86' lang='lat' dir='ltr'>Prolixe</span> <span class='ocrx_word' id='word_1_393' title='bbox 1473 2371 1513 2393; x_wconf 87' lang='lat' dir='ltr'>ea</span> <span class='ocrx_word' id='word_1_394' title='bbox 1533 2361 1576 2392; x_wconf 84' lang='lat' dir='ltr'>de</span> 
     </span>
     <span class='ocr_line' id='line_1_79' title="bbox 883 2413 1577 2455; baseline -0.004 -9"><span class='ocrx_word' id='word_1_395' title='bbox 883 2424 919 2446; x_wconf 89' lang='lat' dir='ltr'>re</span> <span class='ocrx_word' id='word_1_396' title='bbox 937 2415 1006 2455; x_wconf 80' lang='lat' dir='ltr'>agit</span> <span class='ocrx_word' id='word_1_397' title='bbox 1031 2416 1138 2445; x_wconf 87' lang='lat' dir='ltr'>Clem.</span> <span class='ocrx_word' id='word_1_398' title='bbox 1167 2414 1269 2445; x_wconf 88' lang='lat' dir='ltr'>Alex.</span> <span class='ocrx_word' id='word_1_399' title='bbox 1301 2423 1325 2444; x_wconf 84' lang='lat'>1.</span> <span class='ocrx_word' id='word_1_400' title='bbox 1349 2413 1475 2443; x_wconf 88' lang='lat' dir='ltr'>Strom.</span> <span class='ocrx_word' id='word_1_401' title='bbox 1500 2414 1577 2443; x_wconf 82' lang='grc'><strong>239.</strong></span> 
     </span>
     <span class='ocr_line' id='line_1_80' title="bbox 881 2462 1578 2505; baseline -0.004 -9"><span class='ocrx_word' id='word_1_402' title='bbox 881 2464 1034 2505; x_wconf 86' lang='lat' dir='ltr'>Agellius</span> <span class='ocrx_word' id='word_1_403' title='bbox 1052 2473 1144 2496; x_wconf 82' lang='lat' dir='ltr'>xvn.</span> <span class='ocrx_word' id='word_1_404' title='bbox 1160 2467 1213 2495; x_wconf 89' lang='grc'>21.</span> <span class='ocrx_word' id='word_1_405' title='bbox 1238 2464 1374 2504; x_wconf 86' lang='lat' dir='ltr'>Lipsius</span> <span class='ocrx_word' id='word_1_406' title='bbox 1391 2463 1432 2493; x_wconf 85' lang='lat' dir='ltr'>ad</span> <span class='ocrx_word' id='word_1_407' title='bbox 1448 2462 1578 2493; x_wconf 87' lang='lat' dir='ltr'>Vellei-</span> 
     </span>
     <span class='ocr_line' id='line_1_81' title="bbox 882 2513 1578 2554; baseline -0.003 -10"><span class='ocrx_word' id='word_1_408' title='bbox 882 2524 936 2544; x_wconf 90' lang='lat' dir='ltr'>um</span> <span class='ocrx_word' id='word_1_409' title='bbox 954 2524 979 2545; x_wconf 83' lang='lat' dir='ltr'>r.</span> <span class='ocrx_word' id='word_1_410' title='bbox 1002 2516 1078 2545; x_wconf 84' lang='grc'><strong>245.</strong></span> <span class='ocrx_word' id='word_1_411' title='bbox 1115 2514 1284 2554; x_wconf 82' lang='lat' dir='ltr'>Josephus</span> <span class='ocrx_word' id='word_1_412' title='bbox 1299 2513 1451 2552; x_wconf 85' lang='lat' dir='ltr'>Scaliger</span> <span class='ocrx_word' id='word_1_413' title='bbox 1468 2513 1578 2553; x_wconf 86' lang='lat' dir='ltr'>prima</span> 
     </span>
     <span class='ocr_line' id='line_1_82' title="bbox 883 2563 1576 2605; baseline -0.003 -10"><span class='ocrx_word' id='word_1_414' title='bbox 883 2564 1089 2605; x_wconf 86' lang='lat' dir='ltr'>Olympiade</span> <span class='ocrx_word' id='word_1_415' title='bbox 1118 2573 1184 2595; x_wconf 89' lang='lat' dir='ltr'>non</span> <span class='ocrx_word' id='word_1_416' title='bbox 1212 2565 1320 2595; x_wconf 87' lang='lat' dir='ltr'>multo</span> <span class='ocrx_word' id='word_1_417' title='bbox 1350 2563 1576 2604; x_wconf 86' lang='lat' dir='ltr'>antiquiorem</span> 
     </span>
    </p>
   </div>
   <div class='ocr_carea' id='block_1_15' title="bbox 880 2615 1640 2657">
    <p class='ocr_par' dir='ltr' id='par_1_21' title="bbox 880 2615 1640 2657">
     <span class='ocr_line' id='line_1_83' title="bbox 880 2615 1640 2657; baseline -0.003 -11"><span class='ocrx_word' id='word_1_418' title='bbox 880 2620 1001 2656; x_wconf 87' lang='lat' dir='ltr'>putat:</span> <span class='ocrx_word' id='word_1_419' title='bbox 1038 2615 1138 2646; x_wconf 87' lang='lat' dir='ltr'>Ilium</span> <span class='ocrx_word' id='word_1_420' title='bbox 1167 2620 1280 2646; x_wconf 85' lang='lat' dir='ltr'>autem</span> <span class='ocrx_word' id='word_1_421' title='bbox 1311 2619 1448 2654; x_wconf 88' lang='lat' dir='ltr'>captum</span> <span class='ocrx_word' id='word_1_422' title='bbox 1479 2615 1576 2645; x_wconf 85' lang='lat' dir='ltr'>annis</span> <span class='ocrx_word' id='word_1_423' title='bbox 1632 2651 1640 2657; x_wconf 66' lang='lat'><em>,</em></span> 
     </span>
    </p>
   </div>
   <div class='ocr_carea' id='block_1_16' title="bbox 879 2664 1576 2948">
    <p class='ocr_par' dir='ltr' id='par_1_22' title="bbox 879 2664 1575 2846">
     <span class='ocr_line' id='line_1_84' title="bbox 879 2664 1575 2705; baseline -0.004 -8"><span class='ocrx_word' id='word_1_424' title='bbox 879 2668 953 2697; x_wconf 51' lang='lat'>⁴108.</span> <span class='ocrx_word' id='word_1_425' title='bbox 969 2670 1048 2696; x_wconf 87' lang='lat' dir='ltr'>ante</span> <span class='ocrx_word' id='word_1_426' title='bbox 1066 2666 1206 2705; x_wconf 89' lang='lat' dir='ltr'>primam</span> <span class='ocrx_word' id='word_1_427' title='bbox 1220 2665 1358 2705; x_wconf 89' lang='lat' dir='ltr'>Olymp.</span> <span class='ocrx_word' id='word_1_428' title='bbox 1374 2664 1415 2695; x_wconf 89' lang='lat' dir='ltr'>de</span> <span class='ocrx_word' id='word_1_429' title='bbox 1432 2664 1575 2695; x_wconf 81' lang='lat' dir='ltr'>Emend.</span> 
     </span>
     <span class='ocr_line' id='line_1_85' title="bbox 880 2714 1575 2747; baseline -0.003 -1"><span class='ocrx_word' id='word_1_430' title='bbox 880 2725 904 2746; x_wconf 87' lang='lat'>1.</span> <span class='ocrx_word' id='word_1_431' title='bbox 920 2718 996 2747; x_wconf 89' lang='grc'><strong>205.</strong></span> <span class='ocrx_word' id='word_1_432' title='bbox 1022 2717 1097 2746; x_wconf 88' lang='grc'><strong>206.</strong></span> <span class='ocrx_word' id='word_1_433' title='bbox 1120 2715 1162 2746; x_wconf 86' lang='lat' dir='ltr'>ad</span> <span class='ocrx_word' id='word_1_434' title='bbox 1186 2714 1370 2746; x_wconf 83' lang='lat' dir='ltr'>Eusebium</span> <span class='ocrx_word' id='word_1_435' title='bbox 1399 2716 1454 2744; x_wconf 88' lang='lat'>66.</span> <span class='ocrx_word' id='word_1_436' title='bbox 1478 2718 1514 2745; x_wconf 86' lang='lat' dir='ltr'>et</span> <span class='ocrx_word' id='word_1_437' title='bbox 1539 2714 1575 2744; x_wconf 87' lang='lat' dir='ltr'>in</span> 
     </span>
     <span class='ocr_line' id='line_1_86' title="bbox 880 2763 1575 2805; baseline -0.003 -9"><span class='ocrx_word' id='word_1_438' title='bbox 880 2765 1008 2796; x_wconf 86' lang='lat' dir='ltr'>Canon.</span> <span class='ocrx_word' id='word_1_439' title='bbox 1020 2764 1112 2805; x_wconf 81' lang='lat' dir='ltr'>Isag.</span> <span class='ocrx_word' id='word_1_440' title='bbox 1124 2767 1196 2796; x_wconf 88' lang='grc'><strong>159.</strong></span> <span class='ocrx_word' id='word_1_441' title='bbox 1211 2765 1292 2796; x_wconf 88' lang='lat' dir='ltr'>item</span> <span class='ocrx_word' id='word_1_442' title='bbox 1307 2763 1446 2805; x_wconf 81' lang='lat' dir='ltr'>praefat.</span> <span class='ocrx_word' id='word_1_443' title='bbox 1455 2764 1488 2794; x_wconf 89' lang='lat' dir='ltr'>in</span> <span class='ocrx_word' id='word_1_444' title='bbox 1501 2764 1575 2795; x_wconf 87' lang='lat' dir='ltr'>Ma-</span> 
     </span>
     <span class='ocr_line' id='line_1_87' title="bbox 880 2815 1010 2846; baseline -0.008 0"><span class='ocrx_word' id='word_1_445' title='bbox 880 2815 1010 2846; x_wconf 87' lang='lat' dir='ltr'>uilium.</span> 
     </span>
    </p>

    <p class='ocr_par' dir='ltr' id='par_1_23' title="bbox 923 2863 1576 2948">
     <span class='ocr_line' id='line_1_88' title="bbox 923 2863 1576 2905; baseline -0.003 -8"><span class='ocrx_word' id='word_1_446' title='bbox 923 2867 966 2897; x_wconf 79' lang='lat'>30</span> <span class='ocrx_word' id='word_1_447' title='bbox 984 2864 1068 2900; x_wconf 83' lang='lat' dir='ltr'>Quin</span> <span class='ocrx_word' id='word_1_448' title='bbox 1084 2868 1114 2896; x_wconf 81' lang='lat' dir='ltr'>te</span> <span class='ocrx_word' id='word_1_449' title='bbox 1135 2864 1278 2905; x_wconf 79' lang='lat' dir='ltr'>Cecropii</span> <span class='ocrx_word' id='word_1_450' title='bbox 1294 2864 1426 2895; x_wconf 76' lang='lat' dir='ltr'>mentita</span> <span class='ocrx_word' id='word_1_451' title='bbox 1448 2863 1576 2895; x_wconf 77' lang='lat' dir='ltr'>licentia</span> 
     </span>
     <span class='ocr_line' id='line_1_89' title="bbox 1415 2916 1489 2948; baseline 0 0"><span class='ocrx_word' id='word_1_452' title='bbox 1415 2920 1434 2948; x_wconf 84' lang='lat'>2</span> <span class='ocrx_word' id='word_1_453' title='bbox 1457 2916 1489 2948; x_wconf 83' lang='lat' dir='ltr'>A</span> 
     </span>
    </p>
   </div>
  </div>
 </body>
</html>
