1889 3194
217 326 301 368 5:38
766 332 968 363 JOSEPHI
1003 330 1167 362 rscANl

218 430 326 483 Ipsa
343 429 474 470 ctiam
496 440 576 469 ceu
599 427 716 468 nulla
733 427 843 476 dies,
866 427 932 467 sic
954 439 1050 466 rara
1072 423 1269 477 tyrannis

219 495 432 549 Atropos,
454 495 586 548 inque
603 494 769 534 animas
788 493 946 545 inopes
965 491 1155 532 audacia
1171 490 1320 544 major.

221 563 452 604 Nutabant
475 561 635 610 Danai,
650 561 832 613 jamque
851 559 921 599 his
942 571 1048 611 spes
1069 557 1192 598 nulla
1212 557 1435 611 triumphi,

221 628 359 670 Nulla
377 630 493 682 fugae
517 642 526 669 :
558 628 635 668 fati
656 625 852 675 fraudes,
872 629 1120 666 commenta
1142 624 1354 673 Deorum,

221 696 278 736 Et
297 696 459 736 falsum
481 694 722 735 Calchanta
742 691 907 740 dolent,
929 691 1182 745 reditusque
1205 695 1444 740 susurrant,
1576 689 1662 730 285

220 764 268 803 Si
292 762 396 802 nulli
417 766 522 815 post
541 766 665 812 terga
683 763 854 799 metus:
887 770 992 798 mox
1015 758 1192 807 Nestor,
1214 761 1256 797 et
1276 757 1372 810 ipse

222 828 408 868 Peliden
428 828 699 880 Agamemno
719 829 902 877 rogant:
931 829 1063 876 negat
1082 824 1173 873 ille,
1194 836 1392 877 suosque

223 894 529 948 Myrmidonas
551 893 596 933 in
617 892 733 933 bella
752 896 901 932 tamen
920 891 1123 932 concedit
1143 890 1346 942 agendos.

280 961 380 1001 Hos
403 961 479 1001 ubi
501 958 736 1012 conspexit
754 957 911 1011 rapido
933 957 1105 1011 prodire
1124 957 1315 998 tumultu

221 1028 413 1075 Troilus,
433 1027 519 1067 huc
539 1025 791 1074 tendamus,
813 1025 889 1075 ait,
912 1037 1115 1077 quaenam
1136 1024 1233 1064 haec
1254 1035 1367 1064 nova
1388 1022 1556 1075 pubes‘?
1582 1020 1667 1062 290

223 1094 338 1145 Quis
360 1106 500 1134 novus
520 1093 592 1133 hic
612 1092 759 1146 pulvis
777 1092 796 1132 ’ἱ
828 1104 885 1132 an
903 1096 946 1132 et
963 1091 1045 1132 hos
1064 1091 1149 1132 huc
1170 1089 1357 1131 destinat
1377 1088 1519 1141 Argos

223 1160 353 1202 Nunc
369 1160 573 1214 primum,
593 1164 638 1200 et
656 1163 774 1200 totas
794 1163 1000 1212 properat
1021 1170 1274 1199 consumere
1295 1157 1442 1198 vires?

222 1229 284 1269 At
305 1228 463 1281 Superi
483 1227 665 1278 melius3
697 1226 876 1266 deerant
896 1238 1010 1278 quos
1031 1225 1214 1278 perdere
1235 1236 1429 1278 possem,

224 1295 279 1336 Et
301 1294 455 1348 Stygio
476 1293 685 1334 mandare
704 1292 733 1333 J
737 1293 822 1341 ovi,
843 1292 1104 1345 gladiusque
1124 1292 1310 1332 timebat

223 1360 329 1402 Otia
346 1374 356 1402 ι
387 1360 490 1401 faxo
508 1360 639 1412 igitur
658 1364 763 1413 post
783 1359 968 1399 fulmina
989 1358 1199 1400 Dardana
1219 1358 1394 1399 discant
1583 1354 1670 1396 295

222 1428 389 1469 Utilius
410 1428 594 1468 latuisse
614 1426 755 1467 domi:
787 1426 852 1467 sic
872 1426 988 1466 fatus
1012 1426 1270 1479 Hypartum

226 1495 467 1535 Ductorem
484 1493 622 1541 cunei,
644 1506 733 1545 qua
752 1492 979 1533 flammeus
1000 1493 1132 1532 umbo
1157 1495 1377 1540 coruscat,

224 1561 403 1602 Robore
420 1560 618 1601 fraxineo
641 1559 746 1611 figit,
765 1559 947 1611 teloque
970 1558 1160 1598 moranti

224 1627 510 1680 Praecipitem
531 1626 755 1679 perturbat
777 1638 917 1678 equo:
950 1625 1062 1665 celer
1083 1624 1156 1665 ille
1177 1624 1369 1677 receptis

227 1693 483 1741 Gressibus‚
504 1692 770 1746 abjectaque
791 1692 931 1741 hasta,
953 1691 1199 1744 clypeoque
1222 1690 1392 1739 relicto,
1585 1688 1671 1730 300

227 1759 387 1800 Acrius
405 1759 637 1799 instantem
656 1758 766 1809 fugit
783 1758 971 1806 hostem,
993 1757 1038 1797 in
1059 1760 1205 1797 castra
1226 1756 1432 1797 recedens

228 1826 468 1878 Argolica:
509 1825 600 1865 illic
622 1828 723 1864 ante
746 1824 893 1876 ipsum
913 1827 1132 1864 mactatus
1154 1823 1372 1864 Achillem

227 1892 446 1941 Concidit,
467 1895 511 1932 et
529 1891 630 1931 fuso
652 1890 838 1931 tentoria
859 1891 1071 1942 sanguine
1092 1889 1254 1942 signat.

285 1958 465 2000 Frendit
485 1962 628 2007 atrox,
643 1961 937 2010 quantumque
956 1957 1110 2009 ingens
1132 1956 1267 1997 dabat
1286 1957 1366 2005 ira,
1387 1955 1597 1996 lacertum

228 2025 369 2077 Erigit
384 2025 610 2073 AEacides,
631 2037 683 2065 ac
705 2029 800 2065 toto
821 2025 974 2064 robore
995 2024 1118 2064 nisus
1586 2021 1672 2061 305

226 2091 255 2132 J
261 2104 330 2132 am
352 2103 640 2145 responsuros
663 2095 790 2143 parat
810 2091 954 2131 ictus:
986 2093 1162 2131 venerat
1183 2093 1284 2130 ante

227 2158 406 2198 Lancea
427 2157 679 2206 Priamidae,
698 2157 930 2209 laevosque
953 2155 1175 2196 invaserat
1196 2168 1341 2196 armos

232 2225 421 2266 Hostis:
454 2228 498 2265 at
524 2224 758 2265 innocuum
778 2223 889 2265 fallit
909 2223 1106 2264 Tritonia
1128 2223 1277 2263 telum.

835 2330 931 2343 00000
937 2331 952 2342 e
956 2330 1010 2342 ‘0‘
1015 2330 1071 2342 000

270 2400 329 2428 281
357 2398 430 2438 Ipsa
443 2398 536 2428 etiam
551 2406 605 2428 ceu
620 2397 705 2428 nulla
722 2397 813 2436 Deis,
836 2397 976 2429 Carolus
993 2394 1212 2435 Trognesius.
1240 2393 1330 2424 Vide
1346 2397 1417 2425 not·

880 2495 1023 2528 No'rAE

274 2561 353 2601 281]
387 2561 461 2600 Ipsa
485 2560 580 2591 eliam
609 2569 662 2591 ceu
684 2561 769 2590 nulla
790 2560 870 2599 dies,
882 2559 927 2590 sic
982 2556 1277 2598 Pyrgopolynices
1293 2556 1350 2586 ille
1366 2553 1542 2585 Plautinus
1553 2553 1594 2584 de
1607 2562 1676 2583 ma·

231 2622 303 2642 rara
319 2611 461 2651 tyrannis
475 2610 623 2650 Atropos]
648 2611 657 2627 ‘
677 2611 760 2641 Dies
777 2609 785 2624 ’
801 2615 876 2642 erat
891 2610 926 2641 in
981 2607 1091 2638 chaera
1106 2615 1168 2636 sua
1191 2604 1324 2636 feriata.
1357 2602 1585 2634 Claudianus:
1603 2606 1611 2619 ¹
1625 2602 1677 2641 ip-

229 2662 335 2692 libris.
381 2660 520 2692 Carolus
533 2661 543 2676 ‘
557 2658 660 2697 Deis:
673 2659 798 2690 Sensus
814 2658 925 2691 soret:
982 2667 1037 2688 sos
1051 2656 1184 2696 ignavia
1200 2654 1300 2686 fluxit
1312 2655 1344 2684 in
1359 2652 1480 2684 enses.’
1523 2652 1675 2684 Gunthe·

234 2711 388 2749 Atropon
405 2714 443 2739 ut
461 2708 546 2739 Deis
563 2709 702 2747 nullam,
724 2709 772 2739 ita
788 2708 926 2749 regibus
981 2716 1037 2737 rus
1056 2718 1063 2737 :
1100 2706 1110 2723 ‘
1129 2705 1257 2736 ferrum
1307 2702 1470 2743 sanguine
1508 2700 1676 2742 pascunt!

233 2768 340 2790 raram
355 2757 475 2788 fuisse:
500 2758 641 2788 alterum
659 2767 751 2794 vero,
768 2758 925 2789 nullodie
981 2758 1167 2796 Homerus,
1199 2755 1325 2795 Odyss.
1348 2758 1385 2785 Π.
1399 2757 1434 2785 et
1448 2758 1483 2785 T.
1500 2752 1592 2785 αὐτὸς
1616 2753 1677 2792 ’γὰρ

232 2809 339 2838 minus
352 2808 383 2837 in
401 2816 497 2846 reges
508 2807 672 2838 saevitum.
983 2806 1152 2848 ἐφέλκεται
1168 2805 1251 2846 ἅνδρι
1263 2804 1395 2842 σίδηρος.

275 2858 337 2887 204
363 2856 551 2896 Gludiusque
585 2856 713 2887 timebat
746 2856 837 2897 Otia]
871 2856 928 2888 Ita
