1889 3194
286 336 371 377 404

287 439 403 480 Post
422 439 618 486 Danaos,
640 437 802 490 quibus
823 449 905 477 usa
924 436 1006 477 fuit
1025 435 1240 476 nostrisne
1261 434 1493 489 triumphis

804 343 1003 374 JOSEPHI
1039 341 1200 372 lSGANl

289 504 541 554 Contendit,
557 504 760 557 vincique
779 504 938 556 negat?
969 507 1069 543 ruat
1088 514 1227 555 ocyus
1247 513 1349 553 ergo

288 571 331 611 A
352 572 476 612 cunis
495 583 712 612 concessa
731 569 854 610 mihi.

289 637 465 678 Invidet
486 638 691 689 exiguam
713 636 912 684 Priamo,
933 638 1193 688 raptumque
1216 634 1392 684 sororis,

291 704 590 757 Servilemque
611 704 773 750 colum,
795 706 837 742 et
857 702 1072 755 lacrymas
1095 700 1287 754 objectat
1304 700 1480 741 inultas.

347 770 387 811 O
409 771 628 812 hominum
651 771 956 822 Superumque
977 771 1121 820 pater,
1142 767 1181 807 si
1202 767 1378 807 numina
1397 779 1540 815 curas,

291 837 380 878 Cur
397 837 617 878 hominem
636 836 792 889 plectis
807 836 826 875 ‘t
858 835 1085 875 miseraene
1107 833 1227 887 quod
1249 833 1393 874 incola
1414 837 1554 883 terrae,

293 903 580 955 Despicitur?
612 907 730 943 certe
752 899 960 954 lacrymis
981 899 1190 953 noctique
1212 899 1375 940 dedisti

293 969 573 1022 Proscriptas
594 981 620 1009 a
639 969 740 1009 luce
763 967 951 1007 animas.

294 1036 511 1084 Flectere,
531 1034 660 1076 redde
680 1034 785 1088 polo
806 1033 1003 1081 reduces,
1036 1033 1105 1074 vel
1125 1033 1277 1073 funera
1298 1032 1452 1073 saltem

294 1102 433 1143 Exilii
452 1106 592 1143 tutare
614 1102 702 1143 tui:
733 1113 810 1141 cur
832 1100 972 1153 impia
992 1099 1126 1140 saevit

1678 434 1732 475 10

911 568 986 609 Sic
1009 572 1184 621 questa,
1205 567 1395 620 quietem

1678 766 1736 808 15

1011 966 1145 1006 Pater
1164 966 1330 1019 optime
1351 964 1526 1007 tandem

1681 1098 1738 1139 20

294 1166 454 1208 Alecto
476 1169 520 1208 in
540 1167 755 1208 miseros?
787 1179 863 1208 cur
885 1165 1101 1217 Pergama
1121 1163 1195 1205 dia
1214 1164 1387 1215 fatigat,

294 1234 384 1275 Tot
404 1234 587 1288 Superis
609 1233 779 1275 confisa
798 1232 923 1273 suis?
954 1231 1071 1279 tolle,
1093 1230 1273 1284 inclyta,
1294 1230 1415 1279 tolle,

295 1301 450 1352 Virgo,
471 1313 637 1349 moras,
655 1313 734 1341 nec
755 1312 892 1353 passa
912 1298 1066 1352 premi,
1088 1310 1199 1351 quas
1220 1297 1394 1346 incolis,
1416 1308 1558 1346 arces,

298 1366 504 1420 Gorgone
524 1370 735 1420 praetenta
759 1365 938 1419 Stygias
960 1364 1199 1418 perstringe
1221 1363 1445 1404 Medusas.

340 1499 380 1527 10
404 1496 466 1528 Ed.
481 1496 585 1528 Basil.
601 1495 772 1536 Spondan.
788 1500 823 1526 et
839 1495 928 1526 Mori
945 1495 1024 1525 Post
1039 1494 1168 1526 Danaos
1181 1494 1289 1534 quibus
1303 1503 1358 1524 usa
1366 1493 1434 1531 sui,
1448 1503 1479 1524 n.
1494 1494 1547 1532 &aa

898 1577 1140 1589 oeteo-meet&

949 1641 1090 1674 NOTAE

301 1719 328 1751 ti
345 1728 443 1750 versu
469 1722 681 1757 attexuntur,
704 1721 742 1748 ut
760 1717 887 1748 notavit
904 1727 996 1756 mag-

301 1780 362 1802 uus
387 1769 538 1809 Scaliger
565 1769 598 1799 in
623 1766 724 1798 Poet.
748 1776 782 1798 v.
825 1767 882 1798 Sic
919 1767 997 1797 Vir-

302 1820 398 1859 gilius
424 1828 538 1859 saepe:
567 1818 577 1835 ‘
596 1817 734 1858 potuisti
766 1816 919 1857 linquere
946 1825 997 1847 so-

302 1870 382 1905 lam,
408 1867 599 1900 Crudelis?'
635 1866 771 1897 ‘Aurea
792 1865 997 1896 subnectens

302 1923 429 1950 exertae
459 1917 593 1957 cingula
627 1925 780 1947 mammae
816 1915 997 1953 Bellatrix‚

304 1968 472 2009 audetque
486 1967 565 1998 viris
579 1975 783 1999 concurrere
798 1965 916 2006 virgo!
940 1965 997 1996 Ita

305 2018 407 2050 Hom.
421 2016 564 2056 σχέτλιε.

347 2070 387 2098 19
403 2067 458 2098 Vel
462 2067 581 2103 funera
591 2065 700 2097 saltem
710 2064 812 2096 Exilii
824 2067 924 2096 tutare
936 2062 999 2103 tui]

305 2117 488 2148 Hominum
505 2125 626 2156 nempe
637 2115 787 2146 exulum.
832 2114 887 2145 Ita
897 2115 907 2131 ‘
919 2122 998 2145 cou-

297 2167 433 2208 jugium
448 2166 456 2179 ⁵
479 2176 540 2207 pro
564 2166 719 2206 conjuge,
735 2165 895 2205 Propert.
938 2164 1000 2196 Ju-

305 2217 414 2247 venal.
430 2225 470 2247 11.
495 2216 504 2233 ‘
516 2225 646 2246 coenam
660 2215 669 2228 '
693 2224 754 2255 pro
772 2214 999 2246 coenantibus.

306 2266 484 2306 Papinius,
500 2265 510 2281 ‘
525 2274 566 2297 ne
582 2274 647 2306 quo
663 2265 817 2296 convivia
832 2264 1000 2305 migrent,’

306 2325 368 2356 pro
392 2315 553 2347 convivis.
590 2315 599 2332 ‘
618 2315 803 2346 Exodium’
830 2324 891 2355 pro
921 2324 1000 2345 exo—

306 2364 424 2403 diario,
438 2364 518 2395 Juv.
532 2364 605 2395 Sat.
621 2373 678 2395 111.
695 2363 819 2404 Papiu.
836 2373 878 2395 11.
893 2364 999 2395 Theb.

306 2419 314 2432 ‘
334 2414 537 2456 turbataque
575 2418 727 2445 mussant
750 2414 926 2449 eoncilia:
948 2423 1001 2445 vr.

307 2466 316 2483 ‘
330 2469 444 2495 erecto
457 2465 600 2495 timeant
611 2464 806 2504 spectacula
821 2463 926 2503 voto‚'
940 2472 1000 2504 pro

308 2514 569 2554 spectatoribus.
629 2517 638 2531 ‘
652 2513 873 2545 Matrimonia
885 2514 893 2527 ’
938 2522 1002 2554 pro

309 2563 483 2602 uxoribus,
500 2563 570 2594 Liv.
587 2562 647 2594 lib.
664 2571 700 2594 x.
724 2563 820 2594 Suet.
837 2571 878 2594 ιι.
901 2563 1004 2594 etiam

311 2623 358 2646 ιν.
380 2615 506 2646 Justini
531 2614 660 2655 Trogus
682 2622 741 2645 ιιι.
765 2615 827 2646 ‘ut
853 2615 1003 2646 severius

310 2664 523 2695 matrimonia
537 2674 596 2696 sua
620 2664 682 2695 viri
706 2663 926 2696 coercerent!
949 2665 1004 2697 Sic

311 2714 319 2730 ‘
334 2714 473 2753 carcer,'
495 2716 551 2755 qui
577 2714 612 2746 in
638 2724 798 2753 carcere;
825 2715 834 2732 ‘
852 2721 1005 2756 ergastu-

310 2763 385 2802 lus,'
404 2764 544 2803 Lucilio,
563 2765 619 2805 qui
635 2765 668 2796 in
686 2765 869 2805 ergastulo.
914 2765 1005 2796 Vide

313 2813 435 2853 Scalig.
453 2814 493 2844 ad
508 2815 659 2854 Festum,
685 2824 721 2855 p.
737 2818 791 2846 36.
815 2819 825 2834 ¹
838 2815 1005 2847 Consilia'

318 2872 379 2903 pro
391 2863 602 2903 consiliariis,
618 2864 716 2896 Suet.
730 2865 763 2896 in
775 2865 862 2906 Aug.
906 2864 1005 2896 Adde

1052 1715 1198 1748 Casaub.
1209 1716 1251 1747 ad
1267 1716 1406 1747 Sueton.
1423 1715 1544 1755 Scalig.
1565 1716 1596 1746 in
1612 1716 1745 1747 Trium-

1051 1766 1140 1797 viros
1157 1765 1330 1805 Amorum,
1346 1765 1560 1796 Bernartium
1580 1765 1615 1796 in
1632 1774 1672 1796 ιι.
1685 1765 1745 1798 lib.

1051 1816 1214 1847 Thebaid.

1094 1868 1136 1897 22
1162 1866 1218 1897 Tot
1234 1865 1361 1906 Superis
1379 1865 1491 1907 confisa
1507 1864 1590 1906 suis]
1614 1865 1746 1897 Faven-

1053 1915 1155 1951 tibus‚
1170 1921 1204 1947 et
1219 1914 1521 1954 συναγωνιζομένοις,
1539 1920 1575 1947 ut
1596 1916 1604 1932 ‘
1620 1915 1746 1955 populo

1051 1976 1111 1997 suo
1132 1966 1270 1997 facere!
1318 1966 1536 2006 Aristophau.
1552 1967 1586 1996 in
1612 1965 1747 2007 Equiti-

1049 2016 1112 2047 bus
1130 2027 1138 2047 ;
1163 2016 1202 2048 ὡς
1222 2015 1339 2056 σφόδρα
1361 2025 1402 2047 συ
1416 2015 1472 2046 τὸν
1493 2016 1590 2054 δῆμον
1615 2015 1748 2046 σεαυτοῦ

1050 2065 1222 2105 νενόμικας.
1279 2067 1362 2098 Hor.
1398 2066 1506 2106 Epod.
1534 2069 1567 2097 9.
1610 2069 1620 2083 ¹
1638 2066 1747 2097 ventis

1049 2117 1159 2148 iturus
1175 2126 1241 2147 non
1257 2116 1348 2148 suis!
1372 2116 1475 2147 Ovid.
1491 2116 1577 2147 Met.
1589 2124 1643 2147 rv.
1657 2116 1667 2134 ‘
1680 2116 1748 2147 Vo-

1053 2171 1090 2197 ta
1102 2176 1177 2197 suos
1189 2166 1338 2197 habuere
1351 2164 1470 2197 Deos!
1481 2165 1578 2206 Virg.
1593 2173 1659 2197 xn.
1675 2165 1749 2198 AEn.

1054 2217 1063 2234 ‘
1075 2225 1138 2248 nec
1168 2216 1223 2248 Dii
1255 2220 1374 2247 texere
1402 2215 1614 2256 Cupencum,
1643 2216 1749 2248 AEnea

1054 2266 1224 2305 veniente,
1248 2265 1322 2297 sui?
1366 2265 1469 2297 Ovid.
1493 2264 1750 2297 'Audiataver·

1055 2325 1093 2347 so
1116 2325 1182 2346 non
1200 2325 1292 2346 meus
1310 2324 1390 2346 aure
1409 2315 1527 2347 Deus?
1569 2315 1627 2356 Et,
1644 2315 1654 2332 ‘
1667 2314 1751 2346 Pro-

1055 2366 1144 2396 linus
1160 2365 1233 2405 ipsa
1247 2373 1338 2395 meos
1367 2373 1512 2404 auguror
1536 2372 1609 2394 esse
1634 2361 1750 2395 Deos.'

1054 2416 1152 2455 Virg.
1176 2418 1264 2445 ‘non
1287 2414 1423 2445 numine
1442 2412 1580 2445 nostro.²
1624 2412 1750 2454 Papin.

1055 2467 1157 2506 paulo
1174 2465 1273 2495 aliter
1285 2463 1394 2496 Theb.
1404 2466 1552 2495 xri-366.
1564 2462 1575 2480 ‘
1586 2472 1684 2504 quem
1699 2469 1749 2496 te-

1056 2514 1202 2546 meraria
1222 2513 1346 2554 quaeris
1375 2517 1478 2544 nocte
1499 2512 1616 2544 mea?’
1642 2513 1749 2545 Theb.

1057 2573 1124 2596 xn.
1135 2566 1210 2595 611.
1223 2562 1322 2593 aliter
1338 2561 1480 2602 OEdipus
1493 2562 1535 2593 de
1551 2561 1639 2602 filiis,
1653 2563 1663 2580 ‘
1674 2572 1750 2594 cru-

1057 2612 1152 2644 deles
1167 2611 1371 2652 nimiumque
1385 2610 1474 2643 mei.'
1496 2611 1630 2644 Cornel.
1645 2612 1751 2644 Seve-

1059 2671 1127 2703 rus,
1140 2662 1150 2678 ‘
1159 2661 1213 2692 hic
1225 2669 1317 2691 meus
1327 2664 1390 2699 est,
1401 2659 1531 2700 dixere,
1540 2660 1611 2692 dies
1622 2661 1644 2700 ςῗ
1658 2661 1751 2702 quod

1060 2713 1215 2744 soloecum
1242 2710 1415 2742 Porcellus
1441 2711 1608 2751 arguebat
1629 2712 1751 2744 Gram-

1058 2767 1138 2795 mat.
1157 2760 1247 2802 apud
1258 2761 1418 2792 Senecam
1433 2761 1589 2792 Suasoria
1603 2763 1635 2793 2.

1106 2813 1188 2844 Tolle
1204 2834 1214 2844 .
1225 2834 1233 2842 .
1248 2833 1257 2842 .
1272 2821 1347 2851 quas
1358 2810 1478 2850 incolis,
1491 2811 1591 2852 arces]
1608 2810 1697 2843 Quia
1713 2810 1751 2842 in

1061 2862 1126 2895 fine
1146 2871 1169 2894 ι.
1185 2861 1329 2899 dixerat,
1345 2860 1355 2878 ‘
1366 2860 1473 2893 Arces
1489 2861 1603 2893 Pallas
1617 2861 1739 2893 habet.-
