1889 3194
342 315 425 356 592

339 417 411 447 bri:
441 415 658 447 ‘aedificiale’
692 425 753 455 pro
779 413 934 454 aedificio,
964 413 1033 443 sive

343 467 437 507 regia
451 466 590 504 Priami,
605 465 773 506 elegantia
789 464 887 504 hujus
906 463 1034 494 saeculi.

342 517 428 548 Aras
446 521 524 548 ante
550 516 641 548 fores
659 517 816 547 domuum
839 513 955 545 Graeci
977 513 1034 542 lia·

340 568 455 606 buere,
471 572 508 597 ut
521 572 637 598 notum
655 575 698 596 ex
714 564 872 596 Cornicis.
917 561 1033 593 Hella·

338 617 413 648 dius
444 616 533 655 apud
558 615 738 647 Photium:
761 612 817 644 τὸν
843 610 952 651 Λοξίαν
973 610 1035 650 γὰρ

339 664 557 706 προσεκύνουν,
573 663 596 703 ᾧ
615 663 675 704 πρὸ
702 661 765 693 τῶν
787 663 881 702 θυρῶν
904 660 1035 691 ἕκαστος

338 714 488 755 ἱδρύοντο,
517 712 567 745 καὶ
595 711 693 743 πάλιν
719 709 823 749 βωμὸν
858 710 927 750 παρ’
952 709 1036 750 αὐτῷ

337 763 538 805 στρογγύλον
547 763 718 801 ποιοῦντες,
730 760 779 792 καὶ
791 759 946 801 μυρῤίναις
962 758 1035 790 στέ-

339 819 462 854 ‹pov-rer.

379 863 485 903 Atque
500 861 630 901 inultos]
654 860 711 892 Sic
724 859 956 900 scribendum,
967 868 1034 890 non

337 911 507 945 ‘multos.’
558 911 613 942 Ita
644 920 734 951 saepe
765 915 899 941 veteres
927 910 1034 950 scrip-

338 969 443 1002 tores,
460 959 516 1003 qui
530 960 603 992 fere
619 970 753 1001 semper
765 961 798 991 in
810 969 851 991 ea
865 969 946 991 voce
960 969 1033 991 cor-

339 1012 442 1052 rupti.
486 1010 687 1042 Sallustius:
728 1014 737 1027 ¹
753 1009 950 1041 Dedecores
981 1009 1032 1039 in-

338 1062 468 1101 ultique
491 1065 587 1099 terga
609 1059 651 1090 ab
675 1058 831 1090 hostibus
854 1057 1032 1090 caedeban·

339 1110 419 1142 tur!

378 1160 541 1191 Menelaus
565 1155 774 1197 Deiphobum]
798 1157 969 1188 Homerus
985 1156 1032 1188 0-

337 1210 431 1251 dyss.
447 1213 485 1240 Θ.
506 1208 600 1246 Virg.
615 1207 689 1238 AEu.
708 1215 757 1237 vr.

379 1263 449 1301 §15
485 1259 574 1289 Clam
598 1258 752 1288 Ismarum
782 1257 926 1297 aufugit]
973 1255 1031 1288 Ita

336 1316 431 1342 recte
460 1309 548 1341 libri.
606 1308 798 1339 Homerus:
832 1306 960 1339 Ἰλιόθεν
991 1318 1030 1346 με

336 1360 437 1402 φέρων
462 1358 571 1398 ἄνεμος
595 1356 761 1390 Κικόνεσσι
789 1355 948 1390 πέλασσεν
973 1357 1032 1389 Ἰσ-

513 323 653 354 NOTAE
689 322 950 353 VARlORUM
989 321 1038 350 ΙΝ
1076 319 1263 349 DlCTYM
1301 317 1609 349 CRETENSEM.

1088 410 1187 450 μᾶρῳ·

1343 493 1433 526 LIB.
1455 493 1520 526 VI.

1142 562 1159 601 ξ
1188 564 1204 592 1
1245 561 1450 593 Chaeradibus
1482 559 1630 602 scopulis]
1674 559 1781 600 Lyco·

1087 610 1195 651 phron
1210 621 1217 639 ε
1241 611 1369 642 Διπλῶν
1382 609 1494 650 μεταξὺ
1504 607 1661 650 Χοιράδων
1670 607 1782 649 σαρού-

1084 674 1190 702 μενον.

1129 715 1146 753 §
1163 715 1183 743 2
1208 713 1367 744 Praeterea
1381 709 1541 751 addidere]
1564 707 1780 750 Scripserim,

1086 764 1095 779 ‘
1108 760 1260 793 addere!

1130 812 1267 844 OEneum
1300 809 1492 842 multimodis
1518 807 1681 850 afflictari]
1723 807 1781 840 Ita

1084 861 1301 893 scribendum
1317 870 1327 890 ε
1369 860 1482 899 vulgo,
1519 859 1530 876 ‘
1550 867 1591 889 eo
1627 855 1785 889 nomine!

1088 912 1217 944 OEneus
1232 910 1341 951 Tydei
1364 914 1474 950 pater,
1496 917 1577 939 avus
1593 906 1781 946 Diomedis,

1086 970 1148 992 rex
1163 959 1348 1000 Calydonis
1362 958 1397 989 in
1413 957 1550 990 AEtolia.
1583 955 1783 988 Multimodis

1085 1009 1178 1048 libri,
1193 1014 1230 1040 ut
1254 1018 1369 1049 supra,
1385 1011 1421 1039 et
1448 1015 1541 1048 saepe
1565 1005 1599 1037 in
1619 1005 1781 1038 Lucretio

1086 1067 1120 1091 et
1137 1058 1295 1099 Apuleio.

1129 1111 1148 1151 ξ
1165 1113 1185 1142 4
1213 1109 1313 1142 Virile
1336 1117 1373 1139 ac
1394 1106 1540 1139 muliebre
1555 1106 1650 1147 sexu]
1671 1104 1729 1137 Ita
1742 1104 1782 1136 li-

1086 1158 1158 1190 bri:
1177 1159 1281 1190 babet
1298 1168 1317 1190 a
1331 1157 1468 1189 Sallust.
1479 1165 1520 1188 ιι.
1535 1156 1546 1174 ‘
1556 1155 1603 1188 At
1616 1154 1780 1187 Metellus

1087 1210 1120 1240 in
1133 1208 1327 1240 ulteriorem
1338 1205 1541 1248 Hispaniam
1560 1208 1640 1246 post
1656 1213 1781 1236 annum

1087 1267 1260 1298 regressus
1286 1267 1406 1297 magna
1441 1255 1548 1296 gloria
1575 1263 1782 1287 concurren-

1089 1308 1174 1339 tium
1219 1307 1365 1349 undique
1409 1305 1506 1337 virile
1538 1314 1580 1338 ac
1614 1303 1780 1337 muliebre

1091 1356 1196 1389 sexu!
