1889 3194
619 307 682 337 DE
715 306 871 336 BELLO
903 306 1128 337 TROJANO
1163 306 1257 336 LlB.
1289 307 1335 337 V.

1606 300 1690 340 509

243 399 371 441 Alter
390 413 528 452 amor,
550 401 826 456 similemque
846 401 1005 443 animis
1026 401 1206 443 indutus
1227 400 1462 454 Achillem,

243 467 427 508 Prosilit
448 468 492 508 in
509 468 707 510 medios:
739 469 916 510 stabant
932 471 1016 509 tres
1033 472 1215 521 pectore
1227 468 1406 522 juncto,

242 533 562 588 Aptabantque
579 548 732 576 manus
754 535 799 576 in
820 535 999 576 vulnera
1016 548 1026 577 :
1055 536 1271 588 praevenit
1288 548 1425 577 ausus

242 600 455 654 Impactis
477 601 712 643 Patroclus
733 601 880 655 equis,
902 602 1093 643 umbone
1114 602 1319 653 Diarcen,

1604 602 1691 646 245

243 667 529 722 Hysiphilum
550 682 678 710 curru
693 670 974 723 proturbans,
995 669 1232 723 Hyphiton
1254 683 1377 712 ense.

243 734 430 786 Hector,
450 736 497 776 in
517 736 718 790 obliquas
738 740 947 778 revocato
966 736 1127 778 lumine
1148 741 1329 787 turmas,

242 802 486 856 Indignaris
511 803 723 845 cecidisse
743 802 958 857 Phryges,
979 803 1069 844 ruit
1088 804 1267 858 impiger
1285 804 1460 846 hastam

243 870 520 912 Fulmineam
541 871 768 924 quatiens:
790 869 1097 923 juvenemque
1113 901 1124 912 .
1149 899 1158 908 .
1183 898 1193 909 .

241 937 430 980 Vectori
446 938 616 980 collidit
637 950 768 992 equo,
789 941 1004 978 consueta
1022 937 1189 990 regenti

1604 937 1689 980 250

243 1004 447 1047 Membra
462 1005 595 1047 refert
614 1005 791 1059 sonipes
809 1017 820 1046 :
852 1007 897 1045 at
915 1004 1194 1046 festinantior
1213 1004 1349 1047 instat

242 1072 502 1123 Priamides,
521 1085 765 1127 prensoque
780 1072 891 1126 jugo
913 1071 1137 1113 violentus
1157 1072 1203 1112 in
1226 1084 1358 1113 auras

243 1139 510 1194 Contorquet
529 1140 703 1193 plenum
725 1140 850 1193 galea
869 1142 1021 1193 caput.

1080 1139 1190 1193 Ipsa
1208 1138 1425 1193 supremis

239 1205 348 1248 Vox
364 1206 556 1248 nondum
577 1206 787 1247 defuncta
806 1206 941 1255 sonis,
962 1206 1078 1247 exile
1101 1214 1313 1256 susurrat,

239 1272 369 1314 Ultor
386 1273 463 1314 ubi
483 1273 693 1314 AEacides
710 1274 728 1314 ¹?
761 1272 940 1314 tandem
963 1284 1095 1326 super
1116 1273 1291 1324 agmina
1311 1273 1443 1325 longe

1595 1271 1682 1314 255

242 1341 429 1383 Labitur
448 1339 492 1381 in
515 1340 728 1394 Dorylam
744 1340 903 1389 cassis,
921 1339 1178 1393 reliquoque
1197 1340 1368 1393 potitus

240 1408 437 1463 Corpore
460 1407 724 1457 Priamides,
749 1407 907 1461 spoliis
925 1418 1124 1460 auroque
1142 1406 1364 1459 superbus

240 1476 370 1526 Isset,
389 1479 433 1517 at
449 1475 679 1516 audentem
699 1478 851 1515 contra
870 1473 932 1514 ire
956 1472 1161 1514 Meriona
1176 1485 1381 1526 praeceps

240 1542 553 1597 Persequitur:
582 1545 715 1595 tuque
735 1545 779 1582 et
798 1541 890 1582 vita
910 1539 1155 1594 spoliabere
1173 1544 1217 1581 et
1238 1541 1385 1591 armis,

240 1609 460 1665 Quisquis
482 1623 546 1660 eS,
568 1609 815 1651 exclamat:
846 1607 923 1649 sed
941 1620 1041 1648 cum
1064 1610 1165 1662 post
1183 1607 1367 1649 vulnera
1387 1606 1525 1649 multa

1599 1606 1686 1649 260

241 1678 524 1721 Incubuisset
541 1689 682 1720 ovans
701 1679 906 1731 rapturus
923 1674 1089 1728 opima,
1111 1673 1335 1717 Menestes

843 1804 999 1818 09000Νο
1003 1803 1082 1817 &too

281 1908 345 1939 249
369 1906 433 1938 Per
447 1916 534 1939 arma
548 1909 686 1938 ruentem
702 1903 838 1947 supplet
853 1902 1055 1936 Mon-260
1080 1901 1217 1943 Cumque
1233 1900 1301 1933 Ms.

889 2009 1036 2043 NOTAE

282 2101 347 2131 249
363 2099 556 2130 Fulmineam
565 2094 935 2140 quatiensjuvenemque]

242 2149 477 2190 Snpplendum
489 2148 632 2180 fortasse
651 2158 660 2179 ε
683 2148 717 2178 in
734 2151 823 2186 terga
844 2155 937 2176 ruen-

242 2202 314 2231 tem.
346 2199 402 2230 Ita
416 2199 540 2240 Papin.
558 2198 591 2229 in
608 2197 706 2228 simili
723 2206 823 2227 casu:
846 2197 856 2213 ‘
870 2195 935 2226 La-

241 2249 447 2289 bentemque
464 2247 572 2288 affigit
587 2246 699 2287 equo‚'
712 2255 778 2276 vn.

285 2300 346 2329 251
371 2297 584 2330 Festinantior
606 2296 719 2336 instat]
743 2294 850 2326 Tacit.
871 2303 936 2326 xv.

239 2347 426 2380 ‘occultius
438 2357 537 2389 quam
549 2346 764 2378 festinantius
773 2344 937 2385 agerent!

240 2399 360 2431 Utitur
375 2398 433 2430 illo
447 2398 548 2430 etiam
563 2396 755 2429 Suetonius.
793 2394 937 2426 Ovidius

241 2450 388 2481 carmine
418 2448 461 2480 de
493 2458 590 2483 nuce,
623 2447 651 2478 si
682 2451 795 2478 tamen
825 2445 934 2476 illius:

240 2503 251 2519 ‘
262 2499 341 2531 Ictu
364 2497 602 2531 Praefestinati
619 2505 738 2528 munus
759 2496 859 2527 inane
876 2504 936 2537 pe·

240 2549 342 2582 tunt.'

274 2602 339 2632 252
352 2599 391 2631 In
400 2608 493 2631 auras
506 2599 697 2639 Contorquet
709 2599 833 2638 plenum
844 2597 936 2636 galea

239 2650 349 2692 caput]
370 2650 494 2692 Papin.
510 2659 563 2682 rx.
581 2649 623 2681 de
643 2650 781 2689 Tydeo:
804 2648 935 2679 ‘Inter-

240 2700 321 2732 dum
337 2701 514 2743 galeasque
530 2703 622 2732 rotat
644 2708 706 2741 per
729 2697 844 2729 nubila
866 2697 939 2740 ple-

240 2753 324 2781 nas.’

283 2804 346 2833 261
370 2801 562 2833 Incubuisset
585 2811 679 2832 ovans
703 2803 849 2841 rapturus
871 2800 938 2840 opi-

239 2851 306 2893 ma]
331 2852 457 2895 Opima
483 2852 636 2885 absolute
656 2861 718 2894 pro
733 2851 849 2894 spoliis
865 2852 937 2894 opi-

987 2102 1063 2134 mis.
1112 2100 1214 2142 Apud
1245 2100 1396 2132 Festum.
1428 2099 1439 2117 ‘
1456 2099 1558 2131 Larte
1588 2099 1685 2132 ferox

988 2160 1077 2183 caeso
1093 2151 1218 2183 Cossus
1233 2150 1346 2190 opima
1362 2149 1460 2181 tulit-³
1492 2149 1557 2186 ‘5131
1573 2150 1686 2190 opima

988 2200 1074 2232 victi
1099 2200 1188 2240 regis
1214 2199 1256 2231 ad
1271 2200 1418 2239 Superos
1435 2198 1564 2231 refert.’
1605 2200 1685 2232 Sen.

988 2250 1096 2282 Herc.
1124 2250 1204 2281 Fur.
1235 2249 1246 2266 ‘
1262 2249 1416 2280 Ismenus
1442 2248 1549 2289 raptis
1578 2253 1686 2282 tumet

990 2300 1280 2341 Hippomedontis
1318 2298 1463 2340 opimis?
1520 2299 1608 2331 Stat.
1647 2309 1685 2332 x.

988 2351 1124 2382 ‘Tertia
1135 2351 1190 2392 qni
1205 2350 1320 2382 tulerit
1333 2349 1484 2381 sublimis
1497 2350 1608 2390 opima
1618 2350 1686 2381 To·

990 2400 1107 2433 nauti.'
1124 2400 1224 2432 Silius
1238 2409 1264 2431 1.
1278 2399 1491 2440 ‘Gratusque
1506 2399 1687 2432 mihiMar-

990 2451 1095 2483 cellus
1110 2450 1253 2491 opimis.'
1279 2449 1372 2481 Idem
1389 2458 1446 2481 ιιι.
1462 2453 1498 2480 et
1514 2458 1580 2481 xu.
1600 2450 1610 2467 ‘
1621 2450 1686 2483 His

989 2500 1137 2532 humeris
1154 2499 1216 2531 tibi
1232 2499 1344 2541 opima
1358 2498 1488 2532 feram.'
1500 2500 1558 2532 lib.
1573 2509 1636 2534 xv.
1650 2505 1687 2534 et

990 2559 1086 2582 xvn.
1099 2551 1109 2569 ‘
1122 2550 1262 2582 Scilicet
1277 2549 1426 2589 egregiis
1440 2550 1604 2582 ornabere
1617 2550 1688 2582 vic-

989 2604 1044 2632 tor
1055 2599 1200 2642 opimis.’
1234 2598 1355 2631 Claud.
1374 2603 1384 2617 ‘
1397 2597 1507 2640 Ipsius
1522 2599 1687 2632 Enceladi

990 2649 1180 2691 spumantia
1197 2652 1310 2691 gestat
1324 2648 1458 2690 opima?
1495 2648 1604 2681 Idem.
1630 2651 1686 2683 De

990 2700 1105 2741 spoliis
1120 2700 1190 2732 illis
1204 2699 1282 2731 vide
1310 2699 1463 2731 Festum.
1506 2700 1577 2732 Dio
1603 2700 1689 2734 Coc·

992 2750 1083 2781 ceitls
1111 2758 1215 2782 XLIV.
1242 2747 1345 2780 σκῦλά
1367 2747 1406 2781 τέ
1429 2761 1500 2781 τινα
1523 2748 1618 2790 ὄπῖμσι
1643 2750 1688 2784 εἷς

989 2801 1047 2831 τὸν
1065 2801 1123 2833 τοῦ
1137 2800 1210 2833 Διὸς
1229 2800 1286 2832 τοῦ
1300 2798 1459 2841 φερετρίου
1482 2801 1557 2833 νεὼν
1571 2801 1687 2834 ἀναθεῖ-

991 2863 1052 2894 ναι,
1066 2854 1130 2885 &c.
1175 2850 1375 2885 Guntherus
1391 2850 1456 2884 alio
1468 2860 1581 2892 sensu,
1597 2852 1607 2871 ‘
1620 2857 1689 2885 ter-
