<?xml version="1.0" encoding="UTF-8"?>
<!DOCTYPE html PUBLIC "-//W3C//DTD XHTML 1.0 Transitional//EN"
    "http://www.w3.org/TR/xhtml1/DTD/xhtml1-transitional.dtd">
<html xmlns="http://www.w3.org/1999/xhtml" xml:lang="en" lang="en">
 <head>
  <title>
</title>
<meta http-equiv="Content-Type" content="text/html;charset=utf-8" />
  <meta name='ocr-system' content='tesseract 3.04.00' />
  <meta name='ocr-capabilities' content='ocr_page ocr_carea ocr_par ocr_line ocrx_word'/>
</head>
<body>
  <div class='ocr_page' id='page_1' title='image "./dictyscretensise02dictuoft_0115.png"; bbox 0 0 1889 3194; ppageno 0'>
   <div class='ocr_carea' id='block_1_1' title="bbox 572 382 1321 413">
    <p class='ocr_par' dir='ltr' id='par_1_1' title="bbox 572 382 1321 413">
     <span class='ocr_line' id='line_1_1' title="bbox 572 382 1321 413; baseline 0.001 -1"><span class='ocrx_word' id='word_1_1' title='bbox 572 383 633 412; x_wconf 88' lang='lat' dir='ltr'>DE</span> <span class='ocrx_word' id='word_1_2' title='bbox 669 383 825 412; x_wconf 78' lang='lat' dir='ltr'>BELLO</span> <span class='ocrx_word' id='word_1_3' title='bbox 858 382 1086 412; x_wconf 79' lang='lat' dir='ltr'><strong>TROJANO</strong></span> <span class='ocrx_word' id='word_1_4' title='bbox 1120 383 1216 412; x_wconf 85' lang='lat' dir='ltr'>LlB.</span> <span class='ocrx_word' id='word_1_5' title='bbox 1249 382 1321 413; x_wconf 85' lang='lat'>111.</span> 
     </span>
    </p>
   </div>
   <div class='ocr_carea' id='block_1_2' title="bbox 1581 372 1665 412">
    <p class='ocr_par' dir='ltr' id='par_1_2' title="bbox 1581 372 1665 412">
     <span class='ocr_line' id='line_1_2' title="bbox 1581 372 1665 412; baseline -0.024 0"><span class='ocrx_word' id='word_1_6' title='bbox 1581 372 1665 412; x_wconf 76' lang='lat'>457</span> 
     </span>
    </p>
   </div>
   <div class='ocr_carea' id='block_1_3' title="bbox 211 473 1461 596">
    <p class='ocr_par' dir='ltr' id='par_1_3' title="bbox 211 473 1461 596">
     <span class='ocr_line' id='line_1_3' title="bbox 211 473 1461 525; baseline -0.002 -8"><span class='ocrx_word' id='word_1_7' title='bbox 211 474 502 517; x_wconf 87' lang='lat' dir='ltr'>Reddendam</span> <span class='ocrx_word' id='word_1_8' title='bbox 526 474 771 525; x_wconf 82' lang='lat' dir='ltr'>Hesionen,</span> <span class='ocrx_word' id='word_1_9' title='bbox 790 475 1010 516; x_wconf 82' lang='lat' dir='ltr'><strong>Helenam</strong></span> <span class='ocrx_word' id='word_1_10' title='bbox 1030 475 1069 516; x_wconf 91' lang='lat' dir='ltr'>si</span> <span class='ocrx_word' id='word_1_11' title='bbox 1089 474 1242 516; x_wconf 85' lang='lat' dir='ltr'>reddat</span> <span class='ocrx_word' id='word_1_12' title='bbox 1261 473 1461 516; x_wconf 83' lang='lat' dir='ltr'>Achivis.</span> 
     </span>
     <span class='ocr_line' id='line_1_4' title="bbox 268 542 1243 596; baseline 0 -14"><span class='ocrx_word' id='word_1_13' title='bbox 268 542 482 582; x_wconf 90' lang='lat' dir='ltr'>Nondum</span> <span class='ocrx_word' id='word_1_14' title='bbox 502 542 673 595; x_wconf 86' lang='lat' dir='ltr'>Sigaeas</span> <span class='ocrx_word' id='word_1_15' title='bbox 695 546 824 596; x_wconf 88' lang='lat' dir='ltr'>portu</span> <span class='ocrx_word' id='word_1_16' title='bbox 845 542 1064 595; x_wconf 86' lang='lat' dir='ltr'>digressus</span> <span class='ocrx_word' id='word_1_17' title='bbox 1087 555 1243 582; x_wconf 84' lang='lat' dir='ltr'>arenas</span> 
     </span>
    </p>
   </div>
   <div class='ocr_carea' id='block_1_4' title="bbox 212 608 1347 663">
    <p class='ocr_par' dir='ltr' id='par_1_4' title="bbox 212 608 1347 663">
     <span class='ocr_line' id='line_1_5' title="bbox 212 608 1347 663; baseline -0.001 -12"><span class='ocrx_word' id='word_1_18' title='bbox 212 609 452 651; x_wconf 85' lang='lat' dir='ltr'>Dardanus</span> <span class='ocrx_word' id='word_1_19' title='bbox 472 610 688 663; x_wconf 78' lang='lat' dir='ltr'>attigerat,</span> <span class='ocrx_word' id='word_1_20' title='bbox 705 610 885 651; x_wconf 86' lang='lat' dir='ltr'>meritos</span> <span class='ocrx_word' id='word_1_21' title='bbox 909 610 1086 650; x_wconf 87' lang='lat' dir='ltr'>mentita</span> <span class='ocrx_word' id='word_1_22' title='bbox 1103 608 1347 662; x_wconf 83' lang='lat' dir='ltr'>triumphos</span> 
     </span>
    </p>
   </div>
   <div class='ocr_carea' id='block_1_5' title="bbox 1576 608 1661 649">
    <p class='ocr_par' dir='ltr' id='par_1_5' title="bbox 1576 608 1661 649">
     <span class='ocr_line' id='line_1_6' title="bbox 1576 608 1661 649; baseline 0 0"><span class='ocrx_word' id='word_1_23' title='bbox 1576 608 1661 649; x_wconf 79' lang='lat'>345</span> 
     </span>
    </p>
   </div>
   <div class='ocr_carea' id='block_1_6' title="bbox 209 675 1482 932">
    <p class='ocr_par' dir='ltr' id='par_1_6' title="bbox 209 675 1345 797">
     <span class='ocr_line' id='line_1_7' title="bbox 209 675 1345 730; baseline 0.001 -14"><span class='ocrx_word' id='word_1_24' title='bbox 209 675 361 716; x_wconf 83' lang='lat' dir='ltr'><strong>Obvia</strong></span> <span class='ocrx_word' id='word_1_25' title='bbox 382 689 551 730; x_wconf 84' lang='lat' dir='ltr'>pompa</span> <span class='ocrx_word' id='word_1_26' title='bbox 571 676 707 725; x_wconf 83' lang='lat' dir='ltr'>subit,</span> <span class='ocrx_word' id='word_1_27' title='bbox 730 690 830 729; x_wconf 85' lang='lat' dir='ltr'>pars</span> <span class='ocrx_word' id='word_1_28' title='bbox 851 690 978 717; x_wconf 90' lang='lat' dir='ltr'>curru</span> <span class='ocrx_word' id='word_1_29' title='bbox 998 680 1130 718; x_wconf 84' lang='lat' dir='ltr'>vecta</span> <span class='ocrx_word' id='word_1_30' title='bbox 1150 677 1345 729; x_wconf 87' lang='lat' dir='ltr'>superbo</span> 
     </span>
     <span class='ocr_line' id='line_1_8' title="bbox 209 741 1229 797; baseline 0.001 -14"><span class='ocrx_word' id='word_1_31' title='bbox 209 741 395 783; x_wconf 73' lang='lat' dir='ltr'>Aerium</span> <span class='ocrx_word' id='word_1_32' title='bbox 414 744 646 796; x_wconf 85' lang='lat' dir='ltr'>suspendit</span> <span class='ocrx_word' id='word_1_33' title='bbox 664 745 763 794; x_wconf 86' lang='lat' dir='ltr'>iter,</span> <span class='ocrx_word' id='word_1_34' title='bbox 783 757 886 797; x_wconf 87' lang='lat' dir='ltr'>pars</span> <span class='ocrx_word' id='word_1_35' title='bbox 907 748 1056 785; x_wconf 88' lang='lat' dir='ltr'>cetera</span> <span class='ocrx_word' id='word_1_36' title='bbox 1078 756 1229 784; x_wconf 87' lang='lat' dir='ltr'>casum</span> 
     </span>
    </p>

    <p class='ocr_par' dir='ltr' id='par_1_7' title="bbox 212 810 1482 932">
     <span class='ocr_line' id='line_1_9' title="bbox 212 810 1337 865; baseline 0.002 -15"><span class='ocrx_word' id='word_1_37' title='bbox 212 810 352 850; x_wconf 84' lang='lat' dir='ltr'>Haud</span> <span class='ocrx_word' id='word_1_38' title='bbox 376 815 590 861; x_wconf 86' lang='lat' dir='ltr'>metuens,</span> <span class='ocrx_word' id='word_1_39' title='bbox 612 825 765 864; x_wconf 85' lang='lat' dir='ltr'>gressu</span> <span class='ocrx_word' id='word_1_40' title='bbox 788 812 973 865; x_wconf 85' lang='lat' dir='ltr'>vestigia</span> <span class='ocrx_word' id='word_1_41' title='bbox 990 823 1187 865; x_wconf 80' lang='lat' dir='ltr'>paupere</span> <span class='ocrx_word' id='word_1_42' title='bbox 1210 811 1337 860; x_wconf 80' lang='lat' dir='ltr'>rexit,</span> 
     </span>
     <span class='ocr_line' id='line_1_10' title="bbox 213 867 1482 932; baseline 0.001 -15"><span class='ocrx_word' id='word_1_43' title='bbox 213 876 444 931; x_wconf 89' lang='lat' dir='ltr'>Obsequio</span> <span class='ocrx_word' id='word_1_44' title='bbox 469 867 679 919; x_wconf 79' lang='lat' dir='ltr'>contenta</span> <span class='ocrx_word' id='word_1_45' title='bbox 697 878 884 932; x_wconf 84' lang='lat' dir='ltr'>pedum:</span> <span class='ocrx_word' id='word_1_46' title='bbox 917 882 973 928; x_wconf 89' lang='lat' dir='ltr'>et,</span> <span class='ocrx_word' id='word_1_47' title='bbox 994 892 1093 932; x_wconf 86' lang='lat' dir='ltr'>quae</span> <span class='ocrx_word' id='word_1_48' title='bbox 1116 891 1222 919; x_wconf 89' lang='lat' dir='ltr'>cura</span> <span class='ocrx_word' id='word_1_49' title='bbox 1242 890 1455 919; x_wconf 91' lang='lat' dir='ltr'>novorum</span> <span class='ocrx_word' id='word_1_50' title='bbox 1473 877 1482 918; x_wconf 93' lang='lat'>!</span> 
     </span>
    </p>
   </div>
   <div class='ocr_carea' id='block_1_7' title="bbox 212 945 1262 999">
    <p class='ocr_par' dir='ltr' id='par_1_8' title="bbox 212 945 1262 999">
     <span class='ocr_line' id='line_1_11' title="bbox 212 945 1262 999; baseline 0.001 -14"><span class='ocrx_word' id='word_1_51' title='bbox 212 945 441 985; x_wconf 81' lang='lat' dir='ltr'>Inachiam</span> <span class='ocrx_word' id='word_1_52' title='bbox 463 946 611 986; x_wconf 83' lang='lat' dir='ltr'>visura</span> <span class='ocrx_word' id='word_1_53' title='bbox 627 959 785 987; x_wconf 88' lang='lat' dir='ltr'>nurum</span> <span class='ocrx_word' id='word_1_54' title='bbox 806 946 931 999; x_wconf 91' lang='lat' dir='ltr'>plebs</span> <span class='ocrx_word' id='word_1_55' title='bbox 953 946 1086 986; x_wconf 86' lang='lat' dir='ltr'>currit</span> <span class='ocrx_word' id='word_1_56' title='bbox 1106 946 1262 987; x_wconf 82' lang='lat' dir='ltr'>anhela</span> 
     </span>
    </p>
   </div>
   <div class='ocr_carea' id='block_1_8' title="bbox 1579 944 1664 985">
    <p class='ocr_par' dir='ltr' id='par_1_9' title="bbox 1579 944 1664 985">
     <span class='ocr_line' id='line_1_12' title="bbox 1579 944 1664 985; baseline -0.012 0"><span class='ocrx_word' id='word_1_57' title='bbox 1579 944 1664 985; x_wconf 83' lang='lat'>350</span> 
     </span>
    </p>
   </div>
   <div class='ocr_carea' id='block_1_9' title="bbox 213 1010 1480 1268">
    <p class='ocr_par' dir='ltr' id='par_1_10' title="bbox 213 1010 1330 1066">
     <span class='ocr_line' id='line_1_13' title="bbox 213 1010 1330 1066; baseline 0.002 -15"><span class='ocrx_word' id='word_1_58' title='bbox 213 1010 492 1052; x_wconf 83' lang='lat' dir='ltr'>Contemtrix</span> <span class='ocrx_word' id='word_1_59' title='bbox 512 1025 658 1066; x_wconf 84' lang='lat' dir='ltr'>operae</span> <span class='ocrx_word' id='word_1_60' title='bbox 678 1013 879 1062; x_wconf 82' lang='lat' dir='ltr'>nutricis,</span> <span class='ocrx_word' id='word_1_61' title='bbox 899 1016 942 1053; x_wconf 87' lang='lat' dir='ltr'>et</span> <span class='ocrx_word' id='word_1_62' title='bbox 962 1013 1189 1054; x_wconf 89' lang='lat' dir='ltr'>immemor</span> <span class='ocrx_word' id='word_1_63' title='bbox 1205 1013 1330 1062; x_wconf 86' lang='lat' dir='ltr'>artis,</span> 
     </span>
    </p>

    <p class='ocr_par' dir='ltr' id='par_1_11' title="bbox 215 1078 1480 1200">
     <span class='ocr_line' id='line_1_14' title="bbox 215 1078 1480 1134; baseline 0.001 -15"><span class='ocrx_word' id='word_1_64' title='bbox 215 1078 314 1119; x_wconf 91' lang='lat' dir='ltr'>Nec</span> <span class='ocrx_word' id='word_1_65' title='bbox 334 1079 445 1120; x_wconf 93' lang='lat' dir='ltr'>lucri</span> <span class='ocrx_word' id='word_1_66' title='bbox 470 1080 679 1130; x_wconf 82' lang='lat' dir='ltr'>meminit,</span> <span class='ocrx_word' id='word_1_67' title='bbox 701 1079 898 1134; x_wconf 77' lang='lat' dir='ltr'>praedam</span> <span class='ocrx_word' id='word_1_68' title='bbox 921 1081 1025 1120; x_wconf 90' lang='lat' dir='ltr'>dum</span> <span class='ocrx_word' id='word_1_69' title='bbox 1047 1084 1224 1133; x_wconf 85' lang='lat' dir='ltr'>spectat</span> <span class='ocrx_word' id='word_1_70' title='bbox 1245 1092 1480 1121; x_wconf 85' lang='lat' dir='ltr'>amoenam.</span> 
     </span>
     <span class='ocr_line' id='line_1_15' title="bbox 219 1146 1271 1200; baseline 0.002 -14"><span class='ocrx_word' id='word_1_71' title='bbox 219 1146 283 1186; x_wconf 85' lang='lat' dir='ltr'>At</span> <span class='ocrx_word' id='word_1_72' title='bbox 300 1146 371 1186; x_wconf 91' lang='lat' dir='ltr'>cui</span> <span class='ocrx_word' id='word_1_73' title='bbox 391 1146 604 1188; x_wconf 90' lang='lat' dir='ltr'>sublimes</span> <span class='ocrx_word' id='word_1_74' title='bbox 624 1147 832 1188; x_wconf 89' lang='lat' dir='ltr'>humeros</span> <span class='ocrx_word' id='word_1_75' title='bbox 853 1159 1132 1200; x_wconf 85' lang='lat' dir='ltr'>proceraque</span> <span class='ocrx_word' id='word_1_76' title='bbox 1153 1147 1271 1188; x_wconf 83' lang='lat' dir='ltr'>colla</span> 
     </span>
    </p>

    <p class='ocr_par' dir='ltr' id='par_1_12' title="bbox 222 1211 1179 1268">
     <span class='ocr_line' id='line_1_16' title="bbox 222 1211 1179 1268; baseline 0.002 -16"><span class='ocrx_word' id='word_1_77' title='bbox 222 1211 391 1253; x_wconf 88' lang='lat' dir='ltr'>Invidit</span> <span class='ocrx_word' id='word_1_78' title='bbox 409 1218 567 1255; x_wconf 82' lang='lat' dir='ltr'>natura</span> <span class='ocrx_word' id='word_1_79' title='bbox 586 1215 752 1263; x_wconf 85' lang='lat' dir='ltr'>brevis,</span> <span class='ocrx_word' id='word_1_80' title='bbox 774 1214 845 1255; x_wconf 88' lang='lat' dir='ltr'>vel</span> <span class='ocrx_word' id='word_1_81' title='bbox 868 1214 1057 1268; x_wconf 86' lang='lat' dir='ltr'>desuper</span> <span class='ocrx_word' id='word_1_82' title='bbox 1078 1214 1179 1255; x_wconf 88' lang='lat' dir='ltr'>altis</span> 
     </span>
    </p>
   </div>
   <div class='ocr_carea' id='block_1_10' title="bbox 213 1278 1156 1333">
    <p class='ocr_par' dir='ltr' id='par_1_13' title="bbox 213 1278 1156 1333">
     <span class='ocr_line' id='line_1_17' title="bbox 213 1278 1156 1333; baseline 0.004 -15"><span class='ocrx_word' id='word_1_83' title='bbox 213 1278 435 1321; x_wconf 81' lang='lat' dir='ltr'>Incumbit</span> <span class='ocrx_word' id='word_1_84' title='bbox 456 1282 602 1331; x_wconf 87' lang='lat' dir='ltr'>tectis,</span> <span class='ocrx_word' id='word_1_85' title='bbox 624 1282 696 1322; x_wconf 87' lang='lat' dir='ltr'>vel</span> <span class='ocrx_word' id='word_1_86' title='bbox 715 1286 838 1322; x_wconf 83' lang='lat' dir='ltr'>recto</span> <span class='ocrx_word' id='word_1_87' title='bbox 855 1282 979 1322; x_wconf 89' lang='lat' dir='ltr'>calce</span> <span class='ocrx_word' id='word_1_88' title='bbox 1001 1281 1156 1333; x_wconf 83' lang='lat' dir='ltr'>fatigat</span> 
     </span>
    </p>
   </div>
   <div class='ocr_carea' id='block_1_11' title="bbox 1578 1280 1664 1321">
    <p class='ocr_par' dir='ltr' id='par_1_14' title="bbox 1578 1280 1664 1321">
     <span class='ocr_line' id='line_1_18' title="bbox 1578 1280 1664 1321; baseline 0 0"><span class='ocrx_word' id='word_1_89' title='bbox 1578 1280 1664 1321; x_wconf 84' lang='lat'>355</span> 
     </span>
    </p>
   </div>
   <div class='ocr_carea' id='block_1_12' title="bbox 214 1344 1430 1403">
    <p class='ocr_par' dir='ltr' id='par_1_15' title="bbox 214 1344 1430 1403">
     <span class='ocr_line' id='line_1_19' title="bbox 214 1344 1430 1403; baseline 0 -17"><span class='ocrx_word' id='word_1_90' title='bbox 214 1344 462 1398; x_wconf 79' lang='lat' dir='ltr'>Articulos,</span> <span class='ocrx_word' id='word_1_91' title='bbox 479 1347 753 1403; x_wconf 87' lang='lat' dir='ltr'>humilesque</span> <span class='ocrx_word' id='word_1_92' title='bbox 775 1348 935 1402; x_wconf 85' lang='lat' dir='ltr'>gradus</span> <span class='ocrx_word' id='word_1_93' title='bbox 957 1347 1193 1401; x_wconf 84' lang='lat' dir='ltr'>suspendit</span> <span class='ocrx_word' id='word_1_94' title='bbox 1213 1347 1258 1388; x_wconf 93' lang='lat' dir='ltr'>in</span> <span class='ocrx_word' id='word_1_95' title='bbox 1279 1346 1430 1389; x_wconf 80' lang='lat' dir='ltr'>altum,</span> 
     </span>
    </p>
   </div>
   <div class='ocr_carea' id='block_1_13' title="bbox 817 1479 934 1492">
    <p class='ocr_par' dir='ltr' id='par_1_16' title="bbox 817 1479 934 1492">
     <span class='ocr_line' id='line_1_20' title="bbox 817 1479 934 1492; baseline -0.009 0"><span class='ocrx_word' id='word_1_96' title='bbox 817 1479 934 1492; x_wconf 69' lang='lat' dir='ltr'>eeeeee</span> 
     </span>
    </p>
   </div>
   <div class='ocr_carea' id='block_1_14' title="bbox 257 1573 645 1616">
    <p class='ocr_par' dir='ltr' id='par_1_17' title="bbox 257 1573 645 1616">
     <span class='ocr_line' id='line_1_21' title="bbox 257 1573 645 1616; baseline 0.008 -12"><span class='ocrx_word' id='word_1_97' title='bbox 257 1575 320 1604; x_wconf 80' lang='lat'>346</span> <span class='ocrx_word' id='word_1_98' title='bbox 346 1573 448 1605; x_wconf 78' lang='lat' dir='ltr'>Turba</span> <span class='ocrx_word' id='word_1_99' title='bbox 462 1574 529 1606; x_wconf 85' lang='lat' dir='ltr'>Ms.</span> <span class='ocrx_word' id='word_1_100' title='bbox 541 1584 645 1616; x_wconf 84' lang='lat' dir='ltr'>marg.</span> 
     </span>
    </p>
   </div>
   <div class='ocr_carea' id='block_1_15' title="bbox 939 1478 1056 1491">
    <p class='ocr_par' dir='ltr' id='par_1_18' title="bbox 939 1478 1056 1491">
     <span class='ocr_line' id='line_1_22' title="bbox 939 1478 1056 1491; baseline -0.009 0"><span class='ocrx_word' id='word_1_101' title='bbox 939 1478 1056 1491; x_wconf 70' lang='lat' dir='ltr'>eeeeee</span> 
     </span>
    </p>
   </div>
   <div class='ocr_carea' id='block_1_16' title="bbox 869 1685 1011 1718">
    <p class='ocr_par' dir='ltr' id='par_1_19' title="bbox 869 1685 1011 1718">
     <span class='ocr_line' id='line_1_23' title="bbox 869 1685 1011 1718; baseline -0.014 0"><span class='ocrx_word' id='word_1_102' title='bbox 869 1686 900 1718; x_wconf 91' lang='lat' dir='ltr'>N</span> <span class='ocrx_word' id='word_1_103' title='bbox 908 1685 1011 1717; x_wconf 79' lang='lat' dir='ltr'>OTAE</span> 
     </span>
    </p>
   </div>
   <div class='ocr_carea' id='block_1_17' title="bbox 213 1765 934 2962">
    <p class='ocr_par' dir='ltr' id='par_1_20' title="bbox 213 1765 934 2752">
     <span class='ocr_line' id='line_1_24' title="bbox 213 1765 915 1810; baseline 0.01 -15"><span class='ocrx_word' id='word_1_104' title='bbox 213 1765 318 1796; x_wconf 90' lang='lat' dir='ltr'>Basil.</span> <span class='ocrx_word' id='word_1_105' title='bbox 354 1770 428 1797; x_wconf 90' lang='lat' dir='ltr'>erat</span> <span class='ocrx_word' id='word_1_106' title='bbox 465 1766 475 1783; x_wconf 89' lang='lat'>‘</span> <span class='ocrx_word' id='word_1_107' title='bbox 492 1766 610 1800; x_wconf 85' lang='lat' dir='ltr'>durum</span> <span class='ocrx_word' id='word_1_108' title='bbox 650 1770 798 1810; x_wconf 84' lang='lat' dir='ltr'>angere,&#39;</span> <span class='ocrx_word' id='word_1_109' title='bbox 835 1770 915 1802; x_wconf 88' lang='lat' dir='ltr'>inde</span> 
     </span>
     <span class='ocr_line' id='line_1_25' title="bbox 213 1815 916 1860; baseline 0.009 -15"><span class='ocrx_word' id='word_1_110' title='bbox 213 1815 343 1856; x_wconf 85' lang='lat' dir='ltr'>Spond.</span> <span class='ocrx_word' id='word_1_111' title='bbox 360 1821 394 1846; x_wconf 88' lang='lat' dir='ltr'>et</span> <span class='ocrx_word' id='word_1_112' title='bbox 411 1817 521 1849; x_wconf 85' lang='lat' dir='ltr'>Carol.</span> <span class='ocrx_word' id='word_1_113' title='bbox 545 1823 553 1835; x_wconf 92' lang='lat'>‘</span> <span class='ocrx_word' id='word_1_114' title='bbox 566 1818 634 1850; x_wconf 85' lang='lat' dir='ltr'>dux</span> <span class='ocrx_word' id='word_1_115' title='bbox 651 1820 804 1860; x_wconf 86' lang='lat' dir='ltr'>angere,&#39;</span> <span class='ocrx_word' id='word_1_116' title='bbox 817 1821 916 1852; x_wconf 85' lang='lat' dir='ltr'>male.</span> 
     </span>
     <span class='ocr_line' id='line_1_26' title="bbox 214 1865 915 1910; baseline 0.009 -15"><span class='ocrx_word' id='word_1_117' title='bbox 214 1865 376 1896; x_wconf 89' lang='lat' dir='ltr'>Priamus</span> <span class='ocrx_word' id='word_1_118' title='bbox 392 1865 480 1898; x_wconf 83' lang='lat' dir='ltr'>dura</span> <span class='ocrx_word' id='word_1_119' title='bbox 502 1877 626 1908; x_wconf 85' lang='lat' dir='ltr'>angere</span> <span class='ocrx_word' id='word_1_120' title='bbox 651 1873 778 1910; x_wconf 81' lang='lat' dir='ltr'>sperat,</span> <span class='ocrx_word' id='word_1_121' title='bbox 793 1870 849 1900; x_wconf 86' lang='lat' dir='ltr'>vix</span> <span class='ocrx_word' id='word_1_122' title='bbox 865 1871 915 1900; x_wconf 89' lang='grc' dir='ltr'>δυ-</span> 
     </span>
     <span class='ocr_line' id='line_1_27' title="bbox 216 1907 934 1960; baseline 0.01 -15"><span class='ocrx_word' id='word_1_123' title='bbox 216 1914 294 1946; x_wconf 84' lang='grc' dir='ltr'>νατὰ</span> <span class='ocrx_word' id='word_1_124' title='bbox 321 1921 525 1958; x_wconf 81' lang='lat' dir='ltr'>extorquere</span> <span class='ocrx_word' id='word_1_125' title='bbox 543 1929 551 1950; x_wconf 90' lang='lat'><strong>:</strong></span> <span class='ocrx_word' id='word_1_126' title='bbox 582 1920 684 1960; x_wconf 83' lang='lat' dir='ltr'>quae?</span> <span class='ocrx_word' id='word_1_127' title='bbox 706 1907 934 1951; x_wconf 69' lang='lat' dir='ltr'>reddendam‘</span> 
     </span>
     <span class='ocr_line' id='line_1_28' title="bbox 218 1965 917 2011; baseline 0.009 -16"><span class='ocrx_word' id='word_1_128' title='bbox 218 1965 417 2005; x_wconf 83' lang='lat' dir='ltr'>Hesionem,</span> <span class='ocrx_word' id='word_1_129' title='bbox 446 1967 535 2008; x_wconf 89' lang='lat' dir='ltr'>quod</span> <span class='ocrx_word' id='word_1_130' title='bbox 572 1969 740 2010; x_wconf 84' lang='lat' dir='ltr'>sequitur,</span> <span class='ocrx_word' id='word_1_131' title='bbox 774 1980 917 2011; x_wconf 83' lang='lat' dir='ltr'>eamque</span> 
     </span>
     <span class='ocr_line' id='line_1_29' title="bbox 216 2014 919 2060; baseline 0.009 -15"><span class='ocrx_word' id='word_1_132' title='bbox 216 2014 365 2046; x_wconf 81' lang='lat' dir='ltr'>fortasse</span> <span class='ocrx_word' id='word_1_133' title='bbox 384 2016 456 2056; x_wconf 85' lang='lat' dir='ltr'>jam</span> <span class='ocrx_word' id='word_1_134' title='bbox 481 2021 637 2058; x_wconf 84' lang='lat' dir='ltr'>matrem,</span> <span class='ocrx_word' id='word_1_135' title='bbox 665 2020 718 2050; x_wconf 89' lang='lat' dir='ltr'>vel</span> <span class='ocrx_word' id='word_1_136' title='bbox 747 2020 781 2050; x_wconf 87' lang='grc' dir='ltr'>ἐν</span> <span class='ocrx_word' id='word_1_137' title='bbox 804 2019 919 2060; x_wconf 76' lang='grc' dir='ltr'>γαστρὶ</span> 
     </span>
     <span class='ocr_line' id='line_1_30' title="bbox 218 2062 918 2108; baseline 0.007 -13"><span class='ocrx_word' id='word_1_138' title='bbox 218 2062 366 2103; x_wconf 81' lang='grc' dir='ltr'>ἔχουσαν.</span> <span class='ocrx_word' id='word_1_139' title='bbox 411 2067 662 2100; x_wconf 77' lang='lat' dir='ltr'>Demosthenes</span> <span class='ocrx_word' id='word_1_140' title='bbox 688 2071 800 2106; x_wconf 77' lang='grc' dir='ltr'>λαβεῖν</span> <span class='ocrx_word' id='word_1_141' title='bbox 821 2070 853 2108; x_wconf 82' lang='grc' dir='ltr'>ἐξ</span> <span class='ocrx_word' id='word_1_142' title='bbox 868 2070 918 2100; x_wconf 83' lang='grc' dir='ltr'>οὐ-</span> 
     </span>
     <span class='ocr_line' id='line_1_31' title="bbox 218 2115 918 2161; baseline 0.009 -16"><span class='ocrx_word' id='word_1_143' title='bbox 218 2115 310 2154; x_wconf 81' lang='grc' dir='ltr'>ρανοῦ</span> <span class='ocrx_word' id='word_1_144' title='bbox 321 2115 460 2148; x_wconf 77' lang='lat' dir='ltr'>(liceret.</span> <span class='ocrx_word' id='word_1_145' title='bbox 475 2117 612 2157; x_wconf 82' lang='lat' dir='ltr'>Angere,</span> <span class='ocrx_word' id='word_1_146' title='bbox 623 2117 749 2161; x_wconf 74' lang='grc' dir='ltr'>ἄγχειν,</span> <span class='ocrx_word' id='word_1_147' title='bbox 761 2119 918 2160; x_wconf 79' lang='grc' dir='ltr'>στρέφειν,</span> 
     </span>
     <span class='ocr_line' id='line_1_32' title="bbox 220 2166 919 2208; baseline 0.007 -12"><span class='ocrx_word' id='word_1_148' title='bbox 220 2166 358 2207; x_wconf 82' lang='lat' dir='ltr'>proprie</span> <span class='ocrx_word' id='word_1_149' title='bbox 385 2172 460 2197; x_wconf 82' lang='lat' dir='ltr'>sunt</span> <span class='ocrx_word' id='word_1_150' title='bbox 489 2168 704 2208; x_wconf 84' lang='lat' dir='ltr'>luctatorum,</span> <span class='ocrx_word' id='word_1_151' title='bbox 735 2174 773 2201; x_wconf 86' lang='lat' dir='ltr'>ut</span> <span class='ocrx_word' id='word_1_152' title='bbox 794 2171 919 2201; x_wconf 86' lang='lat' dir='ltr'>Pollux</span> 
     </span>
     <span class='ocr_line' id='line_1_33' title="bbox 221 2217 920 2258; baseline 0.007 -11"><span class='ocrx_word' id='word_1_153' title='bbox 221 2225 279 2248; x_wconf 83' lang='lat' dir='ltr'>nr.</span> <span class='ocrx_word' id='word_1_154' title='bbox 295 2217 426 2249; x_wconf 86' lang='lat' dir='ltr'>retulit.</span> <span class='ocrx_word' id='word_1_155' title='bbox 448 2218 548 2258; x_wconf 86' lang='lat' dir='ltr'>Virg.</span> <span class='ocrx_word' id='word_1_156' title='bbox 574 2228 657 2251; x_wconf 83' lang='lat' dir='ltr'>vm.</span> <span class='ocrx_word' id='word_1_157' title='bbox 684 2220 760 2251; x_wconf 84' lang='lat' dir='ltr'>AEn.</span> <span class='ocrx_word' id='word_1_158' title='bbox 783 2221 792 2237; x_wconf 93' lang='lat'>‘</span> <span class='ocrx_word' id='word_1_159' title='bbox 806 2221 920 2252; x_wconf 86' lang='lat' dir='ltr'>Corri-</span> 
     </span>
     <span class='ocr_line' id='line_1_34' title="bbox 221 2265 920 2310; baseline 0.007 -14"><span class='ocrx_word' id='word_1_160' title='bbox 221 2266 275 2306; x_wconf 85' lang='lat' dir='ltr'>pit</span> <span class='ocrx_word' id='word_1_161' title='bbox 289 2265 322 2297; x_wconf 94' lang='lat' dir='ltr'>in</span> <span class='ocrx_word' id='word_1_162' title='bbox 338 2267 463 2298; x_wconf 90' lang='lat' dir='ltr'>nodum</span> <span class='ocrx_word' id='word_1_163' title='bbox 479 2269 690 2308; x_wconf 83' lang='lat' dir='ltr'>complexus,</span> <span class='ocrx_word' id='word_1_164' title='bbox 709 2274 745 2301; x_wconf 90' lang='lat' dir='ltr'>et</span> <span class='ocrx_word' id='word_1_165' title='bbox 760 2270 854 2310; x_wconf 87' lang='lat' dir='ltr'>angit</span> <span class='ocrx_word' id='word_1_166' title='bbox 869 2271 920 2301; x_wconf 88' lang='lat' dir='ltr'>in-</span> 
     </span>
     <span class='ocr_line' id='line_1_35' title="bbox 220 2318 918 2361; baseline 0.006 -14"><span class='ocrx_word' id='word_1_167' title='bbox 220 2318 352 2348; x_wconf 86' lang='lat' dir='ltr'>haereus</span> <span class='ocrx_word' id='word_1_168' title='bbox 365 2318 473 2348; x_wconf 79' lang='lat' dir='ltr'>Elisos</span> <span class='ocrx_word' id='word_1_169' title='bbox 486 2318 627 2358; x_wconf 82' lang='lat' dir='ltr'>oculos,’</span> <span class='ocrx_word' id='word_1_170' title='bbox 638 2321 701 2350; x_wconf 64' lang='grc' dir='ltr'>ὅτε.</span> <span class='ocrx_word' id='word_1_171' title='bbox 716 2320 839 2351; x_wconf 84' lang='lat' dir='ltr'>Horat.</span> <span class='ocrx_word' id='word_1_172' title='bbox 852 2321 918 2361; x_wconf 88' lang='lat' dir='ltr'>Ep.</span> 
     </span>
     <span class='ocr_line' id='line_1_36' title="bbox 223 2368 920 2410; baseline 0.006 -12"><span class='ocrx_word' id='word_1_173' title='bbox 223 2376 249 2398; x_wconf 84' lang='lat'>1.</span> <span class='ocrx_word' id='word_1_174' title='bbox 266 2371 318 2399; x_wconf 88' lang='lat'>18.</span> <span class='ocrx_word' id='word_1_175' title='bbox 340 2369 350 2385; x_wconf 91' lang='lat'>‘</span> <span class='ocrx_word' id='word_1_176' title='bbox 365 2368 509 2399; x_wconf 90' lang='lat' dir='ltr'>Munere</span> <span class='ocrx_word' id='word_1_177' title='bbox 526 2372 559 2399; x_wconf 91' lang='lat' dir='ltr'>te</span> <span class='ocrx_word' id='word_1_178' title='bbox 580 2379 684 2410; x_wconf 89' lang='lat' dir='ltr'>parvo</span> <span class='ocrx_word' id='word_1_179' title='bbox 699 2369 780 2401; x_wconf 90' lang='lat' dir='ltr'>beet</span> <span class='ocrx_word' id='word_1_180' title='bbox 797 2375 855 2401; x_wconf 89' lang='lat' dir='ltr'>aut</span> <span class='ocrx_word' id='word_1_181' title='bbox 871 2371 920 2401; x_wconf 89' lang='lat' dir='ltr'>in·</span> 
     </span>
     <span class='ocr_line' id='line_1_37' title="bbox 221 2417 921 2458; baseline 0.003 -8"><span class='ocrx_word' id='word_1_182' title='bbox 221 2417 418 2450; x_wconf 89' lang='lat' dir='ltr'>commodus</span> <span class='ocrx_word' id='word_1_183' title='bbox 436 2418 563 2458; x_wconf 68' lang='lat' dir='ltr'>angat!</span> <span class='ocrx_word' id='word_1_184' title='bbox 603 2418 706 2450; x_wconf 89' lang='lat' dir='ltr'>Ovid.</span> <span class='ocrx_word' id='word_1_185' title='bbox 728 2420 836 2451; x_wconf 83' lang='lat' dir='ltr'>‘hunc</span> <span class='ocrx_word' id='word_1_186' title='bbox 851 2421 921 2452; x_wconf 88' lang='lat' dir='ltr'>filia</span> 
     </span>
     <span class='ocr_line' id='line_1_38' title="bbox 221 2468 921 2512; baseline 0.004 -13"><span class='ocrx_word' id='word_1_187' title='bbox 221 2468 345 2500; x_wconf 90' lang='lat' dir='ltr'>nubilis</span> <span class='ocrx_word' id='word_1_188' title='bbox 359 2468 482 2508; x_wconf 87' lang='lat' dir='ltr'>angat.’</span> <span class='ocrx_word' id='word_1_189' title='bbox 505 2469 630 2509; x_wconf 87' lang='lat' dir='ltr'>Papin.</span> <span class='ocrx_word' id='word_1_190' title='bbox 641 2479 668 2501; x_wconf 90' lang='lat'>1.</span> <span class='ocrx_word' id='word_1_191' title='bbox 680 2469 788 2502; x_wconf 84' lang='lat' dir='ltr'>Theb.</span> <span class='ocrx_word' id='word_1_192' title='bbox 800 2472 810 2489; x_wconf 86' lang='lat'>‘</span> <span class='ocrx_word' id='word_1_193' title='bbox 823 2481 921 2512; x_wconf 86' lang='lat' dir='ltr'>scep-</span> 
     </span>
     <span class='ocr_line' id='line_1_39' title="bbox 222 2518 921 2560; baseline 0.004 -11"><span class='ocrx_word' id='word_1_194' title='bbox 222 2523 275 2550; x_wconf 88' lang='lat' dir='ltr'>tra</span> <span class='ocrx_word' id='word_1_195' title='bbox 298 2522 472 2558; x_wconf 84' lang='lat' dir='ltr'>petentem</span> <span class='ocrx_word' id='word_1_196' title='bbox 488 2518 630 2550; x_wconf 88' lang='lat' dir='ltr'>Foedere</span> <span class='ocrx_word' id='word_1_197' title='bbox 651 2520 821 2560; x_wconf 85' lang='lat' dir='ltr'>praecipiti</span> <span class='ocrx_word' id='word_1_198' title='bbox 836 2531 921 2552; x_wconf 86' lang='lat' dir='ltr'>sern-</span> 
     </span>
     <span class='ocr_line' id='line_1_40' title="bbox 222 2570 918 2610; baseline 0.004 -11"><span class='ocrx_word' id='word_1_199' title='bbox 222 2578 283 2610; x_wconf 86' lang='lat' dir='ltr'>per</span> <span class='ocrx_word' id='word_1_200' title='bbox 298 2578 405 2600; x_wconf 91' lang='lat' dir='ltr'>novus</span> <span class='ocrx_word' id='word_1_201' title='bbox 421 2574 564 2610; x_wconf 85' lang='lat' dir='ltr'>angeret</span> <span class='ocrx_word' id='word_1_202' title='bbox 577 2570 708 2602; x_wconf 83' lang='lat' dir='ltr'>haeres.’</span> <span class='ocrx_word' id='word_1_203' title='bbox 743 2571 844 2602; x_wconf 86' lang='lat' dir='ltr'>Silius</span> <span class='ocrx_word' id='word_1_204' title='bbox 857 2571 918 2602; x_wconf 87' lang='lat' dir='ltr'>ini-</span> 
     </span>
     <span class='ocr_line' id='line_1_41' title="bbox 223 2619 922 2660; baseline 0.001 -9"><span class='ocrx_word' id='word_1_205' title='bbox 223 2619 272 2651; x_wconf 90' lang='lat' dir='ltr'>tio</span> <span class='ocrx_word' id='word_1_206' title='bbox 286 2627 369 2651; x_wconf 86' lang='lat' dir='ltr'>vm.</span> <span class='ocrx_word' id='word_1_207' title='bbox 395 2620 405 2638; x_wconf 89' lang='lat'>‘</span> <span class='ocrx_word' id='word_1_208' title='bbox 418 2619 601 2660; x_wconf 88' lang='lat' dir='ltr'>majoribus</span> <span class='ocrx_word' id='word_1_209' title='bbox 616 2630 743 2660; x_wconf 84' lang='lat' dir='ltr'>aegrum</span> <span class='ocrx_word' id='word_1_210' title='bbox 761 2619 922 2660; x_wconf 87' lang='lat' dir='ltr'>Angebat</span> 
     </span>
     <span class='ocr_line' id='line_1_42' title="bbox 223 2668 919 2710; baseline 0.001 -10"><span class='ocrx_word' id='word_1_211' title='bbox 223 2668 339 2700; x_wconf 63' lang='lat' dir='ltr'>curis?</span> <span class='ocrx_word' id='word_1_212' title='bbox 381 2668 542 2700; x_wconf 83' lang='lat' dir='ltr'>Imitatur</span> <span class='ocrx_word' id='word_1_213' title='bbox 567 2670 698 2701; x_wconf 84' lang='lat' dir='ltr'>Noster</span> <span class='ocrx_word' id='word_1_214' title='bbox 727 2670 850 2710; x_wconf 84' lang='lat' dir='ltr'>Papin.</span> <span class='ocrx_word' id='word_1_215' title='bbox 867 2680 919 2702; x_wconf 83' lang='grc' dir='ltr'>ιν.</span> 
     </span>
     <span class='ocr_line' id='line_1_43' title="bbox 222 2718 817 2752; baseline 0.002 -1"><span class='ocrx_word' id='word_1_216' title='bbox 222 2719 329 2752; x_wconf 88' lang='lat' dir='ltr'>Theb.</span> <span class='ocrx_word' id='word_1_217' title='bbox 344 2722 420 2752; x_wconf 82' lang='grc'><strong>837.</strong></span> <span class='ocrx_word' id='word_1_218' title='bbox 436 2722 500 2751; x_wconf 85' lang='lat' dir='ltr'>&amp;c.</span> <span class='ocrx_word' id='word_1_219' title='bbox 517 2719 593 2750; x_wconf 89' lang='lat' dir='ltr'>vide</span> <span class='ocrx_word' id='word_1_220' title='bbox 610 2718 698 2752; x_wconf 85' lang='lat' dir='ltr'>infra</span> <span class='ocrx_word' id='word_1_221' title='bbox 712 2729 748 2751; x_wconf 86' lang='lat' dir='ltr'>v.</span> <span class='ocrx_word' id='word_1_222' title='bbox 765 2723 817 2752; x_wconf 83' lang='lat'>22.</span> 
     </span>
    </p>

    <p class='ocr_par' dir='ltr' id='par_1_21' title="bbox 223 2770 925 2962">
     <span class='ocr_line' id='line_1_44' title="bbox 266 2770 922 2812; baseline 0.003 -11"><span class='ocrx_word' id='word_1_223' title='bbox 266 2772 330 2801; x_wconf 79' lang='lat'>349</span> <span class='ocrx_word' id='word_1_224' title='bbox 348 2771 427 2806; x_wconf 84' lang='lat' dir='ltr'>Quae</span> <span class='ocrx_word' id='word_1_225' title='bbox 442 2779 516 2800; x_wconf 82' lang='lat' dir='ltr'>cura</span> <span class='ocrx_word' id='word_1_226' title='bbox 527 2771 687 2812; x_wconf 77' lang='lat' dir='ltr'>novorum]</span> <span class='ocrx_word' id='word_1_227' title='bbox 702 2770 804 2802; x_wconf 87' lang='lat' dir='ltr'>Aliud</span> <span class='ocrx_word' id='word_1_228' title='bbox 820 2781 922 2812; x_wconf 88' lang='lat' dir='ltr'>agens</span> 
     </span>
     <span class='ocr_line' id='line_1_45' title="bbox 223 2820 924 2864; baseline 0.003 -12"><span class='ocrx_word' id='word_1_229' title='bbox 223 2821 317 2861; x_wconf 82' lang='lat' dir='ltr'>vulgi</span> <span class='ocrx_word' id='word_1_230' title='bbox 345 2820 542 2861; x_wconf 75' lang='grc' dir='ltr'>φιλοκαινίαν</span> <span class='ocrx_word' id='word_1_231' title='bbox 565 2827 672 2861; x_wconf 89' lang='lat' dir='ltr'>notat,</span> <span class='ocrx_word' id='word_1_232' title='bbox 697 2832 797 2864; x_wconf 87' lang='lat' dir='ltr'>quam</span> <span class='ocrx_word' id='word_1_233' title='bbox 820 2823 924 2854; x_wconf 84' lang='lat' dir='ltr'>etiam</span> 
     </span>
     <span class='ocr_line' id='line_1_46' title="bbox 223 2871 925 2913; baseline 0.003 -10"><span class='ocrx_word' id='word_1_234' title='bbox 223 2871 476 2903; x_wconf 82' lang='lat' dir='ltr'>Demosthenes</span> <span class='ocrx_word' id='word_1_235' title='bbox 513 2882 607 2912; x_wconf 82' lang='lat' dir='ltr'>saepe</span> <span class='ocrx_word' id='word_1_236' title='bbox 646 2873 771 2913; x_wconf 86' lang='lat' dir='ltr'>arguit,</span> <span class='ocrx_word' id='word_1_237' title='bbox 798 2873 866 2905; x_wconf 81' lang='grc' dir='ltr'>ἔστι</span> <span class='ocrx_word' id='word_1_238' title='bbox 894 2886 925 2905; x_wconf 85' lang='grc' dir='ltr'>τι</span> 
     </span>
     <span class='ocr_line' id='line_1_47' title="bbox 227 2921 925 2962; baseline 0.004 -9"><span class='ocrx_word' id='word_1_239' title='bbox 227 2921 352 2962; x_wconf 78' lang='grc' dir='ltr'>καινόν;</span> <span class='ocrx_word' id='word_1_240' title='bbox 375 2922 517 2954; x_wconf 83' lang='lat' dir='ltr'>Lucret.</span> <span class='ocrx_word' id='word_1_241' title='bbox 532 2922 617 2954; x_wconf 84' lang='lat' dir='ltr'>scite</span> <span class='ocrx_word' id='word_1_242' title='bbox 632 2931 681 2954; x_wconf 84' lang='lat' dir='ltr'>lv.</span> <span class='ocrx_word' id='word_1_243' title='bbox 704 2924 713 2941; x_wconf 91' lang='lat'>‘</span> <span class='ocrx_word' id='word_1_244' title='bbox 730 2924 925 2956; x_wconf 89' lang='lat' dir='ltr'>Humanum</span> 
     </span>
    </p>
   </div>
   <div class='ocr_carea' id='block_1_18' title="bbox 948 1766 1677 2954">
    <p class='ocr_par' dir='ltr' id='par_1_22' title="bbox 969 1766 1670 1852">
     <span class='ocr_line' id='line_1_48' title="bbox 969 1766 1670 1811; baseline -0.006 -9"><span class='ocrx_word' id='word_1_245' title='bbox 969 1779 1073 1811; x_wconf 83' lang='lat' dir='ltr'>genus</span> <span class='ocrx_word' id='word_1_246' title='bbox 1110 1773 1162 1802; x_wconf 86' lang='lat' dir='ltr'>est</span> <span class='ocrx_word' id='word_1_247' title='bbox 1198 1768 1333 1801; x_wconf 86' lang='lat' dir='ltr'>avidum</span> <span class='ocrx_word' id='word_1_248' title='bbox 1371 1767 1469 1799; x_wconf 90' lang='lat' dir='ltr'>nimis</span> <span class='ocrx_word' id='word_1_249' title='bbox 1505 1766 1670 1799; x_wconf 83' lang='lat' dir='ltr'>auricula·</span> 
     </span>
     <span class='ocr_line' id='line_1_49' title="bbox 970 1820 1067 1852; baseline 0.01 -1"><span class='ocrx_word' id='word_1_250' title='bbox 970 1820 1067 1852; x_wconf 87' lang='lat' dir='ltr'>rum.’</span> 
     </span>
    </p>

    <p class='ocr_par' dir='ltr' id='par_1_23' title="bbox 970 1866 1671 2160">
     <span class='ocr_line' id='line_1_50' title="bbox 1013 1866 1671 1907; baseline -0.011 -4"><span class='ocrx_word' id='word_1_251' title='bbox 1013 1874 1075 1903; x_wconf 85' lang='lat'>355</span> <span class='ocrx_word' id='word_1_252' title='bbox 1106 1870 1206 1901; x_wconf 77' lang='lat' dir='ltr'>Recto</span> <span class='ocrx_word' id='word_1_253' title='bbox 1241 1869 1322 1900; x_wconf 85' lang='lat' dir='ltr'>calce</span> <span class='ocrx_word' id='word_1_254' title='bbox 1343 1867 1470 1907; x_wconf 76' lang='lat' dir='ltr'>fatigat</span> <span class='ocrx_word' id='word_1_255' title='bbox 1497 1866 1671 1905; x_wconf 63' lang='lat' dir='ltr'>maculas,</span> 
     </span>
     <span class='ocr_line' id='line_1_51' title="bbox 970 1916 1669 1960; baseline -0.011 -7"><span class='ocrx_word' id='word_1_256' title='bbox 970 1922 1157 1960; x_wconf 79' lang='lat' dir='ltr'>humilesque</span> <span class='ocrx_word' id='word_1_257' title='bbox 1181 1919 1301 1958; x_wconf 82' lang='lat' dir='ltr'>gradus</span> <span class='ocrx_word' id='word_1_258' title='bbox 1319 1916 1477 1957; x_wconf 75' lang='lat' dir='ltr'>suspendit</span> <span class='ocrx_word' id='word_1_259' title='bbox 1495 1917 1529 1946; x_wconf 78' lang='lat' dir='ltr'>in</span> <span class='ocrx_word' id='word_1_260' title='bbox 1554 1916 1669 1956; x_wconf 78' lang='lat' dir='ltr'>altum]</span> 
     </span>
     <span class='ocr_line' id='line_1_52' title="bbox 972 1965 1670 2010; baseline -0.011 -6"><span class='ocrx_word' id='word_1_261' title='bbox 972 1972 1085 2004; x_wconf 83' lang='lat' dir='ltr'>Graeci</span> <span class='ocrx_word' id='word_1_262' title='bbox 1103 1971 1150 2002; x_wconf 76' lang='grc' dir='ltr'>ἐπ’</span> <span class='ocrx_word' id='word_1_263' title='bbox 1172 1969 1273 2010; x_wconf 78' lang='grc' dir='ltr'>ἄκρων</span> <span class='ocrx_word' id='word_1_264' title='bbox 1288 1967 1409 2007; x_wconf 82' lang='grc' dir='ltr'>ὀνύχων</span> <span class='ocrx_word' id='word_1_265' title='bbox 1426 1965 1572 2005; x_wconf 71' lang='grc' dir='ltr'>βαδίζειν.</span> <span class='ocrx_word' id='word_1_266' title='bbox 1612 1967 1670 1997; x_wconf 85' lang='lat' dir='ltr'>Se-</span> 
     </span>
     <span class='ocr_line' id='line_1_53' title="bbox 970 2017 1670 2063; baseline -0.01 -10"><span class='ocrx_word' id='word_1_267' title='bbox 970 2031 1058 2053; x_wconf 85' lang='lat' dir='ltr'>neca</span> <span class='ocrx_word' id='word_1_268' title='bbox 1081 2022 1144 2063; x_wconf 87' lang='lat' dir='ltr'>Ep.</span> <span class='ocrx_word' id='word_1_269' title='bbox 1172 2029 1227 2051; x_wconf 83' lang='lat'>111.</span> <span class='ocrx_word' id='word_1_270' title='bbox 1251 2021 1260 2037; x_wconf 90' lang='lat'>‘</span> <span class='ocrx_word' id='word_1_271' title='bbox 1276 2020 1355 2050; x_wconf 93' lang='lat' dir='ltr'>Non</span> <span class='ocrx_word' id='word_1_272' title='bbox 1373 2018 1510 2058; x_wconf 85' lang='lat' dir='ltr'>exurgit</span> <span class='ocrx_word' id='word_1_273' title='bbox 1526 2019 1559 2047; x_wconf 90' lang='lat' dir='ltr'>in</span> <span class='ocrx_word' id='word_1_274' title='bbox 1577 2017 1670 2057; x_wconf 85' lang='lat' dir='ltr'>plan-</span> 
     </span>
     <span class='ocr_line' id='line_1_54' title="bbox 972 2067 1671 2111; baseline -0.009 -9"><span class='ocrx_word' id='word_1_275' title='bbox 972 2076 1034 2111; x_wconf 58' lang='lat' dir='ltr'>tati,</span> <span class='ocrx_word' id='word_1_276' title='bbox 1058 2080 1120 2102; x_wconf 89' lang='lat' dir='ltr'>nec</span> <span class='ocrx_word' id='word_1_277' title='bbox 1141 2069 1278 2101; x_wconf 88' lang='lat' dir='ltr'>summis</span> <span class='ocrx_word' id='word_1_278' title='bbox 1299 2068 1448 2100; x_wconf 82' lang='lat' dir='ltr'>ambulat</span> <span class='ocrx_word' id='word_1_279' title='bbox 1470 2067 1595 2106; x_wconf 77' lang='lat' dir='ltr'>digitis,</span> <span class='ocrx_word' id='word_1_280' title='bbox 1615 2076 1671 2097; x_wconf 88' lang='lat' dir='ltr'>eo-</span> 
     </span>
     <span class='ocr_line' id='line_1_55' title="bbox 972 2115 1671 2160; baseline -0.01 -8"><span class='ocrx_word' id='word_1_281' title='bbox 972 2131 1044 2152; x_wconf 85' lang='lat' dir='ltr'>rum</span> <span class='ocrx_word' id='word_1_282' title='bbox 1059 2130 1163 2155; x_wconf 81' lang='lat' dir='ltr'>more,</span> <span class='ocrx_word' id='word_1_283' title='bbox 1175 2119 1230 2160; x_wconf 87' lang='lat' dir='ltr'>qui</span> <span class='ocrx_word' id='word_1_284' title='bbox 1244 2117 1420 2149; x_wconf 86' lang='lat' dir='ltr'>mendacio</span> <span class='ocrx_word' id='word_1_285' title='bbox 1435 2121 1599 2147; x_wconf 84' lang='lat' dir='ltr'>staturam</span> <span class='ocrx_word' id='word_1_286' title='bbox 1613 2115 1671 2146; x_wconf 88' lang='lat' dir='ltr'>ad-</span> 
     </span>
    </p>

    <p class='ocr_par' dir='ltr' id='par_1_24' title="bbox 948 2164 1677 2954">
     <span class='ocr_line' id='line_1_56' title="bbox 948 2164 1672 2211; baseline -0.007 -9"><span class='ocrx_word' id='word_1_287' title='bbox 948 2164 1103 2211; x_wconf 76' lang='lat' dir='ltr'>vjuvant,</span> <span class='ocrx_word' id='word_1_288' title='bbox 1127 2170 1365 2209; x_wconf 83' lang='lat' dir='ltr'>longioresque</span> <span class='ocrx_word' id='word_1_289' title='bbox 1391 2175 1490 2207; x_wconf 85' lang='lat' dir='ltr'>quam</span> <span class='ocrx_word' id='word_1_290' title='bbox 1516 2169 1606 2205; x_wconf 88' lang='lat' dir='ltr'>sunt,</span> <span class='ocrx_word' id='word_1_291' title='bbox 1624 2165 1672 2197; x_wconf 86' lang='lat' dir='ltr'>vi-</span> 
     </span>
     <span class='ocr_line' id='line_1_57' title="bbox 972 2218 1673 2252; baseline -0.009 0"><span class='ocrx_word' id='word_1_292' title='bbox 972 2221 1045 2252; x_wconf 88' lang='lat' dir='ltr'>deri</span> <span class='ocrx_word' id='word_1_293' title='bbox 1062 2218 1200 2251; x_wconf 66' lang='lat' dir='ltr'>volunt!</span> <span class='ocrx_word' id='word_1_294' title='bbox 1221 2218 1327 2248; x_wconf 86' lang='lat' dir='ltr'>Mart.</span> <span class='ocrx_word' id='word_1_295' title='bbox 1345 2225 1428 2248; x_wconf 79' lang='lat' dir='ltr'>xnr.</span> <span class='ocrx_word' id='word_1_296' title='bbox 1455 2219 1567 2247; x_wconf 82' lang='lat' dir='ltr'>‘stans</span> <span class='ocrx_word' id='word_1_297' title='bbox 1583 2225 1673 2247; x_wconf 90' lang='lat' dir='ltr'>sum-</span> 
     </span>
     <span class='ocr_line' id='line_1_58' title="bbox 977 2266 1675 2309; baseline -0.007 -7"><span class='ocrx_word' id='word_1_298' title='bbox 977 2280 1048 2302; x_wconf 85' lang='lat' dir='ltr'>mos</span> <span class='ocrx_word' id='word_1_299' title='bbox 1062 2269 1244 2309; x_wconf 87' lang='lat' dir='ltr'>resupinus</span> <span class='ocrx_word' id='word_1_300' title='bbox 1260 2267 1415 2308; x_wconf 86' lang='lat' dir='ltr'>usquein</span> <span class='ocrx_word' id='word_1_301' title='bbox 1431 2266 1586 2306; x_wconf 88' lang='lat' dir='ltr'>ungues.’</span> <span class='ocrx_word' id='word_1_302' title='bbox 1612 2266 1675 2298; x_wconf 84' lang='lat' dir='ltr'>Ju-</span> 
     </span>
     <span class='ocr_line' id='line_1_59' title="bbox 975 2315 1674 2357; baseline -0.007 -6"><span class='ocrx_word' id='word_1_303' title='bbox 975 2321 1085 2351; x_wconf 87' lang='lat' dir='ltr'>venal.</span> <span class='ocrx_word' id='word_1_304' title='bbox 1113 2320 1253 2350; x_wconf 86' lang='lat' dir='ltr'>‘erecta</span> <span class='ocrx_word' id='word_1_305' title='bbox 1280 2316 1454 2357; x_wconf 82' lang='lat' dir='ltr'>consurgit</span> <span class='ocrx_word' id='word_1_306' title='bbox 1485 2315 1528 2347; x_wconf 90' lang='lat' dir='ltr'>ad</span> <span class='ocrx_word' id='word_1_307' title='bbox 1557 2316 1674 2347; x_wconf 87' lang='lat' dir='ltr'>oscula</span> 
     </span>
     <span class='ocr_line' id='line_1_60' title="bbox 972 2365 1673 2411; baseline -0.007 -10"><span class='ocrx_word' id='word_1_308' title='bbox 972 2368 1113 2411; x_wconf 60' lang='lat' dir='ltr'>planta?</span> <span class='ocrx_word' id='word_1_309' title='bbox 1168 2368 1278 2399; x_wconf 90' lang='lat' dir='ltr'>Lucil.</span> <span class='ocrx_word' id='word_1_310' title='bbox 1314 2368 1324 2384; x_wconf 90' lang='lat'>‘</span> <span class='ocrx_word' id='word_1_311' title='bbox 1339 2365 1557 2398; x_wconf 88' lang='lat' dir='ltr'>Gallinaceus</span> <span class='ocrx_word' id='word_1_312' title='bbox 1595 2374 1673 2396; x_wconf 89' lang='lat' dir='ltr'>cum</span> 
     </span>
     <span class='ocr_line' id='line_1_61' title="bbox 974 2415 1674 2459; baseline -0.009 -7"><span class='ocrx_word' id='word_1_313' title='bbox 974 2421 1083 2452; x_wconf 82' lang='lat' dir='ltr'>victor</span> <span class='ocrx_word' id='word_1_314' title='bbox 1111 2428 1146 2450; x_wconf 86' lang='lat' dir='ltr'>se</span> <span class='ocrx_word' id='word_1_315' title='bbox 1172 2418 1280 2459; x_wconf 84' lang='lat' dir='ltr'>gallus</span> <span class='ocrx_word' id='word_1_316' title='bbox 1303 2417 1446 2448; x_wconf 82' lang='lat' dir='ltr'>honeste</span> <span class='ocrx_word' id='word_1_317' title='bbox 1473 2415 1617 2447; x_wconf 85' lang='lat' dir='ltr'>Sustulit</span> <span class='ocrx_word' id='word_1_318' title='bbox 1637 2416 1674 2446; x_wconf 89' lang='lat' dir='ltr'>in</span> 
     </span>
     <span class='ocr_line' id='line_1_62' title="bbox 975 2465 1674 2510; baseline -0.004 -10"><span class='ocrx_word' id='word_1_319' title='bbox 975 2470 1111 2510; x_wconf 83' lang='lat' dir='ltr'>digitos,</span> <span class='ocrx_word' id='word_1_320' title='bbox 1141 2469 1374 2509; x_wconf 84' lang='lat' dir='ltr'>primoresque</span> <span class='ocrx_word' id='word_1_321' title='bbox 1400 2466 1500 2505; x_wconf 86' lang='lat' dir='ltr'>erigit</span> <span class='ocrx_word' id='word_1_322' title='bbox 1520 2465 1674 2505; x_wconf 89' lang='lat' dir='ltr'>ungues.&#39;</span> 
     </span>
     <span class='ocr_line' id='line_1_63' title="bbox 975 2515 1673 2557; baseline -0.007 -4"><span class='ocrx_word' id='word_1_323' title='bbox 975 2521 1076 2554; x_wconf 81' lang='lat' dir='ltr'>Quod</span> <span class='ocrx_word' id='word_1_324' title='bbox 1101 2520 1312 2551; x_wconf 84' lang='lat' dir='ltr'>Philostrato</span> <span class='ocrx_word' id='word_1_325' title='bbox 1334 2522 1387 2548; x_wconf 84' lang='lat' dir='ltr'>est</span> <span class='ocrx_word' id='word_1_326' title='bbox 1409 2516 1471 2547; x_wconf 80' lang='grc' dir='ltr'>ἅνω</span> <span class='ocrx_word' id='word_1_327' title='bbox 1486 2515 1614 2557; x_wconf 79' lang='grc' dir='ltr'>βαίνειν,</span> <span class='ocrx_word' id='word_1_328' title='bbox 1629 2516 1673 2548; x_wconf 87' lang='lat' dir='ltr'>de</span> 
     </span>
     <span class='ocr_line' id='line_1_64' title="bbox 974 2566 1674 2611; baseline -0.006 -9"><span class='ocrx_word' id='word_1_329' title='bbox 974 2570 1154 2611; x_wconf 87' lang='lat' dir='ltr'>Apollonio</span> <span class='ocrx_word' id='word_1_330' title='bbox 1171 2578 1196 2600; x_wconf 87' lang='lat'>1.</span> <span class='ocrx_word' id='word_1_331' title='bbox 1209 2571 1260 2600; x_wconf 89' lang='lat' dir='ltr'>lo.</span> <span class='ocrx_word' id='word_1_332' title='bbox 1288 2568 1388 2599; x_wconf 84' lang='lat' dir='ltr'>Tales</span> <span class='ocrx_word' id='word_1_333' title='bbox 1403 2567 1566 2599; x_wconf 88' lang='lat' dir='ltr'>dicuntur</span> <span class='ocrx_word' id='word_1_334' title='bbox 1584 2569 1594 2585; x_wconf 93' lang='lat'>‘</span> <span class='ocrx_word' id='word_1_335' title='bbox 1610 2566 1674 2599; x_wconf 83' lang='lat' dir='ltr'>At—</span> 
     </span>
     <span class='ocr_line' id='line_1_65' title="bbox 974 2616 1673 2660; baseline -0.007 -8"><span class='ocrx_word' id='word_1_336' title='bbox 974 2620 1042 2659; x_wconf 81' lang='lat' dir='ltr'>tae‚&#39;</span> <span class='ocrx_word' id='word_1_337' title='bbox 1055 2621 1063 2637; x_wconf 77' lang='lat'><strong><em>⁴</em></strong></span> <span class='ocrx_word' id='word_1_338' title='bbox 1075 2619 1129 2660; x_wconf 86' lang='lat' dir='ltr'>qui</span> <span class='ocrx_word' id='word_1_339' title='bbox 1140 2618 1268 2660; x_wconf 82' lang='lat' dir='ltr'>(verbis</span> <span class='ocrx_word' id='word_1_340' title='bbox 1277 2616 1389 2657; x_wconf 84' lang='lat' dir='ltr'>Festi)</span> <span class='ocrx_word' id='word_1_341' title='bbox 1404 2621 1545 2658; x_wconf 85' lang='lat' dir='ltr'>propter</span> <span class='ocrx_word' id='word_1_342' title='bbox 1555 2616 1673 2648; x_wconf 80' lang='lat' dir='ltr'>vitium</span> 
     </span>
     <span class='ocr_line' id='line_1_66' title="bbox 974 2667 1673 2710; baseline -0.006 -9"><span class='ocrx_word' id='word_1_343' title='bbox 974 2680 1122 2710; x_wconf 86' lang='lat' dir='ltr'>crurum,</span> <span class='ocrx_word' id='word_1_344' title='bbox 1153 2673 1212 2699; x_wconf 82' lang='lat' dir='ltr'>aut</span> <span class='ocrx_word' id='word_1_345' title='bbox 1241 2667 1380 2708; x_wconf 81' lang='lat' dir='ltr'>pedum,</span> <span class='ocrx_word' id='word_1_346' title='bbox 1409 2667 1525 2708; x_wconf 88' lang='lat' dir='ltr'>primis</span> <span class='ocrx_word' id='word_1_347' title='bbox 1548 2667 1673 2707; x_wconf 87' lang='lat' dir='ltr'>plantis</span> 
     </span>
     <span class='ocr_line' id='line_1_67' title="bbox 976 2716 1676 2759; baseline -0.003 -8"><span class='ocrx_word' id='word_1_348' title='bbox 976 2720 1153 2759; x_wconf 83' lang='lat' dir='ltr'>insistunt,</span> <span class='ocrx_word' id='word_1_349' title='bbox 1167 2722 1202 2749; x_wconf 88' lang='lat' dir='ltr'>et</span> <span class='ocrx_word' id='word_1_350' title='bbox 1218 2718 1392 2757; x_wconf 78' lang='lat' dir='ltr'>attingunt</span> <span class='ocrx_word' id='word_1_351' title='bbox 1410 2716 1516 2757; x_wconf 87' lang='lat' dir='ltr'>magis</span> <span class='ocrx_word' id='word_1_352' title='bbox 1538 2721 1676 2755; x_wconf 77' lang='lat' dir='ltr'>terram,</span> 
     </span>
     <span class='ocr_line' id='line_1_68' title="bbox 976 2767 1677 2812; baseline -0.004 -11"><span class='ocrx_word' id='word_1_353' title='bbox 976 2781 1076 2812; x_wconf 87' lang='lat' dir='ltr'>quam</span> <span class='ocrx_word' id='word_1_354' title='bbox 1109 2768 1284 2800; x_wconf 86' lang='lat' dir='ltr'>ambulant</span> <span class='ocrx_word' id='word_1_355' title='bbox 1299 2767 1319 2797; x_wconf 76' lang='grc' dir='ltr'>ε’</span> <span class='ocrx_word' id='word_1_356' title='bbox 1344 2767 1504 2803; x_wconf 79' lang='grc' dir='ltr'>ἅττοντες,</span> <span class='ocrx_word' id='word_1_357' title='bbox 1520 2767 1582 2807; x_wconf 81' lang='grc' dir='ltr'>οὐχ</span> <span class='ocrx_word' id='word_1_358' title='bbox 1610 2767 1677 2807; x_wconf 75' lang='grc' dir='ltr'>ὅλῷ</span> 
     </span>
     <span class='ocr_line' id='line_1_69' title="bbox 976 2818 1675 2860; baseline -0.004 -8"><span class='ocrx_word' id='word_1_359' title='bbox 976 2820 1047 2852; x_wconf 82' lang='grc' dir='ltr'>ποδὶ</span> <span class='ocrx_word' id='word_1_360' title='bbox 1074 2818 1271 2858; x_wconf 76' lang='grc' dir='ltr'>βαδίζοντεςε</span> <span class='ocrx_word' id='word_1_361' title='bbox 1305 2818 1427 2860; x_wconf 86' lang='lat' dir='ltr'>quibus</span> <span class='ocrx_word' id='word_1_362' title='bbox 1457 2822 1675 2858; x_wconf 85' lang='lat' dir='ltr'>opponuntur</span> 
     </span>
     <span class='ocr_line' id='line_1_70' title="bbox 977 2867 1675 2912; baseline -0.004 -9"><span class='ocrx_word' id='word_1_363' title='bbox 977 2869 1197 2912; x_wconf 82' lang='grc' dir='ltr'>πτερνοβάται,</span> <span class='ocrx_word' id='word_1_364' title='bbox 1216 2878 1299 2911; x_wconf 86' lang='lat' dir='ltr'>quos</span> <span class='ocrx_word' id='word_1_365' title='bbox 1324 2867 1436 2900; x_wconf 83' lang='lat' dir='ltr'>Latini</span> <span class='ocrx_word' id='word_1_366' title='bbox 1459 2868 1675 2908; x_wconf 76' lang='lat' dir='ltr'>talipedantes.</span> 
     </span>
     <span class='ocr_line' id='line_1_71' title="bbox 978 2917 1676 2954; baseline -0.007 0"><span class='ocrx_word' id='word_1_367' title='bbox 978 2922 1067 2954; x_wconf 89' lang='lat' dir='ltr'>Vide</span> <span class='ocrx_word' id='word_1_368' title='bbox 1083 2919 1228 2953; x_wconf 78' lang='lat' dir='ltr'>Casaub.</span> <span class='ocrx_word' id='word_1_369' title='bbox 1245 2920 1279 2951; x_wconf 90' lang='lat' dir='ltr'>in</span> <span class='ocrx_word' id='word_1_370' title='bbox 1293 2918 1390 2951; x_wconf 86' lang='lat' dir='ltr'>Suet.</span> <span class='ocrx_word' id='word_1_371' title='bbox 1411 2917 1508 2950; x_wconf 86' lang='lat' dir='ltr'>initio</span> <span class='ocrx_word' id='word_1_372' title='bbox 1521 2927 1579 2951; x_wconf 82' lang='grc' dir='ltr'><strong>ιιι.</strong></span> <span class='ocrx_word' id='word_1_373' title='bbox 1596 2919 1676 2950; x_wconf 88' lang='lat' dir='ltr'>Sca-</span> 
     </span>
    </p>
   </div>
  </div>
 </body>
</html>
