1889 3194
447 317 621 347 ULRICl
655 317 902 347 OBREcH'ri

188 412 270 449 tute,
285 412 349 440 tum
360 409 487 441 consilio
503 410 596 441 bonus
614 409 813 450 credebatur]
836 409 889 441 Ad

191 460 381 492 Hectorem
412 461 587 491 transtulit
610 460 792 500 Jugurthae
821 461 890 491 elo·

191 510 295 551 ginni,
316 519 359 541 ex
384 509 525 541 Sallust.
542 510 622 550 Jug.
637 513 669 541 7.
691 510 699 527 ‘
716 509 805 550 quod
825 509 890 540 dif-

188 559 374 591 ficillimum
384 559 417 590 in
430 559 548 600 primis
559 565 622 598 est,
632 565 667 590 et
680 560 798 600 proelio
809 565 893 591 stre-

190 619 277 641 nuus
294 614 381 646 erat,
397 614 431 640 et
449 609 552 639 bouus
566 609 732 640 consilio!

234 659 287 690 Ne
307 669 367 699 qua
383 662 412 690 et
427 659 498 689 aliae
512 659 683 698 conjunctae
699 658 892 700 acfiuitz'moe

187 709 346 749 regiones]
372 707 454 749 Arg.
469 710 479 726 ‘
492 719 532 739 ne
545 709 625 749 quid
642 710 709 740 tale
723 719 892 740 commen-

189 763 232 789 tae
248 758 398 789 finitimae
424 759 600 798 regiones?
643 760 771 791 Noster
791 769 892 800 supra

190 817 233 839 11.
250 810 304 839 22.
328 809 338 825 ‘
357 807 411 839 An
429 818 486 839 vos
510 809 569 839 soli
594 809 773 850 ignoratis,
789 814 826 840 nt
841 808 892 840 af-

190 856 294 888 fectae
310 857 376 888 sint
393 857 513 888 vicinae
531 862 633 898 atque
657 858 775 888 amicae
799 858 892 890 vobis

189 905 372 938 civitates.'
416 907 461 938 Et
481 917 556 938 mox
575 916 616 939 11.
632 910 688 939 27.
712 909 722 925 ⁸
739 909 793 940 Ne
810 908 890 949 quid

192 956 343 997 quietum
373 955 524 988 finitimis
554 957 666 998 Trojae
695 958 890 998 regionibns

191 1012 295 1047 atque
310 1006 425 1037 amicis
439 1007 710 1048 relinqueretur.'

235 1057 508 1099 Nequefideijus]
525 1058 609 1099 Arg.
620 1059 630 1076 ‘
640 1068 748 1100 neque
763 1057 893 1090 fidum!

191 1106 314 1138 Petav.
329 1108 491 1148 ‘namque
508 1107 682 1148 fideijus.’
726 1108 805 1139 Non
819 1107 894 1139 fore

193 1156 402 1197 procedente
429 1157 607 1189 obsidione
639 1157 717 1189 fidei
741 1158 812 1198 jus,
844 1158 893 1188 in-

193 1207 281 1248 quit,
298 1207 332 1238 id
350 1212 416 1246 est,
437 1216 548 1248 neque
572 1208 683 1248 pactis
700 1208 766 1239 vim
791 1218 895 1246 suam,

193 1266 304 1298 neque
333 1255 518 1288 foederibus
547 1258 788 1289 anctoritatem
816 1267 894 1289 con-

193 1306 352 1338 stitutam
375 1316 473 1338 esse:
505 1307 566 1338 sed
598 1307 750 1347 perfidiae
775 1312 811 1339 et
837 1307 894 1337 de-

193 1356 400 1388 fectionibus
428 1359 537 1388 lot-nm
564 1362 600 1388 et
620 1358 676 1398 jus
699 1358 816 1388 datum
840 1356 895 1388 iri.

193 1408 251 1439 Sic
266 1409 421 1439 Lucanus
432 1408 585 1439 Pharsal.
601 1407 718 1439 initio:
736 1408 746 1425 ‘
764 1408 895 1448 Jnsque

194 1460 312 1491 datum
328 1459 473 1491 sceleri.’
516 1459 593 1490 Hoc
609 1464 676 1500 est,
692 1459 801 1490 scelus
818 1467 896 1489 auc-

196 1510 429 1550 toritatejnris
441 1509 620 1550 munitum,
632 1509 741 1540 dixit:
764 1508 895 1539 Statius

194 1559 361 1591 Thebaid.
378 1568 433 1591 lu.
448 1558 458 1575 ⁴
474 1559 700 1600 Incertusque
714 1557 895 1598 animi,da-

195 1615 249 1641 ret
266 1609 464 1650 armisjnra,
478 1619 647 1651 novosque
661 1608 831 1640 Gentibus
847 1610 895 1640 in-

195 1664 331 1691 cuteret
347 1659 522 1691 stimulos.'

239 1709 336 1740 Domi
363 1710 475 1750 quippe
503 1708 656 1747 juventus
688 1708 791 1750 perita
827 1709 897 1741 belli

195 1760 317 1791 abunde
349 1760 435 1791 nobis
463 1759 525 1799 est]
550 1760 641 1791 Vera
670 1759 759 1790 baud
792 1758 897 1790 dubie

197 1810 313 1850 lectio,
337 1819 436 1849 qnam
461 1819 504 1840 ex
529 1809 613 1850 Arg.
639 1809 724 1840 Cod.
750 1810 897 1840 restitui·

197 1869 283 1891 mus.
309 1859 422 1890 Antea
434 1859 613 1896 edebatur,
629 1861 638 1877 ‘
650 1858 788 1891 deornm
800 1860 898 1901 quip-

197 1920 239 1950 pe
253 1910 545 1950 auxiliojnventns
559 1911 670 1951 perita
682 1910 760 1941 belli
772 1909 792 1939 :’
803 1910 899 1941 item-

197 1970 277 2001 que,
296 1960 306 1977 ‘
320 1959 458 1991 deorum
476 1961 601 2001 qnippe
619 1971 683 2001 ope
696 1965 732 1992 et
754 1959 900 1991 altuino!

196 2009 263 2041 Sed
290 2009 321 2040 in
348 2010 529 2050 propatulo
559 2011 644 2041 ratio
667 2014 733 2049 est,
754 2019 820 2050 qua
842 2009 901 2040 do·

197 2058 375 2089 mesticam
392 2058 612 2099 juventutem
635 2061 786 2092 externis
808 2059 901 2091 auxi·

197 2107 252 2139 liis
266 2107 425 2147 adjungit
438 2108 637 2148 Septimius.

242 2159 317 2199 §2⁷
345 2158 549 2199 Gergithum]
575 2159 626 2190 Ex
651 2159 801 2191 Merceri
824 2169 903 2191 con-

192 2208 346 2249 jectura.
368 2208 437 2240 Sed
454 2209 536 2240 Mss.
549 2209 677 2241 liabent
691 2210 701 2228 ‘
720 2210 905 2242 Geutumz’

199 2259 304 2289 etiam
325 2257 408 2298 Arg.
452 2257 494 2289 In
517 2259 617 2290 editis
639 2263 693 2291 est
708 2260 717 2277 ‘
732 2259 904 2292 Geniten.’

200 2308 356 2340 Ortelius
366 2308 583 2340 ‘Gentinum'
592 2310 766 2351 Stephano
780 2320 905 2341 memo-

200 2362 326 2398 ratam,
340 2358 431 2389 innui
448 2359 651 2399 suspicatur.
694 2359 761 2391 Sed
775 2359 831 2390 illa
847 2359 905 2390 de-

200 2419 292 2440 mum
316 2408 360 2440 ab
380 2408 492 2440 AEneae
511 2409 659 2449 posteris
675 2409 814 2441 condita
839 2415 905 2443 est,

202 2458 319 2498 κτίσμα
339 2458 422 2490 τινὸς
445 2459 503 2489 τοῦ
524 2457 647 2490 Αἰνείου
660 2457 793 2499 παίδων,
813 2458 904 2500 quod

201 2514 315 2542 tamen
338 2509 382 2541 de
410 2510 659 2541 restauratione
686 2510 794 2550 possis
816 2510 905 2541 acci-

202 2569 298 2600 pere.
343 2560 431 2591 Nam
456 2563 493 2590 et
515 2559 558 2590 de
573 2558 698 2590 Arisba
715 2558 804 2590 idem
827 2559 905 2590 Ste-

203 2610 353 2650 phanus:
389 2607 426 2646 ἧς
456 2608 588 2640 οἰκισταὶ
617 2607 825 2650 Σκαμάνδριος
853 2608 904 2640 καὶ

203 2658 362 2692 Ἀσκάνιος
375 2659 438 2690 υἱὸς
451 2659 583 2691 Αἰνείου.

249 2709 548 2750 cujuscunquemodi
555 2707 682 2750 pecora]
705 2708 762 2740 Sic
776 2708 809 2739 iu
821 2707 904 2749 Arg.

204 2765 240 2791 et
270 2760 304 2791 in
337 2760 485 2800 vulgatis
518 2760 667 2790 Sallustii
697 2759 904 2790 editionibus

205 2810 282 2842 eat.
299 2813 352 2842 39.
374 2812 384 2828 ‘
403 2819 511 2851 neque
527 2811 632 2841 solnm
654 2809 749 2849 civis,
765 2808 824 2840 sed
847 2818 903 2840 cu·

200 2859 393 2903 juscunque
408 2860 496 2892 modi
514 2871 618 2901 genus
641 2860 811 2891 hominum
828 2859 904 2890 soli-

938 317 1079 348 NOTAE
1114 318 1165 348 lN
1201 317 1295 348 mn.
1327 318 1381 350 11.
1551 308 1632 350 611

940 409 1092 442 citabat.’
1102 409 1158 441 Al.
1168 413 1177 429 ‘
1186 411 1351 452 cujusque
1361 410 1452 442 modi
1463 413 1483 442 :’
1492 410 1639 452 ἀρχαίως.

940 461 1030 492 Nam
1043 465 1175 492 veteres
1192 470 1256 502 pro
1266 462 1470 502 quicunqne,
1485 462 1639 503 quisque,

941 509 1102 542 dicebant
1126 516 1164 541 ut
1189 511 1318 541 Noster
1339 519 1379 541 11.
1396 513 1447 542 14.
1469 514 1478 528 ‘
1495 511 1639 551 quisque

942 560 1086 600 partium
1113 561 1155 591 ad
1183 570 1258 591 eum
1284 560 1450 592 venerat.'
1495 561 1565 592 Lex
1596 561 1638 592 ad

941 610 1114 651 antiquam
1136 609 1314 641 formulam
1334 610 1463 650 scripta
1479 609 1568 650 apud
1585 610 1641 641 Ci-

939 669 1099 692 ceronem
1130 660 1173 692 de
1200 661 1303 701 Legg.
1332 669 1375 692 11.
1401 663 1434 692 2.
1461 661 1471 678 ‘
1489 670 1637 701 quaeqne

940 710 1086 751 quoique
1111 710 1189 741 divo
1204 710 1337 741 decorae
1363 715 1540 752 grataeque
1568 710 1639 741 siut

940 760 1058 791 hostiae
1077 759 1306 800 providento‚'
1321 762 1386 792 διε.

984 810 1001 850 §
1018 811 1060 841 28
1076 809 1249 840 Obsecrans
1259 810 1307 841 uti
1314 809 1553 851 nwgmficarent
1563 820 1643 851 μνω-

939 859 1072 891 sentiam
1086 860 1151 900 dei]
1174 859 1216 890 Id
1233 864 1285 891 est
1302 867 1555 896 revererentur,
1572 870 1642 892 sns-

941 910 1109 950 picerent.
1140 910 1285 941 Plantus
1298 910 1332 941 in
1342 910 1545 942 Menaechm.
1562 913 1644 942 11.3.

940 961 950 977 ‘
968 960 1031 990 Pol
1049 965 1084 991 te
1101 969 1201 990 uuum
1217 969 1260 991 ex
1280 960 1436 991 omnibus
1453 961 1570 991 Venus
1587 970 1644 991 vo-

941 1009 1006 1040 luit
1035 1019 1089 1040 me
1119 1008 1359 1049 magnificare?
1402 1009 1500 1041 Idem
1527 1010 1644 1041 Sticho

942 1067 969 1090 1.
983 1062 1016 1090 2.
1043 1060 1100 1090 ubi
1127 1069 1250 1091 uxores
1274 1059 1317 1091 de
1341 1060 1496 1091 maritis:
1519 1060 1529 1077 ‘
1547 1059 1645 1100 pudi-

943 1108 1025 1140 citia
1054 1114 1120 1148 est,
1150 1110 1216 1140 Eos
1247 1109 1464 1149 magnificare
1495 1110 1552 1151 qni
1584 1119 1645 1140 nos

942 1158 1052 1189 socias
1075 1163 1294 1199 sumpserunt
1317 1159 1407 1190 sibi.'
1446 1159 1579 1191 Nonius
1597 1169 1648 1190 lv.

945 1207 955 1224 ‘
972 1207 1167 1247 observare,
1180 1210 1366 1249 suspicere,
1382 1208 1624 1249 magnificare.’

987 1259 1056 1298 §33
1069 1259 1146 1289 Cum
1157 1268 1250 1290 manu
1261 1260 1429 1300 auxiliari]
1449 1259 1532 1300 Arg.
1545 1259 1554 1278 ‘
1566 1269 1647 1291 aux-

944 1306 1078 1339 iliaria.’
1107 1308 1252 1338 Plautus
1271 1309 1304 1339 in
1320 1309 1426 1341 Trnc.
1443 1318 1482 1340 ιι.
1501 1313 1530 1340 1.
1547 1309 1557 1327 ‘
1576 1318 1647 1340 ma-

945 1357 1062 1398 gisque
1087 1356 1184 1388 Adeo
1201 1358 1231 1389 ei
1256 1359 1470 1390 consiliarius
1493 1359 1549 1390 hic
1566 1358 1648 1390 ami-

944 1416 1006 1438 cus
1022 1412 1075 1438 est
1091 1417 1189 1447 qnam
1207 1408 1428 1440 auxiliarius)

987 1456 1146 1498 Simplicis
1164 1458 1280 1495 sormae
1307 1459 1404 1489 aciem
1431 1459 1643 1501 composuere]

949 1505 1030 1547 Arg.
1059 1508 1069 1524 ‘
1086 1507 1231 1548 simplici
1263 1507 1397 1539 forma.'
1435 1509 1531 1539 Med.
1548 1514 1556 1527 ¹
1573 1509 1650 1539 sim-

947 1557 1027 1598 plici
1062 1555 1201 1588 fronte!
1248 1557 1413 1588 Nimirum
1446 1557 1560 1589 Graeci
1594 1559 1649 1589 hic

946 1606 1109 1646 simplicis
1125 1606 1241 1638 formae
1256 1607 1364 1638 aciem
1382 1608 1547 1648 bipartito
1565 1609 1649 1639 Bar-

950 1656 1104 1687 barorum
1122 1656 1289 1688 exercitui
1304 1666 1510 1697 opposuere.
1555 1657 1650 1689 Prae-

949 1707 1042 1738 cedit
1056 1707 1144 1738 enim
1159 1707 1201 1738 de
1213 1707 1395 1748 'ru-ojanis:
1417 1708 1426 1725 ‘
1441 1717 1480 1739 ac
1496 1707 1574 1739 dein
1592 1718 1652 1749 per

949 1766 1087 1797 campos
1117 1757 1271 1788 exercitu
1303 1757 1492 1798 bipartito-¹
1537 1757 1650 1788 Perti=

949 1813 1009 1838 net
1024 1808 1089 1838 huc
1102 1807 1226 1838 Tibulli
1250 1808 1341 1838 locus
1357 1817 1400 1838 ex
1423 1808 1535 1848 elogio
1562 1808 1652 1839 Mes-

950 1859 1046 1897 salae,
1061 1857 1110 1889 uti
1126 1867 1146 1888 a
1161 1858 1333 1898 Scaligero
1356 1863 1391 1890 et
1409 1858 1524 1898 Lipsio
1541 1868 1653 1889 emen-

952 1908 1052 1939 datus
1073 1908 1222 1949 legitur:
1248 1909 1257 1925 ‘
1273 1909 1369 1940 Tunc
1392 1908 1454 1939 tibi
1474 1918 1540 1939 uon
1564 1909 1654 1939 desit

951 1957 1074 1989 faciem
1104 1967 1306 1999 componere
1345 1968 1482 1999 pugnae,
1511 1959 1577 1990 Seu
1609 1958 1654 1989 sit

952 2017 1051 2049 opus,
1073 2008 1276 2050 quadratum
1301 2008 1393 2040 acies
1417 2009 1584 2039 consistat
1615 2008 1653 2039 in

953 2067 1089 2098 agmen,
1111 2058 1240 2089 Rectus
1263 2062 1300 2089 ut
1325 2058 1468 2099 aequatis
1491 2057 1653 2089 decurrat

953 2106 1124 2140 frontibus
1139 2107 1247 2139 ordo.'
1291 2107 1378 2139 Haec
1399 2107 1562 2147 simplicis
1585 2106 1654 2138 for-

954 2167 1017 2188 mae
1050 2158 1159 2196 acies3
1197 2156 1353 2198 sequitur
1389 2156 1431 2187 de
1468 2156 1654 2197 bipartita:

955 2209 965 2226 ‘
978 2207 1046 2238 Seu
1057 2206 1163 2238 libeat
1175 2206 1359 2246 duplicem,
1371 2205 1563 2246 sejunctum
1581 2215 1654 2237 cer·-

955 2266 1036 2288 nere
1061 2261 1218 2294 martem‚
1234 2256 1367 2287 Dexter
1390 2256 1439 2286 nti
1463 2255 1584 2286 laevum
1604 2260 1654 2287 te-

955 2313 1049 2342 neat,
1063 2306 1290 2347 dextrumque
1314 2304 1452 2336 sinister
1468 2304 1580 2344 Miles,
1596 2304 1656 2336 sit-

957 2365 1024 2398 que
1053 2356 1181 2396 duplex
1208 2354 1334 2394 gemini
1362 2355 1509 2386 victoria
1533 2354 1657 2386 casus!

955 2405 1034 2436 Sive
1051 2405 1168 2444 libeat,
1185 2409 1222 2435 nt
1237 2405 1327 2436 acies
1346 2403 1509 2444 bipartita
1524 2404 1656 2444 sejunc-

957 2454 1018 2486 tim
1034 2455 1077 2485 de
1094 2455 1170 2485 alea
1185 2453 1265 2485 belli
1280 2453 1457 2489 decernat.
1473 2453 1522 2485 ita
1537 2459 1574 2485 ut
1590 2453 1656 2486 duo

955 2513 1083 2537 cornua
1109 2514 1129 2535 a
1151 2503 1265 2535 media
1291 2503 1365 2534 acie
1391 2502 1560 2535 distracta
1583 2503 1656 2534 hos-

956 2556 1039 2587 tium
1056 2565 1184 2588 cornua
1195 2555 1356 2596 opposita
1367 2554 1544 2595 invadant,
1555 2560 1656 2597 atque

956 2605 1042 2638 adeo
1072 2606 1203 2638 dnobus
1241 2606 1368 2646 praeliis
1395 2606 1488 2637 velut
1514 2605 1657 2637 diversis

957 2657 1135 2688 victoriam
1165 2660 1333 2697 quaerant.
1356 2654 1533 2687 ‘Cernere
1563 2656 1656 2687 Mar-

957 2711 1026 2738 tem
1041 2706 1050 2721 '
1067 2706 1166 2743 dixit,
1182 2711 1221 2737 ut
1239 2705 1369 2737 Ennius
1392 2705 1481 2746 apud
1498 2705 1572 2737 Cic.
1587 2704 1656 2736 Off.

957 2767 982 2789 1.
1004 2763 1041 2789 et
1064 2756 1154 2797 apud
1181 2756 1514 2792 Nonium,‘cernere
1532 2756 1659 2786 vitam!

957 2808 1010 2838 De
1040 2807 1103 2838 liae
1132 2806 1219 2837 aciei
1244 2804 1365 2845 forma,
1381 2805 1503 2846 Veget.
1526 2813 1582 2836 ιιι.
1603 2807 1657 2835 20.

957 2862 965 2875 ⁴
984 2856 1133 2889 Mediam
1160 2856 1267 2888 aciem
1292 2854 1466 2897 suam‚qui
1489 2856 1536 2886 sic
1560 2855 1658 2887 dimiOE
