1889 3194
520 342 582 372 DE
619 341 773 372 BELLO
806 340 1029 371 TROJANO
1065 340 1160 371 LlB.
1196 341 1237 372 V.

152 435 412 477 Plistinides
429 448 439 476 ε
471 447 559 476 ιιοιι
581 436 646 476 sic
666 434 865 476 frendent
884 439 1011 489 rapta
1032 435 1169 476 ubera
1189 435 1319 488 tigres

1511 331 1596 373 513

1512 434 1599 476 325

154 502 394 556 Hyrcanae,
416 500 698 555 Scythicique
715 514 832 551 sueS,
853 501 1086 555 Maurique
1105 502 1273 544 leones.

210 567 427 609 Astiterat
447 569 595 609 socias
617 568 737 622 Ajax
762 569 997 610 Locrensis
1018 570 1064 609 in
1083 569 1186 619 iras,

156 634 461 687 Hortaturque
484 634 667 676 ducem:
698 635 727 676 J
731 635 830 675 ovis
850 636 949 688 igne
970 636 1150 677 citatius
1170 636 1299 677 ambo

157 701 394 755 objectam
414 707 621 755 rumpunt
638 702 826 752 turbam,
844 703 1102 757 mediosque
1122 716 1196 756 per
1217 716 1345 744 enses

156 768 442 809 Accelerant:
474 769 591 821 prior
612 769 812 823 alipedes
834 770 1065 810 Menelaus
1086 771 1222 811 ituros

1518 768 1603 809 330

158 834 401 888 Anticipat,
423 836 681 889 prensisque
694 836 833 890 jubis,
853 837 983 877 simul
1004 837 1182 887 ibimus,
1203 837 1359 890 inquit,

158 901 244 942 Sed
259 900 351 954 Jam
372 901 507 956 Troja
522 904 698 955 procul:
734 903 948 957 dixitque,
976 908 1018 944 et
1038 908 1151 945 stare
1169 910 1379 957 negantes

161 968 374 1009 Infraenos
399 969 599 1022 impingit
618 982 780 1023 equos:
812 971 977 1024 pallere
1000 970 1171 1011 videres

768 1107 884 1120 eeeeee

887 1106 1004 1120 oooooo

206 1207 270 1236 329
292 1204 451 1245 Spargant
466 1206 729 1237 &esem—325
756 1206 917 1237 Frendunt
933 1204 989 1237 ed.
1006 1205 1111 1238 Basil.
1125 1205 1300 1248 Spondan.
1317 1211 1352 1238 et
1366 1206 1458 1238 Mor.

816 1301 960 1334 NOTAE

209 1377 269 1406 325
295 1375 367 1406 Non
381 1374 425 1405 sic
437 1375 587 1414 frendent
606 1379 698 1417 rapta
713 1376 806 1407 ubera
823 1377 863 1408 tz'-

164 1435 238 1465 gres
260 1424 435 1465 Hyrcanae]
468 1425 591 1465 Papin.
613 1435 655 1458 ιι.
677 1426 772 1466 Sylv.
791 1427 799 1443 ‘
817 1426 862 1457 ci-

167 1477 234 1507 tius
248 1485 301 1506 me
315 1475 421 1514 Tigris
437 1475 568 1506 abactis
591 1475 742 1512 foetibus,
768 1477 863 1508 orba-

167 1526 262 1566 tique
294 1525 400 1556 velint
436 1524 553 1555 audire
592 1525 722 1556 Leones
736 1525 762 1556 :’
797 1536 864 1567 qua

167 1574 355 1607 imitatione
368 1574 456 1606 dixit
471 1575 504 1605 in
521 1583 592 1616 seq.
615 1584 725 1611 versu,
743 1576 752 1592 ⁴
765 1576 862 1607 Mau-

167 1625 262 1666 rique
285 1623 421 1660 leones:
438 1633 504 1655 uon
529 1625 658 1655 leaenae.
695 1625 751 1656 Sic
774 1626 864 1658 idem

168 1684 208 1707 x.
241 1673 345 1706 Theb.
366 1675 376 1691 ‘
393 1675 441 1705 sic
456 1683 578 1715 aspera
599 1674 693 1714 tigris
712 1675 863 1706 Foetibns

169 1724 344 1765 abreptis‚’
360 1728 394 1756 et
411 1734 484 1765 quae
501 1730 701 1765 sequuntur,
717 1729 727 1742 ‘
743 1725 865 1766 quibus

168 1775 271 1806 ubera
284 1774 431 1815 pascatz'
454 1774 509 1806 ubi
526 1784 588 1815 per
604 1775 719 1816 ubera,
732 1787 866 1814 μετωνυ-

169 1827 262 1864 μικῶς
289 1825 419 1866 prolem
450 1825 624 1856 intellexit
651 1825 798 1865 Noster3
830 1830 868 1857 ut

171 1875 287 1907 Graeci
313 1874 489 1914 σπλάγχνα
513 1874 630 1915 filium,
658 1875 747 1916 quod
778 1881 813 1907 et
836 1876 869 1907 in

172 1926 310 1957 somniis
333 1926 383 1956 ita
405 1926 547 1965 exponit
570 1925 805 1957 Artemidorus
821 1926 870 1958 O·

173 1975 259 2006 niro.
276 1983 377 2006 Lvnr.
391 1977 466 2006 262.
488 1975 696 2006 Dracontius
709 1976 773 2006 alia
786 1975 869 2016 figu-

173 2035 224 2064 ra,
260 2024 393 2055 ‘ubera
422 2024 534 2055 dulcia
561 2024 688 2061 musti,’
712 2024 800 2057 dixit
836 2025 869 2056 in

175 2073 344 2106 Hexae'm.

218 2127 281 2155 328
300 2123 390 2155 Jovis
412 2123 486 2162 igne
501 2123 628 2155 citatius
648 2122 750 2163 ambo]
775 2123 872 2154 Cele-

176 2173 311 2205 ritatem
353 2173 451 2205 variis
479 2174 713 2205 collationibus
753 2172 872 2205 Poetae

177 2227 401 2265 praesentant.
433 2223 662 2255 Claudianus:
686 2224 874 2264 ‘quantum

177 2273 404 2314 nonjaculum
419 2273 550 2313 Parthi,
562 2283 629 2304 non
646 2274 792 2314 impetus
807 2272 876 2304 An-

179 2324 254 2363 stri‚
268 2323 347 2355 Non
363 2323 439 2354 leve
453 2323 594 2354 solicitae
609 2322 770 2354 discurrit
784 2332 876 2354 men-

180 2376 223 2407 tis
237 2373 402 2406 acumen.'
437 2374 574 2405 Gratius
589 2384 597 2404 ι
620 2373 630 2391 ‘
643 2373 760 2414 Ocyor
775 2371 877 2405 affec·

180 2429 219 2457 tu
235 2423 358 2455 mentis
382 2423 552 2464 pinnaque
575 2422 748 2454 cucurrit.’
779 2423 876 2463 Virg.

180 2483 218 2506 x.
234 2473 365 2506 AEneid.
392 2474 402 2491 ‘
421 2473 536 2514 Ocyor
551 2473 722 2513 etjaculo,
746 2476 782 2503 et
798 2482 874 2503 ven-

181 2528 236 2556 tos
255 2528 414 2565 aequante
438 2521 588 2564 sagitta.'
611 2531 645 2554 v.
667 2521 800 2553 AEneid.
821 2522 880 2552 ‘et

183 2574 292 2606 ventis
308 2578 343 2605 et
358 2572 509 2604 fulminis
520 2581 623 2613 ocyor
635 2571 717 2604 alis?
743 2573 752 2588 ‘
765 2571 881 2612 Ocyor

183 2629 219 2656 et
235 2624 312 2655 coeli
328 2622 469 2655 flammis
485 2627 520 2655 et
536 2622 659 2664 tigride
675 2621 782 2654 freta!
814 2622 880 2653 Lu-

184 2684 261 2706 can.
280 2684 316 2706 v.
351 2675 471 2715 Papin.
489 2684 587 2715 quem
605 2677 721 2704 noster
735 2677 838 2712 amat,
855 2681 880 2703 1.

183 2724 290 2757 Theb.
324 2724 334 2742 ‘
352 2723 455 2756 Ilicet
479 2724 555 2764 igne
585 2723 680 2756 Jovis
707 2722 880 2764 lapsisque

186 2774 325 2806 citatior
350 2773 474 2806 astris?
511 2773 612 2805 Silius
640 2781 677 2804 x.
707 2772 881 2803 ‘velocius

187 2823 266 2855 inde
282 2824 463 2856 Haemonio
475 2825 587 2856 Borea
602 2832 778 2865 pennaque
796 2822 881 2853 cita-

190 2875 255 2906 tius
265 2874 357 2905 ibat)
380 2874 549 2906 Homerus
562 2874 687 2915 Odyss.
698 2878 733 2905 Η.
745 2875 809 2904 τῶν
819 2871 884 2904 νέες

274 2927 387 2969 Delph.
402 2931 434 2959 et
453 2927 528 2962 Var.
548 2928 632 2959 Clas.

779 2926 868 2959 Dict.
886 2926 971 2958 Cret.
985 2927 1037 2966 ἔμ’.

916 1376 1029 1412 ὠκεῖαι,
1055 1376 1127 1408 ὡσεὶ
1153 1378 1280 1418 πτερὸν,
1301 1376 1337 1414 ἠὲ
1366 1376 1474 1415 νόημα.
1511 1375 1614 1408 Silius

917 1436 977 1459 xv.
1013 1429 1022 1445 ‘
1042 1428 1090 1459 Ut
1115 1432 1259 1465 torrens,
1288 1433 1323 1458 ut
1351 1431 1551 1467 tempestas,
1577 1430 1616 1457 ut

916 1476 1050 1507 flamma
1074 1478 1202 1508 corusci
1227 1476 1400 1515 Fulminis,
1416 1480 1454 1506 ut
1469 1476 1616 1506 Boream

917 1531 1041 1566 pontus
1067 1525 1168 1566 fugit,
1198 1530 1236 1557 nt
1261 1535 1347 1556 cava
1373 1529 1514 1556 currunt
1545 1523 1618 1555 Nu-

919 1575 1007 1606 bila!
1036 1575 1245 1606 Prudentius
1257 1584 1440 1615 omnesque
1452 1573 1525 1605 fere
1539 1573 1619 1614 poe·

918 1627 961 1654 tae
985 1624 1083 1654 multi
1111 1624 1144 1654 in
1167 1623 1345 1655 celeritate
1369 1624 1426 1654 illa
1443 1621 1619 1663 signanda,

919 1674 1110 1715 praesertim
1128 1675 1260 1705 mentis.
1292 1673 1446 1705 Pisides:
1471 1674 1542 1704 νοῦς
1564 1685 1620 1704 τα-

919 1725 1073 1763 χύδρομος
1100 1725 1206 1763 φύσει,
1234 1726 1329 1755 1613.
1360 1723 1500 1755 Thales:
1528 1722 1559 1754 τὶ
1582 1722 1622 1753 τὸ

919 1772 1077 1814 τάχιστον
1099 1774 1181 1814 νοῦς,
1203 1773 1252 1805 διὰ
1273 1772 1389 1806 παντὸς
1410 1772 1472 1813 ’γὰρ
1499 1771 1622 1813 τρέχει.

922 1824 1178 1865 Amphilochius
1211 1822 1388 1865 ὠκύπτερον
1416 1823 1487 1854 νοῦν
1522 1827 1622 1854 vocat

921 1876 974 1905 48.
1010 1873 1098 1905 Vide
1122 1874 1275 1915 Oppian.
1305 1883 1341 1906 v.
1367 1873 1519 1904 Halieut.
1545 1875 1623 1904 660.

923 1923 1032 1964 adque
1057 1924 1147 1955 illum
1173 1923 1460 1955 Rittershusium:
1485 1926 1524 1953 ut
1547 1926 1582 1953 et
1599 1930 1622 1953 ι.

924 1972 1003 2005 Hal.
1028 1976 1104 2004 565.
1161 1973 1252 2004 Vide
1279 1973 1380 2004 etiarn
1408 1971 1559 2012 Lipsium
1591 1972 1625 2002 in

923 2022 1114 2054 Stoicorum
1136 2023 1283 2064 Physica
1306 2032 1363 2055 ιιι.
1386 2026 1439 2054 19.
1475 2023 1627 2055 Themis·

927 2072 1012 2103 tium
1024 2072 1123 2104 Orat.
1134 2081 1183 2105 vr.
1196 2083 1228 2113 p.
1237 2075 1313 2104 258.
1337 2073 1514 2113 Chrysost.
1527 2073 1561 2103 iu
1572 2081 1626 2104 xr.

927 2121 970 2153 ad
987 2122 1154 2154 Hebraeos
1165 2123 1267 2154 Hom.
1280 2124 1334 2154 27.
1345 2131 1380 2162 p.
1392 2124 1488 2154 1899.
1512 2121 1626 2153 Graeci

929 2172 1142 2204 celeritatem
1169 2173 1262 2203 illam
1292 2172 1487 2212 exprimunt
1513 2171 1629 2210 etiam,

928 2231 1004 2252 cum
1028 2223 1134 2262 aiunt,
1159 2221 1192 2251 ἐν
1217 2221 1291 2262 ῥιπῇ
1313 2220 1484 2260 ὀφθαλμοῦ,
1507 2220 1631 2261 στιγμῇ

928 2271 1053 2311 χρόνου.
1068 2272 1078 2289 ‘
1090 2271 1130 2302 In
1145 2277 1272 2311 puncto
1288 2272 1472 2311 temporis:
1495 2271 1630 2302 Cicero.

928 2320 980 2352 Ἐν
1001 2320 1111 2360 ἀκαρεῖ
1129 2321 1221 2362 ῥοπῇ.
1259 2321 1434 2361 Chrysost.
1461 2320 1494 2351 in
1522 2320 1628 2351 Matt.

930 2370 1092 2402 Hom.27.
1108 2371 1160 2402 Ἐν
1174 2370 1315 2412 ἇκαριαίᾳ
1327 2372 1433 2411 καιροῦ
1446 2371 1540 2411 ῥοπῇ,
1555 2371 1588 2401 in
1605 2379 1632 2403 1.

930 2420 972 2451 ad
990 2421 1146 2453 Galatas.
1166 2422 1219 2452 Ἐν
1234 2420 1432 2460 &repetiisti-piu
1443 2420 1629 2459 καταμῦσαι.

931 2471 1162 2502 Philostratus
1176 2471 1209 2502 in
1225 2471 1384 2502 Hernicis
1403 2480 1437 2509 p.
1452 2472 1528 2501 64⁷.

976 2524 1039 2553 332
1062 2521 1154 2554 Stare
1175 2525 1323 2561 negantes
1350 2521 1504 2560 Infraenos
1519 2520 1631 2562 impin-

931 2572 981 2611 git
994 2571 1101 2612 equos]
1123 2572 1181 2603 Ita
1196 2571 1388 2612 legendum,
1400 2580 1468 2602 non
1483 2571 1632 2612 infrenes,

935 2625 973 2652 ut
988 2621 1076 2652 male
1088 2621 1343 2662 conjunxerant.
1375 2620 1524 2652 Infrenis
1540 2621 1632 2653 enim

935 2680 1040 2712 equus
1052 2675 1106 2702 est
1117 2671 1274 2712 Virgilio,
1284 2671 1342 2713 qui
1354 2671 1542 2703 Claudiano
1557 2676 1566 2689 ‘
1579 2681 1635 2703 so·

934 2721 1032 2762 nipes
1047 2721 1184 2761 ignarus
1200 2720 1365 2761 habenae,’
1380 2721 1464 2753 Silio
1482 2722 1492 2738 ‘
1509 2720 1631 2753 doctus

936 2772 1060 2813 virgae:
1076 2771 1085 2786 ’
1108 2773 1226 2814 quales
1248 2771 1484 2805 Numidarum.
1520 2771 1635 2802 Dona-

936 2826 991 2854 tus
1022 2832 1102 2854 vero
1135 2823 1222 2854 male
1252 2822 1410 2864 exposuit
1436 2821 1632 2854 indomitos.

936 2872 1074 2904 Servius
1090 2873 1099 2891 ‘
1116 2871 1337 2915 asperrimos’
1351 2875 1460 2904 vocat.

1471 2925 1548 2957 21<
