1889 3194
477 341 622 371 ,1051AE

194 433 409 466 confinitimae
426 435 579 476 regiones
602 435 790 475 peruiciosa
806 443 884 465 con-

194 485 266 515 silia
282 484 460 516 adversum
475 486 609 525 Trojam
627 485 845 516 molirentur!

235 535 289 566 An
313 535 386 566 solis
410 535 462 575 qui
485 545 501 566 e
529 536 655 566 Groecz’a
681 535 768 574 sunl]
806 535 886 566 Imi-

193 588 300 615 tatum
334 594 376 615 ex
406 585 470 615 illis
508 585 646 615 Homeri
682 586 884 615 notissimis:

186 632 228 664 *H
247 635 354 672 μοῦνοι
368 633 508 673 φιλέουσ’
527 634 663 673 ἀλόχους
673 633 812 673 μερόπων
833 634 884 664 ἂν·

191 682 316 722 θρῶπων
328 683 498 723 Ἀτρεῖδαι;
524 685 552 714 Ε
569 684 640 723 quis
657 689 691 714 et
702 685 883 723 Virgilius:

190 736 199 749 ‘
217 733 292 764 Nec
309 734 397 763 solos
411 734 518 772 tangit
532 733 669 764 Atridas
687 734 754 765 rste
767 734 883 766 dolor.’

233 782 309 821 §26
333 783 453 822 Quippe
476 783 568 813 Crete
585 783 740 822 Europam
765 783 883 823 quidem

188 842 207 861 a
224 831 356 872 Sidone]
379 832 486 862 Vetus
498 834 633 872 querela
644 832 883 870 Asiaticorum,

189 881 297 911 relata
312 881 382 911 sive
398 881 542 911 conficta
558 881 601 911 ab
619 881 795 912 Herodoto
811 883 883 921 ipso

189 930 285 961 initio
311 930 471 969 historiae,
496 931 538 960 de
563 936 663 970 raptu
688 931 755 965 Ius,
778 932 882 963 Euro-

189 989 253 1019 ρκ’,
277 980 427 1017 Medeae,
456 980 550 1019 cnjus
580 979 758 1015 κακοήθειαν
786 986 882 1012 notat

187 1028 403 1060 Plutarchus.
432 1029 442 1045 ‘
460 1029 649 1059 Iolchorum
664 1029 672 1041 ’
692 1031 777 1060 bene
793 1029 881 1068 libri,

187 1087 266 1117 non,
282 1079 292 1095 ‘
305 1078 534 1109 Colchorum!

230 1129 266 1158 10
277 1138 316 1159 ex
332 1128 544 1169 Sidoniorum]
568 1128 694 1160 Contra
707 1134 779 1160 est:
805 1139 880 1160 nam

186 1176 226 1207 Io
251 1177 348 1217 Argis
369 1183 491 1208 avecta
515 1188 533 1208 a
556 1178 796 1209 Plroeuicibus:
821 1180 880 1209 sed

186 1232 303 1257 noster
319 1236 394 1257 cum
410 1227 483 1257 liaec
499 1227 683 1258 invenisset.
705 1228 792 1268 apud
811 1229 880 1259 He-

186 1275 356 1314 rodotum,
381 1277 512 1315 putavit
535 1286 578 1307 ex
601 1286 743 1316 persona
763 1278 881 1318 Troja-

184 1335 302 1356 norum
321 1326 489 1361 mutanda,
506 1331 542 1356 ut
562 1336 697 1356 causam
715 1336 806 1357 suam
823 1336 881 1366 ap-

186 1374 384 1415 probarent,
403 1385 500 1415 quam
524 1385 639 1407 omnes
659 1376 802 1407 Asiatici
824 1376 882 1406 de-

185 1423 373 1456 fendebant
396 1426 512 1455 eodem
541 1425 650 1460 modo,
667 1427 759 1466 quasi
783 1426 880 1457 Grae-

184 1474 232 1505 cis
247 1476 359 1514 χειρῶν
373 1474 483 1505 ἀδίκων
495 1474 680 1514 ἀρξαμένοις.
708 1475 829 1515 Itaque
845 1480 881 1506 et

183 1526 239 1566 qui
258 1526 393 1556 Daretis
410 1526 543 1556 nomine
558 1526 742 1566 Trojanum
758 1526 879 1556 bellum

181 1576 328 1615 scripsit,
352 1576 393 1606 ab
412 1576 644 1616 Argonautica
661 1576 879 1615 expeditione

183 1625 378 1665 iujuriarum
403 1626 535 1656 initium
561 1628 702 1665 repetit,
730 1625 806 1656 dein
835 1626 878 1656 ab

182 1675 336 1706 insecuta
357 1675 515 1706 Hesionae
532 1675 708 1706 servitute.

225 1725 242 1765 ς
258 1727 299 1755 27
323 1725 467 1755 Botiram
485 1725 670 1765 Cillamque]
693 1725 733 1756 In
751 1726 878 1756 Danie-

182 1774 223 1804 lis
240 1774 325 1805 libro
343 1776 352 1791 ⁴
366 1775 516 1805 Betiram
529 1775 550 1805 ε’
574 1775 616 1805 de
643 1785 707 1814 qua
731 1776 812 1806 nihil
830 1776 877 1806 iu-

184 1825 271 1855 veni.
323 1824 370 1855 At
401 1825 488 1856 Ciua
515 1830 595 1855 nota
625 1835 667 1856 ex
704 1826 875 1856 Homero:

174 1872 235 1905 ⁶05
248 1872 374 1914 Χρύσην
384 1873 618 1913 ἀμφιβέβηκας,
629 1874 752 1905 Κίλλαν
769 1887 804 1905 τε
822 1873 877 1914 ζα-

183 1921 265 1960 θέην.
310 1924 361 1954 Ex
385 1923 504 1953 eodem
529 1928 608 1953 nota
627 1923 748 1954 Arisba
765 1930 799 1954 et
816 1925 878 1954 La-

183 1973 284 2010 rissa3
316 1982 357 2003 ex
396 1973 619 2012 Geographis,
651 1973 806 2012 Gargara
843 1977 878 2003 et

180 2022 327 2062 Scepsis,
375 2022 441 2053 Pro
456 2024 465 2038 ‘
479 2021 701 2060 Gergitham,’
713 2022 879 2052 edebatur

182 2073 295 2111 vulgo,
314 2073 323 2088 ‘
336 2071 505 2109 gemtem!
549 2071 655 2108 Libri,
678 2075 687 2088 ⁴
702 2077 840 2111 gentum
855 2070 878 2102 :’

183 2131 248 2162 quo
275 2121 342 2152 feci
370 2121 379 2137 ‘
396 2121 622 2160 Gergitham,’
645 2131 743 2162 quam
772 2130 878 2162 prope

179 2171 332 2211 Scepsim
351 2172 462 2201 locant
479 2176 611 2201 veteres
628 2171 834 2210 Geograplii.

224 2221 295 2260 §30
318 2220 447 2259 Adigie]
471 2219 527 2250 Ita
543 2220 669 2259 optime
686 2220 776 2250 libri.

224 2273 242 2312 ᾗ
257 2274 296 2301 31
325 2270 501 2302 Pertinacia
517 2270 625 2310 animi,
640 2281 679 2301 un
695 2271 731 2301 eb
746 2281 878 2302 amorem

181 2320 327 2362 captivae]
353 2321 408 2351 Ita
425 2326 519 2351 recte
535 2320 621 2351 libri.
660 2321 791 2351 Similes
809 2321 876 2350 ele·

183 2372 315 2411 gantias
330 2370 520 2401 notavimus
543 2379 656 2410 supra.
700 2370 739 2399 Iu
759 2370 875 2400 iisdem

181 2427 289 2459 recte,
312 2423 321 2438 ‘
336 2427 459 2451 cuncta
482 2424 635 2449 extrema
657 2424 748 2449 ratus
773 2428 875 2459 expe-

181 2470 267 2502 riri.'

225 2522 296 2561 §32
320 2520 359 2550 In
371 2517 576 2559 aliquantum]
599 2517 654 2548 Ita
670 2517 760 2557 libii,
774 2523 808 2548 et
827 2517 875 2548 sic

181 2579 274 2610 saepe
291 2569 429 2607 Noster,
445 2579 463 2598 a
482 2567 577 2608 cujus
594 2567 716 2597 saeculo
736 2576 801 2597 non
824 2571 876 2598 est

180 2619 347 2660 exigenda
364 2618 476 2650 Latini
492 2617 655 2648 sermonis
672 2617 812 2656 puritas.

222 2672 296 2710 §35
323 2669 478 2705 Tawhone,
503 2677 543 2697 an
567 2667 776 2697 recordatione
806 2675 875 2696 suo-

180 2720 264 2760 rum]
287 2719 393 2749 Totus
408 2718 462 2748 hic
479 2718 570 2748 locus
585 2717 708 2746 misere
722 2715 875 2746 turbatus

181 2774 255 2800 erat
272 2773 339 2799 tam
357 2769 388 2797 in
406 2767 549 2806 vulgatis
575 2775 672 2806 quam
691 2765 725 2795 in
741 2764 875 2804 scriptis

180 2819 286 2850 libris.
331 2817 538 2849 Concinnavi
568 2817 746 2846 lectionem
775 2825 874 2856 quam

181 2869 286 2900 editio
301 2869 373 2899 haec
391 2870 625 2908 repraesentat.
650 2866 875 2906 Corrumpen-

656 341 874 372 MERCERI
909 342 1048 372 NOTAE

1081 342 1130 371 1N
1166 342 1261 372 ωΒ.
1295 343 1346 373 11.
1549 333 1633 375 587

935 434 978 465 do
1001 434 1075 465 loco
1095 434 1162 465 duo
1186 433 1344 474 fuerunt3
1368 435 1511 476 primum
1538 437 1628 477 quod

935 494 1000 515 non
1018 485 1199 524 capiebant
1222 486 1424 525 elegantiam
1446 486 1544 526 hujus
1561 496 1631 517 ser·

935 533 1055 572 monis,
1084 534 1093 551 ‘
1116 534 1261 564 tadione
1294 544 1335 565 an
1374 535 1631 575 recordatione,’

935 592 1034 622 quam
1057 582 1181 623 ubique
1201 583 1278 614 mali
1304 584 1452 614 editores
1470 594 1631 624 corrupe-

936 636 1021 671 rant,
1037 637 1074 663 ut
1088 632 1232 663 diximus
1260 643 1387 673 supra3
1414 635 1555 665 alterum
1581 634 1631 674 ig-

935 682 1066 713 noratio
1077 682 1224 723 autiquae
1234 683 1334 721 vocis,
1348 683 1357 700 ‘
1367 683 1632 722 domuitionem,'

935 740 1032 770 quam
1060 735 1096 761 et
1121 741 1224 770 supra
1249 731 1505 771 explicavimus.
1551 733 1628 764 Non

933 781 1069 812 dubium
1086 786 1137 812 est
1152 782 1232 822 quin
1247 782 1319 813 haec
1335 783 1379 813 sit
1396 783 1539 822 genuina
1551 792 1628 815 auc-

934 832 1016 862 toris
1032 831 1214 870 scriptura.

976 881 1124 921 Adicere]
1150 881 1206 911 Ita
1232 880 1317 911 liber
1340 881 1513 913 Danielis:
1540 882 1627 912 anti-

933 940 998 970 qua
1014 931 1165 970 scriptio,
1176 939 1236 970 pro
1251 932 1261 947 ⁴
1274 930 1422 971 adjicere
1437 931 1458 968 3’
1482 941 1581 972 quam
1595 932 1628 962 in

932 979 1086 1010 omnibus
1112 980 1249 1019 optimae
1276 985 1366 1010 notae
1393 980 1485 1010 libris
1513 980 1628 1011 iuven-

933 1033 1000 1059 tam
1017 1029 1078 1059 viri
1096 1029 1187 1059 docti
1205 1033 1384 1060 testantur.
1421 1029 1566 1061 Poterat
1579 1034 1627 1060 ta-

932 1087 1007 1108 men
1025 1077 1107 1109 ferri
1123 1087 1198 1108 cum
1215 1078 1359 1119 vulgatis
1378 1083 1413 1110 et
1435 1080 1544 1110 altero
1559 1089 1627 1111 ma-

931 1127 1116 1166 nuscripto,
1130 1128 1140 1144 ‘
1154 1127 1312 1159 edicere?

975 1176 1100 1206 Primus
1111 1175 1228 1216 igitur]
1254 1176 1299 1206 Et
1320 1176 1375 1207 hic
1392 1177 1567 1217 catalogus
1583 1177 1627 1208 ab

932 1225 1095 1263 Homero,
1111 1230 1148 1256 ut
1165 1225 1327 1266 pleraque
1344 1225 1421 1257 alia.

975 1276 1142 1306 Pandarus
1156 1275 1294 1316 Lycaone
1306 1276 1443 1315 genitus,
1459 1286 1499 1308 ex
1512 1277 1628 1318 Lycia]

933 1326 980 1357 At
1008 1326 1175 1356 Homerus
1204 1325 1299 1356 Zelia
1323 1325 1499 1356 oriundum
1529 1327 1629 1366 dicit,

931 1374 993 1405 sub
1009 1379 1194 1405 extremum
1215 1374 1287 1405 111ae
1312 1374 1445 1414 pedem.
1487 1375 1627 1407 Scilicet

932 1425 1060 1464 duplex
1077 1424 1181 1465 Lycia
1194 1424 1344 1454 Homero
1359 1433 1369 1461 3
1392 1425 1501 1455 altera
1514 1426 1627 1466 proxi·

932 1483 986 1504 ma
1001 1473 1124 1508 Cariae,
1140 1474 1172 1503 in
1188 1483 1254 1514 qua
1277 1473 1435 1504 Xanthus
1457 1473 1590 1514 fluvius,
1606 1485 1627 1506 e

931 1532 997 1563 qua
1011 1523 1241 1562 Sarpedonem
1255 1529 1288 1554 et
1303 1523 1466 1554 Glaucum
1480 1524 1603 1555 emittit
1618 1535 1628 1564 ;

931 1572 1036 1602 altera
1053 1571 1114 1602 sub
1131 1572 1194 1602 Ida
1211 1574 1364 1612 proxima
1377 1574 1522 1605 Troadi:
1546 1584 1624 1605 nam

929 1627 964 1653 et
978 1622 1021 1653 de
1034 1622 1194 1653 Pandaro
1209 1622 1308 1654 Hom.
1331 1623 1371 1654 11.
1385 1627 1419 1655 E.
1442 1623 1626 1664 Ἀπορνύμε-

929 1684 982 1703 νον
993 1671 1151 1709 Λυκίηθεν.
1196 1673 1278 1704 Οὔτε
1293 1685 1341 1704 τις
1356 1674 1389 1704 ἐν
1407 1673 1502 1716 Λυκίῃ
1525 1674 1578 1706 σέο
1591 1675 1626 1714 ’γ’

929 1723 1056 1761 εὔχεται
1071 1721 1146 1754 εἶναι
1161 1722 1300 1762 ἀμείνων.
1345 1724 1430 1755 Ideo
1444 1735 1544 1766 quum
1560 1726 1626 1766 Ly-

928 1773 1012 1804 ciam
1028 1773 1231 1814 Sarpedonis
1244 1774 1409 1813 nominat,
1420 1775 1517 1806 addit
1530 1774 1626 1812 τηλό-

928 1825 979 1854 θεν
992 1823 1026 1853 ἐκ
1040 1821 1162 1861 Λυκίης,
1178 1824 1253 1864 qnia
1270 1834 1309 1854 ea
1326 1825 1551 1866 longinquior.

975 1873 1170 1913 Hippothous
1184 1873 1290 1914 Pylai]
1302 1874 1356 1905 Ita
1369 1875 1459 1905 libri.
1483 1874 1625 1906 Scilicet

929 1923 1015 1954 male
1036 1924 1167 1963 legerat
1183 1933 1315 1954 versum
1336 1924 1491 1963 Homeri,
1507 1924 1538 1955 in
1557 1934 1624 1965 quo

931 1973 1147 2013 Hippothous
1166 1979 1201 2005 et
1219 1974 1355 2014 Pylaeus
1371 1974 1429 2005 filii
1445 1975 1542 2006 Lethi
1561 1976 1625 2005 Pe-

929 2022 1037 2061 lasgi:
1064 2024 1129 2053 Τῶν
1150 2021 1222 2062 ἦρχ’
1245 2022 1406 2054 ’Ῑππόθοός
1427 2035 1476 2061 τε,
1491 2022 1625 2054 Πύλαιός

929 2071 957 2101 τ’
971 2070 1039 2110 ὄζος
1047 2071 1172 2113 Ἄρηος,
1186 2071 1238 2104 'rie
1259 2071 1318 2103 δύω
1329 2072 1439 2110 Λήθοιο
1455 2074 1623 2112 Πελασγοῦ

927 2121 1127 2160 Τευταμίδαο.

969 2171 1104 2204 Acamas
1118 2173 1292 2212 umeriplem
1305 2172 1424 2213 piros*]
1452 2172 1519 2204 Hic
1535 2173 1623 2204 Aca-

929 2230 998 2251 mas
1022 2221 1160 2252 Eussori
1178 2221 1266 2252 filius
1291 2221 1450 2259 Homero,
1467 2221 1622 2252 diversus

928 2269 970 2300 ab
1003 2269 1189 2300 Acamante
1216 2269 1410 2305 Antenoris,
1441 2275 1475 2301 et
1513 2270 1622 2301 altero

927 2318 1114 2350 Acamante
1134 2319 1215 2350 Asii.
1246 2320 1345 2350 Piros
1362 2319 1505 2351 Imbrasi
1523 2320 1622 2352 filius.

927 2369 1080 2408 Uterque
1095 2369 1243 2399 Thraces
1256 2368 1397 2399 duxere.

973 2418 1074 2448 Odius
1089 2420 1120 2448 et
1137 2417 1354 2458 Epistrophus]
1377 2418 1434 2449 Ita
1449 2419 1539 2458 libri,
1554 2429 1620 2451 non

927 2467 1021 2498 Dius.
1067 2467 1190 2498 Errant
1203 2468 1258 2508 qui
1274 2468 1305 2497 in
1320 2468 1483 2507 Catalogo
1500 2471 1621 2500 rescri-

928 2516 1026 2553 bunt,
1043 2515 1059 2545 ὁ
1074 2514 1169 2547 Atos:
1194 2516 1304 2556 arguit
1319 2517 1391 2556 ipse
1405 2517 1508 2549 Hom.
1525 2518 1568 2549 ΙΙ.
1584 2522 1620 2550 Ε.

926 2564 1041 2606 Ἀρχὸν
1063 2565 1239 2605 Ἁλιζώνων
1258 2565 1364 2597 Ὀδίον
1379 2566 1480 2606 μέγαν
1505 2567 1621 2604 ἔκβαλε

925 2614 1041 2656 δίφρου.
1084 2616 1168 2646 Mox
1194 2615 1315 2651 scribe,
1340 2617 1349 2634 ‘
1367 2616 1543 2648 Alizonum
1570 2627 1621 2649 re-

926 2663 1007 2704 ges!

969 2715 1022 2744 Ex
1033 2713 1169 2753 Solemo]
1195 2713 1455 2753 corruptissime
1468 2714 1541 2746 haec
1551 2725 1621 2747 om-

925 2764 981 2794 nia
1011 2763 1043 2793 in
1071 2763 1171 2794 editis
1197 2768 1234 2794 et
1259 2764 1409 2804 scriptis.
1437 2765 1447 2781 ‘
1464 2765 1516 2795 Ex
1547 2767 1620 2797 sole

925 2817 1094 2844 monastes
1111 2816 1147 2842 et
1162 2810 1421 2852 Amphimachus
1446 2813 1620 2846 Nomionis

925 2862 967 2893 de
984 2861 1105 2894 Caria.’
1148 2862 1318 2894 Solemum
1342 2863 1425 2894 dicit
1447 2872 1507 2904 pro
1523 2863 1620 2905 Soly-
