<?xml version="1.0" encoding="UTF-8"?>
<!DOCTYPE html PUBLIC "-//W3C//DTD XHTML 1.0 Transitional//EN"
    "http://www.w3.org/TR/xhtml1/DTD/xhtml1-transitional.dtd">
<html xmlns="http://www.w3.org/1999/xhtml" xml:lang="en" lang="en">
 <head>
  <title>
</title>
<meta http-equiv="Content-Type" content="text/html;charset=utf-8" />
  <meta name='ocr-system' content='tesseract 3.04.00' />
  <meta name='ocr-capabilities' content='ocr_page ocr_carea ocr_par ocr_line ocrx_word'/>
</head>
<body>
  <div class='ocr_page' id='page_1' title='image "./dictyscretensise02dictuoft_0028.png"; bbox 0 0 1889 3194; ppageno 0'>
   <div class='ocr_carea' id='block_1_1' title="bbox 279 276 364 318">
    <p class='ocr_par' dir='ltr' id='par_1_1' title="bbox 279 276 364 318">
     <span class='ocr_line' id='line_1_1' title="bbox 279 276 364 318; baseline 0 0"><span class='ocrx_word' id='word_1_1' title='bbox 279 276 364 318; x_wconf 72' lang='lat'><strong>372</strong></span> 
     </span>
    </p>
   </div>
   <div class='ocr_carea' id='block_1_2' title="bbox 280 382 1380 442">
    <p class='ocr_par' dir='ltr' id='par_1_2' title="bbox 280 382 1380 442">
     <span class='ocr_line' id='line_1_2' title="bbox 280 382 1380 442; baseline 0.006 -20"><span class='ocrx_word' id='word_1_2' title='bbox 280 382 406 424; x_wconf 87' lang='lat' dir='ltr'><strong>Tunc</strong></span> <span class='ocrx_word' id='word_1_3' title='bbox 427 383 604 437; x_wconf 85' lang='lat' dir='ltr'><strong>dignum</strong></span> <span class='ocrx_word' id='word_1_4' title='bbox 625 385 792 440; x_wconf 83' lang='lat' dir='ltr'><strong>majore</strong></span> <span class='ocrx_word' id='word_1_5' title='bbox 812 389 936 438; x_wconf 87' lang='lat' dir='ltr'><strong>tuba,</strong></span> <span class='ocrx_word' id='word_1_6' title='bbox 958 394 1059 430; x_wconf 89' lang='lat' dir='ltr'><strong>tunc</strong></span> <span class='ocrx_word' id='word_1_7' title='bbox 1083 393 1264 442; x_wconf 86' lang='lat' dir='ltr'>pectore</span> <span class='ocrx_word' id='word_1_8' title='bbox 1285 392 1380 430; x_wconf 90' lang='lat' dir='ltr'><strong>toto</strong></span> 
     </span>
    </p>
   </div>
   <div class='ocr_carea' id='block_1_3' title="bbox 799 291 1197 325">
    <p class='ocr_par' dir='ltr' id='par_1_3' title="bbox 799 291 1197 325">
     <span class='ocr_line' id='line_1_3' title="bbox 799 291 1197 325; baseline 0.003 -3"><span class='ocrx_word' id='word_1_9' title='bbox 799 291 999 324; x_wconf 81' lang='lat' dir='ltr'><strong>JOSEPffl</strong></span> <span class='ocrx_word' id='word_1_10' title='bbox 1035 294 1197 325; x_wconf 87' lang='lat' dir='ltr'><strong>ISCANl</strong></span> 
     </span>
    </p>
   </div>
   <div class='ocr_carea' id='block_1_4' title="bbox 1665 393 1721 433">
    <p class='ocr_par' dir='ltr' id='par_1_4' title="bbox 1665 393 1721 433">
     <span class='ocr_line' id='line_1_4' title="bbox 1665 393 1721 433; baseline 0.018 -1"><span class='ocrx_word' id='word_1_11' title='bbox 1665 393 1721 433; x_wconf 84' lang='lat'><strong>50</strong></span> 
     </span>
    </p>
   </div>
   <div class='ocr_carea' id='block_1_5' title="bbox 276 449 1470 709">
    <p class='ocr_par' dir='ltr' id='par_1_5' title="bbox 281 449 1470 574">
     <span class='ocr_line' id='line_1_5' title="bbox 281 449 1470 508; baseline 0.006 -19"><span class='ocrx_word' id='word_1_12' title='bbox 281 449 428 498; x_wconf 89' lang='lat' dir='ltr'><strong>Nitar,</strong></span> <span class='ocrx_word' id='word_1_13' title='bbox 448 456 494 491; x_wconf 90' lang='lat' dir='ltr'><strong>et</strong></span> <span class='ocrx_word' id='word_1_14' title='bbox 513 452 772 495; x_wconf 89' lang='lat' dir='ltr'><strong>immensum</strong></span> <span class='ocrx_word' id='word_1_15' title='bbox 791 467 965 496; x_wconf 90' lang='lat' dir='ltr'><strong>mecum</strong></span> <span class='ocrx_word' id='word_1_16' title='bbox 985 468 1186 508; x_wconf 86' lang='lat' dir='ltr'><strong>spargere</strong></span> <span class='ocrx_word' id='word_1_17' title='bbox 1209 467 1287 508; x_wconf 89' lang='lat' dir='ltr'><strong>per</strong></span> <span class='ocrx_word' id='word_1_18' title='bbox 1305 456 1470 497; x_wconf 90' lang='lat' dir='ltr'><strong>orbem.</strong></span> 
     </span>
     <span class='ocr_line' id='line_1_6' title="bbox 338 517 1359 574; baseline 0.006 -17"><span class='ocrx_word' id='word_1_19' title='bbox 338 517 524 559; x_wconf 83' lang='lat' dir='ltr'><strong>Luserat</strong></span> <span class='ocrx_word' id='word_1_20' title='bbox 543 520 760 562; x_wconf 83' lang='lat' dir='ltr'><strong>omnificae</strong></span> <span class='ocrx_word' id='word_1_21' title='bbox 784 522 1009 574; x_wconf 86' lang='lat' dir='ltr'><strong>quondam</strong></span> <span class='ocrx_word' id='word_1_22' title='bbox 1030 522 1210 563; x_wconf 85' lang='lat' dir='ltr'><strong>solertia</strong></span> <span class='ocrx_word' id='word_1_23' title='bbox 1227 534 1359 572; x_wconf 70' lang='lat' dir='ltr'><strong>curae,</strong></span> 
     </span>
    </p>

    <p class='ocr_par' dir='ltr' id='par_1_6' title="bbox 278 585 1194 641">
     <span class='ocr_line' id='line_1_7' title="bbox 278 585 1194 641; baseline 0.004 -16"><span class='ocrx_word' id='word_1_24' title='bbox 278 585 464 638; x_wconf 84' lang='lat' dir='ltr'><strong>Ignotas</strong></span> <span class='ocrx_word' id='word_1_25' title='bbox 484 586 637 629; x_wconf 88' lang='lat' dir='ltr'><strong>molita</strong></span> <span class='ocrx_word' id='word_1_26' title='bbox 656 592 789 638; x_wconf 85' lang='lat' dir='ltr'><strong>rates,</strong></span> <span class='ocrx_word' id='word_1_27' title='bbox 811 588 995 641; x_wconf 82' lang='lat' dir='ltr'><strong>aurique</strong></span> <span class='ocrx_word' id='word_1_28' title='bbox 1016 587 1194 641; x_wconf 88' lang='lat' dir='ltr'><strong>cupido,</strong></span> 
     </span>
    </p>

    <p class='ocr_par' dir='ltr' id='par_1_7' title="bbox 276 650 1466 709">
     <span class='ocr_line' id='line_1_8' title="bbox 276 650 1466 709; baseline 0.003 -17"><span class='ocrx_word' id='word_1_29' title='bbox 276 650 480 695; x_wconf 90' lang='lat' dir='ltr'><strong>Audendi</strong></span> <span class='ocrx_word' id='word_1_30' title='bbox 498 659 770 708; x_wconf 84' lang='lat' dir='ltr'><strong>transgressa</strong></span> <span class='ocrx_word' id='word_1_31' title='bbox 788 655 982 705; x_wconf 91' lang='lat' dir='ltr'><strong>modum,</strong></span> <span class='ocrx_word' id='word_1_32' title='bbox 1003 659 1119 696; x_wconf 86' lang='lat' dir='ltr'><strong>trans</strong></span> <span class='ocrx_word' id='word_1_33' title='bbox 1137 668 1315 709; x_wconf 79' lang='lat' dir='ltr'><strong>aequora</strong></span> <span class='ocrx_word' id='word_1_34' title='bbox 1334 655 1466 704; x_wconf 82' lang='lat' dir='ltr'><strong>misit,</strong></span> 
     </span>
    </p>
   </div>
   <div class='ocr_carea' id='block_1_6' title="bbox 278 717 1522 776">
    <p class='ocr_par' dir='ltr' id='par_1_8' title="bbox 278 717 1522 776">
     <span class='ocr_line' id='line_1_9' title="bbox 278 717 1522 776; baseline 0.002 -16"><span class='ocrx_word' id='word_1_35' title='bbox 278 717 367 768; x_wconf 82' lang='lat' dir='ltr'><strong>Qui</strong></span> <span class='ocrx_word' id='word_1_36' title='bbox 389 726 595 774; x_wconf 85' lang='lat' dir='ltr'><strong>caperent</strong></span> <span class='ocrx_word' id='word_1_37' title='bbox 612 722 842 771; x_wconf 83' lang='lat' dir='ltr'><strong>thalamos,</strong></span> <span class='ocrx_word' id='word_1_38' title='bbox 865 723 1108 775; x_wconf 85' lang='lat' dir='ltr'><strong>spoliarent</strong></span> <span class='ocrx_word' id='word_1_39' title='bbox 1127 723 1293 776; x_wconf 86' lang='lat' dir='ltr'><strong>templa</strong></span> <span class='ocrx_word' id='word_1_40' title='bbox 1313 722 1522 763; x_wconf 84' lang='lat' dir='ltr'><strong>metallis.</strong></span> 
     </span>
    </p>
   </div>
   <div class='ocr_carea' id='block_1_7' title="bbox 1662 723 1719 763">
    <p class='ocr_par' dir='ltr' id='par_1_9' title="bbox 1662 723 1719 763">
     <span class='ocr_line' id='line_1_10' title="bbox 1662 723 1719 763; baseline 0 0"><span class='ocrx_word' id='word_1_41' title='bbox 1662 723 1719 763; x_wconf 86' lang='lat'><strong>55</strong></span> 
     </span>
    </p>
   </div>
   <div class='ocr_carea' id='block_1_8' title="bbox 275 784 1592 1045">
    <p class='ocr_par' dir='ltr' id='par_1_10' title="bbox 276 784 1214 832">
     <span class='ocr_line' id='line_1_11' title="bbox 276 784 1214 832; baseline 0.006 -7"><span class='ocrx_word' id='word_1_42' title='bbox 276 784 450 827; x_wconf 82' lang='lat' dir='ltr'><strong>Siccine</strong></span> <span class='ocrx_word' id='word_1_43' title='bbox 469 789 665 829; x_wconf 86' lang='lat' dir='ltr'><strong>mortalis</strong></span> <span class='ocrx_word' id='word_1_44' title='bbox 686 787 817 829; x_wconf 91' lang='lat' dir='ltr'><strong>finem</strong></span> <span class='ocrx_word' id='word_1_45' title='bbox 839 789 1016 830; x_wconf 84' lang='lat' dir='ltr'><strong>metitur</strong></span> <span class='ocrx_word' id='word_1_46' title='bbox 1034 790 1214 832; x_wconf 73' lang='lat' dir='ltr'><strong>hiatus?</strong></span> 
     </span>
    </p>

    <p class='ocr_par' dir='ltr' id='par_1_11' title="bbox 276 851 1354 908">
     <span class='ocr_line' id='line_1_12' title="bbox 276 851 1354 908; baseline 0.007 -18"><span class='ocrx_word' id='word_1_47' title='bbox 276 851 453 904; x_wconf 85' lang='lat' dir='ltr'><strong>Egestae</strong></span> <span class='ocrx_word' id='word_1_48' title='bbox 477 854 542 895; x_wconf 92' lang='lat' dir='ltr'><strong>sic</strong></span> <span class='ocrx_word' id='word_1_49' title='bbox 568 855 679 895; x_wconf 87' lang='lat' dir='ltr'><strong>Ditis</strong></span> <span class='ocrx_word' id='word_1_50' title='bbox 700 866 826 908; x_wconf 86' lang='lat' dir='ltr'><strong>opes,</strong></span> <span class='ocrx_word' id='word_1_51' title='bbox 847 868 960 908; x_wconf 85' lang='lat' dir='ltr'><strong>quas</strong></span> <span class='ocrx_word' id='word_1_52' title='bbox 977 857 1169 897; x_wconf 81' lang='lat' dir='ltr'><strong>ambitus</strong></span> <span class='ocrx_word' id='word_1_53' title='bbox 1191 857 1354 907; x_wconf 81' lang='lat' dir='ltr'><strong>audax,</strong></span> 
     </span>
    </p>

    <p class='ocr_par' dir='ltr' id='par_1_12' title="bbox 275 918 1592 1045">
     <span class='ocr_line' id='line_1_13' title="bbox 277 918 1450 978; baseline 0.007 -20"><span class='ocrx_word' id='word_1_54' title='bbox 277 918 401 969; x_wconf 86' lang='lat' dir='ltr'><strong>Quas</strong></span> <span class='ocrx_word' id='word_1_55' title='bbox 423 920 575 973; x_wconf 84' lang='lat' dir='ltr'><strong>praedo</strong></span> <span class='ocrx_word' id='word_1_56' title='bbox 596 921 768 973; x_wconf 82' lang='lat' dir='ltr'><strong>pallens</strong></span> <span class='ocrx_word' id='word_1_57' title='bbox 791 921 955 976; x_wconf 81' lang='lat' dir='ltr'><strong>Stygiis</strong></span> <span class='ocrx_word' id='word_1_58' title='bbox 973 927 1204 978; x_wconf 82' lang='lat' dir='ltr'><strong>extorquet</strong></span> <span class='ocrx_word' id='word_1_59' title='bbox 1223 925 1278 965; x_wconf 84' lang='lat' dir='ltr'><strong>ab</strong></span> <span class='ocrx_word' id='word_1_60' title='bbox 1299 925 1450 974; x_wconf 82' lang='lat' dir='ltr'><strong>antris,</strong></span> 
     </span>
     <span class='ocr_line' id='line_1_14' title="bbox 275 985 1592 1045; baseline 0.005 -20"><span class='ocrx_word' id='word_1_61' title='bbox 275 985 536 1027; x_wconf 72' lang='lat' dir='ltr'><strong>Sufficiunt?</strong></span> <span class='ocrx_word' id='word_1_62' title='bbox 569 987 642 1028; x_wconf 89' lang='lat' dir='ltr'><strong>cui</strong></span> <span class='ocrx_word' id='word_1_63' title='bbox 657 987 752 1041; x_wconf 86' lang='lat' dir='ltr'><strong>jam</strong></span> <span class='ocrx_word' id='word_1_64' title='bbox 773 990 884 1030; x_wconf 86' lang='lat' dir='ltr'><strong>satis</strong></span> <span class='ocrx_word' id='word_1_65' title='bbox 905 994 988 1040; x_wconf 91' lang='lat' dir='ltr'><strong>est,</strong></span> <span class='ocrx_word' id='word_1_66' title='bbox 1007 991 1121 1043; x_wconf 93' lang='lat' dir='ltr'><strong>quod</strong></span> <span class='ocrx_word' id='word_1_67' title='bbox 1142 1004 1288 1045; x_wconf 86' lang='lat' dir='ltr'><strong>regna,</strong></span> <span class='ocrx_word' id='word_1_68' title='bbox 1308 992 1423 1045; x_wconf 90' lang='lat' dir='ltr'><strong>quod</strong></span> <span class='ocrx_word' id='word_1_69' title='bbox 1445 992 1592 1041; x_wconf 87' lang='lat' dir='ltr'><strong>urbes,</strong></span> 
     </span>
    </p>
   </div>
   <div class='ocr_carea' id='block_1_9' title="bbox 274 1053 1416 1111">
    <p class='ocr_par' dir='ltr' id='par_1_13' title="bbox 274 1053 1416 1111">
     <span class='ocr_line' id='line_1_15' title="bbox 274 1053 1416 1111; baseline 0.005 -18"><span class='ocrx_word' id='word_1_70' title='bbox 274 1053 468 1106; x_wconf 86' lang='lat' dir='ltr'><strong>Ipsaque</strong></span> <span class='ocrx_word' id='word_1_71' title='bbox 488 1053 606 1107; x_wconf 90' lang='lat' dir='ltr'><strong>quod</strong></span> <span class='ocrx_word' id='word_1_72' title='bbox 627 1059 803 1108; x_wconf 88' lang='lat' dir='ltr'><strong>pateant</strong></span> <span class='ocrx_word' id='word_1_73' title='bbox 823 1056 1043 1109; x_wconf 83' lang='lat' dir='ltr'><strong>rapiendis</strong></span> <span class='ocrx_word' id='word_1_74' title='bbox 1059 1056 1241 1098; x_wconf 86' lang='lat' dir='ltr'><strong>Tartara</strong></span> <span class='ocrx_word' id='word_1_75' title='bbox 1261 1058 1381 1111; x_wconf 87' lang='lat' dir='ltr'><strong>gazis</strong></span> <span class='ocrx_word' id='word_1_76' title='bbox 1397 1059 1416 1098; x_wconf 73' lang='lat' dir='ltr'><strong>&#39;l</strong></span> 
     </span>
    </p>
   </div>
   <div class='ocr_carea' id='block_1_10' title="bbox 1659 1056 1716 1098">
    <p class='ocr_par' dir='ltr' id='par_1_14' title="bbox 1659 1056 1716 1098">
     <span class='ocr_line' id='line_1_16' title="bbox 1659 1056 1716 1098; baseline 0.018 -1"><span class='ocrx_word' id='word_1_77' title='bbox 1659 1056 1716 1098; x_wconf 90' lang='lat'><strong>60</strong></span> 
     </span>
    </p>
   </div>
   <div class='ocr_carea' id='block_1_11' title="bbox 274 1119 1346 1308">
    <p class='ocr_par' dir='ltr' id='par_1_15' title="bbox 274 1119 1346 1308">
     <span class='ocr_line' id='line_1_17' title="bbox 274 1119 1274 1177; baseline 0.006 -18"><span class='ocrx_word' id='word_1_78' title='bbox 274 1119 371 1160; x_wconf 92' lang='lat' dir='ltr'><strong>Itur</strong></span> <span class='ocrx_word' id='word_1_79' title='bbox 391 1121 434 1160; x_wconf 91' lang='lat' dir='ltr'><strong>in</strong></span> <span class='ocrx_word' id='word_1_80' title='bbox 456 1121 628 1172; x_wconf 83' lang='lat' dir='ltr'><strong>ignotos</strong></span> <span class='ocrx_word' id='word_1_81' title='bbox 649 1120 828 1171; x_wconf 89' lang='lat' dir='ltr'><strong>fluctus,</strong></span> <span class='ocrx_word' id='word_1_82' title='bbox 848 1123 1048 1176; x_wconf 89' lang='lat' dir='ltr'><strong>ultroque</strong></span> <span class='ocrx_word' id='word_1_83' title='bbox 1067 1124 1274 1177; x_wconf 86' lang='lat' dir='ltr'><strong>procellis</strong></span> 
     </span>
     <span class='ocr_line' id='line_1_18' title="bbox 279 1186 1096 1240; baseline 0.005 -14"><span class='ocrx_word' id='word_1_84' title='bbox 279 1186 492 1227; x_wconf 84' lang='lat' dir='ltr'><strong>Insultare</strong></span> <span class='ocrx_word' id='word_1_85' title='bbox 501 1187 643 1240; x_wconf 85' lang='lat' dir='ltr'><strong>juvat,</strong></span> <span class='ocrx_word' id='word_1_86' title='bbox 660 1193 705 1228; x_wconf 93' lang='lat' dir='ltr'><strong>et</strong></span> <span class='ocrx_word' id='word_1_87' title='bbox 725 1188 808 1229; x_wconf 93' lang='lat' dir='ltr'><strong>soli</strong></span> <span class='ocrx_word' id='word_1_88' title='bbox 821 1188 970 1230; x_wconf 88' lang='lat' dir='ltr'><strong>vivere</strong></span> <span class='ocrx_word' id='word_1_89' title='bbox 989 1189 1096 1230; x_wconf 85' lang='lat' dir='ltr'><strong>fato.</strong></span> 
     </span>
     <span class='ocr_line' id='line_1_19' title="bbox 329 1254 1346 1308; baseline 0.004 -15"><span class='ocrx_word' id='word_1_90' title='bbox 329 1254 567 1295; x_wconf 89' lang='lat' dir='ltr'><strong>AEsonides</strong></span> <span class='ocrx_word' id='word_1_91' title='bbox 587 1256 750 1308; x_wconf 87' lang='lat' dir='ltr'><strong>primus</strong></span> <span class='ocrx_word' id='word_1_92' title='bbox 771 1255 909 1296; x_wconf 84' lang='lat' dir='ltr'><strong>undas</strong></span> <span class='ocrx_word' id='word_1_93' title='bbox 924 1257 1138 1298; x_wconf 81' lang='lat' dir='ltr'><strong>assumsit</strong></span> <span class='ocrx_word' id='word_1_94' title='bbox 1154 1257 1198 1297; x_wconf 93' lang='lat' dir='ltr'><strong>in</strong></span> <span class='ocrx_word' id='word_1_95' title='bbox 1217 1269 1346 1307; x_wconf 85' lang='lat' dir='ltr'><strong>usus,</strong></span> 
     </span>
    </p>
   </div>
   <div class='ocr_carea' id='block_1_12' title="bbox 928 1431 1067 1463">
    <p class='ocr_par' dir='ltr' id='par_1_16' title="bbox 928 1431 1067 1463">
     <span class='ocr_line' id='line_1_20' title="bbox 928 1431 1067 1463; baseline 0.007 -1"><span class='ocrx_word' id='word_1_96' title='bbox 928 1431 1067 1463; x_wconf 79' lang='lat' dir='ltr'><strong>NOTAE</strong></span> 
     </span>
    </p>
   </div>
   <div class='ocr_carea' id='block_1_13' title="bbox 269 1523 969 2865">
    <p class='ocr_par' dir='ltr' id='par_1_17' title="bbox 269 1523 966 2356">
     <span class='ocr_line' id='line_1_21' title="bbox 271 1523 966 1563; baseline 0.003 -9"><span class='ocrx_word' id='word_1_97' title='bbox 271 1523 312 1554; x_wconf 86' lang='lat' dir='ltr'><strong>ad</strong></span> <span class='ocrx_word' id='word_1_98' title='bbox 345 1523 528 1555; x_wconf 87' lang='lat' dir='ltr'><strong>Henricum</strong></span> <span class='ocrx_word' id='word_1_99' title='bbox 559 1524 755 1563; x_wconf 83' lang='lat' dir='ltr'><strong>secundum,</strong></span> <span class='ocrx_word' id='word_1_100' title='bbox 779 1525 966 1557; x_wconf 89' lang='lat' dir='ltr'><strong>Cambdeni</strong></span> 
     </span>
     <span class='ocr_line' id='line_1_22' title="bbox 271 1572 964 1612; baseline 0.004 -9"><span class='ocrx_word' id='word_1_101' title='bbox 271 1573 414 1612; x_wconf 90' lang='lat' dir='ltr'><strong>monitu,</strong></span> <span class='ocrx_word' id='word_1_102' title='bbox 431 1572 628 1605; x_wconf 87' lang='lat' dir='ltr'><strong>referenda:</strong></span> <span class='ocrx_word' id='word_1_103' title='bbox 653 1574 762 1605; x_wconf 86' lang='lat' dir='ltr'><strong>innuit</strong></span> <span class='ocrx_word' id='word_1_104' title='bbox 777 1579 891 1606; x_wconf 88' lang='lat' dir='ltr'><strong>autem</strong></span> <span class='ocrx_word' id='word_1_105' title='bbox 908 1584 964 1606; x_wconf 83' lang='lat' dir='ltr'><strong>ex-</strong></span> 
     </span>
     <span class='ocr_line' id='line_1_23' title="bbox 270 1622 964 1666; baseline 0.004 -13"><span class='ocrx_word' id='word_1_106' title='bbox 270 1622 476 1662; x_wconf 84' lang='lat' dir='ltr'><strong>peditionem</strong></span> <span class='ocrx_word' id='word_1_107' title='bbox 492 1624 675 1664; x_wconf 85' lang='lat' dir='ltr'><strong>Syriacam,</strong></span> <span class='ocrx_word' id='word_1_108' title='bbox 687 1633 786 1666; x_wconf 88' lang='lat' dir='ltr'><strong>quam</strong></span> <span class='ocrx_word' id='word_1_109' title='bbox 798 1630 856 1656; x_wconf 87' lang='lat' dir='ltr'><strong>aut</strong></span> <span class='ocrx_word' id='word_1_110' title='bbox 870 1625 964 1656; x_wconf 81' lang='lat' dir='ltr'><strong>Hen-</strong></span> 
     </span>
     <span class='ocr_line' id='line_1_24' title="bbox 270 1673 963 1713; baseline 0.003 -10"><span class='ocrx_word' id='word_1_111' title='bbox 270 1673 358 1703; x_wconf 84' lang='lat' dir='ltr'><strong>ricus</strong></span> <span class='ocrx_word' id='word_1_112' title='bbox 369 1674 579 1713; x_wconf 83' lang='lat' dir='ltr'><strong>moliebatur,</strong></span> <span class='ocrx_word' id='word_1_113' title='bbox 590 1678 648 1705; x_wconf 87' lang='lat' dir='ltr'><strong>aut</strong></span> <span class='ocrx_word' id='word_1_114' title='bbox 662 1673 870 1705; x_wconf 83' lang='lat' dir='ltr'><strong>Fridericum</strong></span> <span class='ocrx_word' id='word_1_115' title='bbox 882 1675 963 1706; x_wconf 84' lang='lat' dir='ltr'><strong>Bar-</strong></span> 
     </span>
     <span class='ocr_line' id='line_1_25' title="bbox 269 1723 963 1766; baseline 0.004 -13"><span class='ocrx_word' id='word_1_116' title='bbox 269 1723 440 1754; x_wconf 88' lang='lat' dir='ltr'><strong>barossam</strong></span> <span class='ocrx_word' id='word_1_117' title='bbox 458 1725 498 1755; x_wconf 81' lang='lat' dir='ltr'><strong>ad</strong></span> <span class='ocrx_word' id='word_1_118' title='bbox 526 1725 614 1755; x_wconf 84' lang='lat' dir='ltr'><strong>illam</strong></span> <span class='ocrx_word' id='word_1_119' title='bbox 632 1725 841 1763; x_wconf 79' lang='lat' dir='ltr'><strong>stimulabat,</strong></span> <span class='ocrx_word' id='word_1_120' title='bbox 858 1731 894 1756; x_wconf 88' lang='lat' dir='ltr'><strong>et</strong></span> <span class='ocrx_word' id='word_1_121' title='bbox 910 1728 963 1766; x_wconf 86' lang='lat' dir='ltr'><strong>ju-</strong></span> 
     </span>
     <span class='ocr_line' id='line_1_26' title="bbox 271 1772 965 1807; baseline 0.004 -4"><span class='ocrx_word' id='word_1_122' title='bbox 271 1772 393 1805; x_wconf 86' lang='lat' dir='ltr'><strong>vabat:</strong></span> <span class='ocrx_word' id='word_1_123' title='bbox 416 1774 494 1806; x_wconf 91' lang='lat' dir='ltr'><strong>huic</strong></span> <span class='ocrx_word' id='word_1_124' title='bbox 518 1775 605 1806; x_wconf 89' lang='lat' dir='ltr'><strong>enim</strong></span> <span class='ocrx_word' id='word_1_125' title='bbox 629 1785 705 1806; x_wconf 91' lang='lat' dir='ltr'><strong>cum</strong></span> <span class='ocrx_word' id='word_1_126' title='bbox 730 1775 880 1806; x_wconf 89' lang='lat' dir='ltr'><strong>Henrico</strong></span> <span class='ocrx_word' id='word_1_127' title='bbox 904 1774 965 1807; x_wconf 84' lang='lat' dir='ltr'><strong>foe-</strong></span> 
     </span>
     <span class='ocr_line' id='line_1_27' title="bbox 271 1823 964 1865; baseline 0.004 -12"><span class='ocrx_word' id='word_1_128' title='bbox 271 1823 375 1855; x_wconf 89' lang='lat' dir='ltr'><strong>dera:</strong></span> <span class='ocrx_word' id='word_1_129' title='bbox 399 1825 493 1865; x_wconf 88' lang='lat' dir='ltr'><strong>cujus</strong></span> <span class='ocrx_word' id='word_1_130' title='bbox 515 1825 720 1864; x_wconf 84' lang='lat' dir='ltr'><strong>legationem</strong></span> <span class='ocrx_word' id='word_1_131' title='bbox 745 1824 787 1855; x_wconf 85' lang='lat' dir='ltr'><strong>ad</strong></span> <span class='ocrx_word' id='word_1_132' title='bbox 816 1825 964 1857; x_wconf 84' lang='lat' dir='ltr'><strong>Frideri-</strong></span> 
     </span>
     <span class='ocr_line' id='line_1_28' title="bbox 270 1874 965 1915; baseline 0.004 -11"><span class='ocrx_word' id='word_1_133' title='bbox 270 1883 347 1904; x_wconf 79' lang='lat' dir='ltr'><strong>cum</strong></span> <span class='ocrx_word' id='word_1_134' title='bbox 372 1874 471 1905; x_wconf 87' lang='lat' dir='ltr'><strong>habes</strong></span> <span class='ocrx_word' id='word_1_135' title='bbox 493 1875 582 1915; x_wconf 85' lang='lat' dir='ltr'><strong>apud</strong></span> <span class='ocrx_word' id='word_1_136' title='bbox 599 1875 810 1906; x_wconf 81' lang='lat' dir='ltr'><strong>Guutlierum</strong></span> <span class='ocrx_word' id='word_1_137' title='bbox 831 1874 889 1907; x_wconf 87' lang='lat' dir='ltr'><strong>lib.</strong></span> <span class='ocrx_word' id='word_1_138' title='bbox 912 1884 965 1908; x_wconf 71' lang='lat' dir='ltr'><strong>vt.</strong></span> 
     </span>
     <span class='ocr_line' id='line_1_29' title="bbox 272 1924 965 1966; baseline 0.004 -12"><span class='ocrx_word' id='word_1_139' title='bbox 272 1926 345 1955; x_wconf 88' lang='grc'><strong>168.</strong></span> <span class='ocrx_word' id='word_1_140' title='bbox 389 1924 457 1956; x_wconf 90' lang='lat' dir='ltr'><strong>Sed</strong></span> <span class='ocrx_word' id='word_1_141' title='bbox 474 1926 554 1956; x_wconf 83' lang='lat' dir='ltr'><strong>nihil</strong></span> <span class='ocrx_word' id='word_1_142' title='bbox 577 1926 611 1956; x_wconf 92' lang='lat' dir='ltr'><strong>in</strong></span> <span class='ocrx_word' id='word_1_143' title='bbox 636 1926 692 1956; x_wconf 90' lang='lat' dir='ltr'><strong>illa</strong></span> <span class='ocrx_word' id='word_1_144' title='bbox 712 1925 754 1956; x_wconf 89' lang='lat' dir='ltr'><strong>ad</strong></span> <span class='ocrx_word' id='word_1_145' title='bbox 777 1926 965 1966; x_wconf 84' lang='lat' dir='ltr'><strong>expeditio-</strong></span> 
     </span>
     <span class='ocr_line' id='line_1_30' title="bbox 271 1974 966 2015; baseline 0.003 -11"><span class='ocrx_word' id='word_1_146' title='bbox 271 1983 347 2005; x_wconf 85' lang='lat' dir='ltr'><strong>nem</strong></span> <span class='ocrx_word' id='word_1_147' title='bbox 364 1974 548 2015; x_wconf 84' lang='lat' dir='ltr'><strong>Syriacam.</strong></span> <span class='ocrx_word' id='word_1_148' title='bbox 593 1975 763 2006; x_wconf 83' lang='lat' dir='ltr'><strong>Praestitit</strong></span> <span class='ocrx_word' id='word_1_149' title='bbox 779 1980 891 2006; x_wconf 87' lang='lat' dir='ltr'><strong>autem</strong></span> <span class='ocrx_word' id='word_1_150' title='bbox 907 1975 966 2008; x_wconf 90' lang='lat' dir='ltr'><strong>Jo-</strong></span> 
     </span>
     <span class='ocr_line' id='line_1_31' title="bbox 270 2024 966 2065; baseline 0.004 -11"><span class='ocrx_word' id='word_1_151' title='bbox 270 2024 393 2063; x_wconf 85' lang='lat' dir='ltr'><strong>sephus</strong></span> <span class='ocrx_word' id='word_1_152' title='bbox 419 2029 545 2065; x_wconf 83' lang='lat' dir='ltr'><strong>noster,</strong></span> <span class='ocrx_word' id='word_1_153' title='bbox 564 2025 653 2065; x_wconf 90' lang='lat' dir='ltr'><strong>quod</strong></span> <span class='ocrx_word' id='word_1_154' title='bbox 679 2025 854 2065; x_wconf 84' lang='lat' dir='ltr'><strong>promisit:</strong></span> <span class='ocrx_word' id='word_1_155' title='bbox 877 2026 966 2057; x_wconf 90' lang='lat' dir='ltr'><strong>illius</strong></span> 
     </span>
     <span class='ocr_line' id='line_1_32' title="bbox 271 2073 963 2107; baseline 0.004 -3"><span class='ocrx_word' id='word_1_156' title='bbox 271 2075 358 2104; x_wconf 90' lang='lat' dir='ltr'><strong>enim</strong></span> <span class='ocrx_word' id='word_1_157' title='bbox 382 2073 608 2105; x_wconf 83' lang='lat' dir='ltr'><strong>Antiocheida</strong></span> <span class='ocrx_word' id='word_1_158' title='bbox 624 2075 709 2106; x_wconf 87' lang='lat' dir='ltr'><strong>citat</strong></span> <span class='ocrx_word' id='word_1_159' title='bbox 725 2075 939 2106; x_wconf 76' lang='lat' dir='ltr'><strong>cambdenus</strong></span> <span class='ocrx_word' id='word_1_160' title='bbox 955 2086 963 2107; x_wconf 72' lang='grc' dir='ltr'><strong>ι</strong></span> 
     </span>
     <span class='ocr_line' id='line_1_33' title="bbox 271 2124 965 2166; baseline 0.004 -12"><span class='ocrx_word' id='word_1_161' title='bbox 271 2133 390 2155; x_wconf 85' lang='lat' dir='ltr'><strong>versus</strong></span> <span class='ocrx_word' id='word_1_162' title='bbox 407 2125 536 2166; x_wconf 82' lang='lat' dir='ltr'><strong>aliquot</strong></span> <span class='ocrx_word' id='word_1_163' title='bbox 556 2124 711 2164; x_wconf 73' lang='grc' dir='ltr'><strong><em>’γεύματος</em></strong></span> <span class='ocrx_word' id='word_1_164' title='bbox 727 2124 818 2166; x_wconf 80' lang='grc' dir='ltr'>χάριν</span> <span class='ocrx_word' id='word_1_165' title='bbox 841 2126 874 2156; x_wconf 90' lang='lat' dir='ltr'><strong>in</strong></span> <span class='ocrx_word' id='word_1_166' title='bbox 898 2126 965 2157; x_wconf 85' lang='lat' dir='ltr'><strong>fine</strong></span> 
     </span>
     <span class='ocr_line' id='line_1_34' title="bbox 269 2175 966 2215; baseline 0.003 -11"><span class='ocrx_word' id='word_1_167' title='bbox 269 2182 326 2205; x_wconf 86' lang='lat'><strong>111.</strong></span> <span class='ocrx_word' id='word_1_168' title='bbox 356 2175 472 2214; x_wconf 85' lang='lat' dir='ltr'><strong>posui:</strong></span> <span class='ocrx_word' id='word_1_169' title='bbox 498 2175 624 2206; x_wconf 87' lang='lat' dir='ltr'><strong>utinam</strong></span> <span class='ocrx_word' id='word_1_170' title='bbox 648 2181 754 2206; x_wconf 84' lang='lat' dir='ltr'><strong>totam</strong></span> <span class='ocrx_word' id='word_1_171' title='bbox 778 2176 901 2215; x_wconf 77' lang='lat' dir='ltr'><strong>legere,</strong></span> <span class='ocrx_word' id='word_1_172' title='bbox 929 2180 966 2207; x_wconf 87' lang='lat' dir='ltr'><strong>et</strong></span> 
     </span>
     <span class='ocr_line' id='line_1_35' title="bbox 269 2224 964 2266; baseline 0.003 -12"><span class='ocrx_word' id='word_1_173' title='bbox 269 2233 346 2255; x_wconf 86' lang='lat' dir='ltr'><strong>cum</strong></span> <span class='ocrx_word' id='word_1_174' title='bbox 377 2224 476 2256; x_wconf 81' lang='lat' dir='ltr'><strong>Petri</strong></span> <span class='ocrx_word' id='word_1_175' title='bbox 508 2225 627 2265; x_wconf 85' lang='lat' dir='ltr'><strong>Angeli</strong></span> <span class='ocrx_word' id='word_1_176' title='bbox 658 2225 794 2264; x_wconf 78' lang='lat' dir='ltr'><strong>Bargaei</strong></span> <span class='ocrx_word' id='word_1_177' title='bbox 823 2225 964 2266; x_wconf 87' lang='lat' dir='ltr'><strong>Syriade</strong></span> 
     </span>
     <span class='ocr_line' id='line_1_36' title="bbox 270 2272 964 2315; baseline 0.003 -11"><span class='ocrx_word' id='word_1_178' title='bbox 270 2272 314 2314; x_wconf 90' lang='lat' dir='ltr'><strong>(si</strong></span> <span class='ocrx_word' id='word_1_179' title='bbox 331 2278 443 2305; x_wconf 90' lang='lat' dir='ltr'><strong>tamen</strong></span> <span class='ocrx_word' id='word_1_180' title='bbox 460 2275 577 2306; x_wconf 86' lang='lat' dir='ltr'><strong>eadem</strong></span> <span class='ocrx_word' id='word_1_181' title='bbox 595 2274 764 2315; x_wconf 86' lang='lat' dir='ltr'><strong>tractant)</strong></span> <span class='ocrx_word' id='word_1_182' title='bbox 781 2275 964 2306; x_wconf 87' lang='lat' dir='ltr'><strong>contende-</strong></span> 
     </span>
     <span class='ocr_line' id='line_1_37' title="bbox 271 2324 457 2356; baseline 0.011 -2"><span class='ocrx_word' id='word_1_183' title='bbox 271 2332 308 2354; x_wconf 89' lang='lat' dir='ltr'><strong>re</strong></span> <span class='ocrx_word' id='word_1_184' title='bbox 324 2324 457 2356; x_wconf 86' lang='lat' dir='ltr'><strong>liceret.</strong></span> 
     </span>
    </p>

    <p class='ocr_par' dir='ltr' id='par_1_18' title="bbox 271 2376 969 2865">
     <span class='ocr_line' id='line_1_38' title="bbox 313 2376 965 2418; baseline 0.002 -12"><span class='ocrx_word' id='word_1_185' title='bbox 313 2379 354 2406; x_wconf 84' lang='lat'><strong>52</strong></span> <span class='ocrx_word' id='word_1_186' title='bbox 378 2376 509 2407; x_wconf 81' lang='lat' dir='ltr'><strong>Luserat</strong></span> <span class='ocrx_word' id='word_1_187' title='bbox 535 2376 685 2418; x_wconf 77' lang='lat' dir='ltr'><strong>ommficoe</strong></span> <span class='ocrx_word' id='word_1_188' title='bbox 709 2377 857 2417; x_wconf 77' lang='lat' dir='ltr'><strong>quondam</strong></span> <span class='ocrx_word' id='word_1_189' title='bbox 872 2378 965 2408; x_wconf 87' lang='lat' dir='ltr'><strong>soler-</strong></span> 
     </span>
     <span class='ocr_line' id='line_1_39' title="bbox 271 2426 967 2467; baseline 0 -10"><span class='ocrx_word' id='word_1_190' title='bbox 271 2426 317 2457; x_wconf 76' lang='grc' dir='ltr'><strong>τὶα</strong></span> <span class='ocrx_word' id='word_1_191' title='bbox 328 2426 425 2466; x_wconf 75' lang='lat' dir='ltr'><strong>curce]</strong></span> <span class='ocrx_word' id='word_1_192' title='bbox 454 2427 505 2457; x_wconf 92' lang='lat' dir='ltr'><strong>De</strong></span> <span class='ocrx_word' id='word_1_193' title='bbox 519 2427 653 2458; x_wconf 89' lang='lat' dir='ltr'><strong>navium</strong></span> <span class='ocrx_word' id='word_1_194' title='bbox 667 2427 845 2457; x_wconf 84' lang='lat' dir='ltr'><strong>inventore</strong></span> <span class='ocrx_word' id='word_1_195' title='bbox 860 2427 967 2467; x_wconf 88' lang='lat' dir='ltr'><strong>primo</strong></span> 
     </span>
     <span class='ocr_line' id='line_1_40' title="bbox 272 2475 967 2510; baseline 0.004 -4"><span class='ocrx_word' id='word_1_196' title='bbox 272 2476 329 2507; x_wconf 88' lang='lat' dir='ltr'><strong>alii</strong></span> <span class='ocrx_word' id='word_1_197' title='bbox 345 2476 455 2507; x_wconf 85' lang='lat' dir='ltr'><strong>aliter.</strong></span> <span class='ocrx_word' id='word_1_198' title='bbox 479 2477 585 2508; x_wconf 90' lang='lat' dir='ltr'><strong>Clem.</strong></span> <span class='ocrx_word' id='word_1_199' title='bbox 597 2475 696 2508; x_wconf 86' lang='lat' dir='ltr'><strong>Alex.</strong></span> <span class='ocrx_word' id='word_1_200' title='bbox 708 2477 835 2508; x_wconf 87' lang='lat' dir='ltr'><strong>Strom.</strong></span> <span class='ocrx_word' id='word_1_201' title='bbox 850 2486 875 2509; x_wconf 88' lang='lat'><strong>1.</strong></span> <span class='ocrx_word' id='word_1_202' title='bbox 891 2479 967 2510; x_wconf 82' lang='lat'><strong>225.</strong></span> 
     </span>
     <span class='ocr_line' id='line_1_41' title="bbox 271 2525 967 2568; baseline 0.003 -12"><span class='ocrx_word' id='word_1_203' title='bbox 271 2525 448 2557; x_wconf 84' lang='lat' dir='ltr'><strong>Atlantem</strong></span> <span class='ocrx_word' id='word_1_204' title='bbox 485 2527 627 2567; x_wconf 88' lang='lat' dir='ltr'><strong>primum</strong></span> <span class='ocrx_word' id='word_1_205' title='bbox 656 2527 811 2567; x_wconf 81' lang='lat' dir='ltr'><strong>agnoscit</strong></span> <span class='ocrx_word' id='word_1_206' title='bbox 840 2537 967 2568; x_wconf 86' lang='lat' dir='ltr'><strong>naupe-</strong></span> 
     </span>
     <span class='ocr_line' id='line_1_42' title="bbox 271 2575 967 2616; baseline 0.006 -12"><span class='ocrx_word' id='word_1_207' title='bbox 271 2584 347 2615; x_wconf 85' lang='lat' dir='ltr'><strong>gum</strong></span> <span class='ocrx_word' id='word_1_208' title='bbox 362 2586 369 2604; x_wconf 91' lang='lat'>:</span> <span class='ocrx_word' id='word_1_209' title='bbox 393 2575 582 2616; x_wconf 85' lang='lat' dir='ltr'><strong>AEschylus,</strong></span> <span class='ocrx_word' id='word_1_210' title='bbox 597 2576 807 2608; x_wconf 87' lang='lat' dir='ltr'><strong>inventorem</strong></span> <span class='ocrx_word' id='word_1_211' title='bbox 827 2577 967 2608; x_wconf 85' lang='lat' dir='ltr'><strong>Prome-</strong></span> 
     </span>
     <span class='ocr_line' id='line_1_43' title="bbox 273 2624 966 2666; baseline 0.003 -12"><span class='ocrx_word' id='word_1_212' title='bbox 273 2624 406 2655; x_wconf 85' lang='lat' dir='ltr'><strong>theum:</strong></span> <span class='ocrx_word' id='word_1_213' title='bbox 431 2625 561 2656; x_wconf 89' lang='lat' dir='ltr'><strong>Plinius</strong></span> <span class='ocrx_word' id='word_1_214' title='bbox 585 2630 620 2657; x_wconf 89' lang='lat' dir='ltr'><strong>et</strong></span> <span class='ocrx_word' id='word_1_215' title='bbox 642 2625 880 2666; x_wconf 89' lang='lat' dir='ltr'><strong>Apollodorus,</strong></span> <span class='ocrx_word' id='word_1_216' title='bbox 897 2626 966 2657; x_wconf 85' lang='lat' dir='ltr'><strong>Da·</strong></span> 
     </span>
     <span class='ocr_line' id='line_1_44' title="bbox 272 2674 964 2714; baseline 0.003 -11"><span class='ocrx_word' id='word_1_217' title='bbox 272 2682 394 2704; x_wconf 87' lang='lat' dir='ltr'><strong>naum:</strong></span> <span class='ocrx_word' id='word_1_218' title='bbox 419 2674 572 2706; x_wconf 76' lang='lat' dir='ltr'><strong>Catullus</strong></span> <span class='ocrx_word' id='word_1_219' title='bbox 593 2680 629 2707; x_wconf 90' lang='lat' dir='ltr'><strong>et</strong></span> <span class='ocrx_word' id='word_1_220' title='bbox 645 2675 848 2714; x_wconf 84' lang='lat' dir='ltr'><strong>Apollonius</strong></span> <span class='ocrx_word' id='word_1_221' title='bbox 874 2675 964 2706; x_wconf 80' lang='lat' dir='ltr'><strong>Rho-</strong></span> 
     </span>
     <span class='ocr_line' id='line_1_45' title="bbox 273 2722 966 2764; baseline 0.003 -11"><span class='ocrx_word' id='word_1_222' title='bbox 273 2722 362 2761; x_wconf 80' lang='lat' dir='ltr'><strong>dius,</strong></span> <span class='ocrx_word' id='word_1_223' title='bbox 389 2722 518 2763; x_wconf 80' lang='lat' dir='ltr'><strong>Argum</strong></span> <span class='ocrx_word' id='word_1_224' title='bbox 544 2723 772 2764; x_wconf 70' lang='lat' dir='ltr'><strong>Ariston-iden,</strong></span> <span class='ocrx_word' id='word_1_225' title='bbox 806 2723 966 2761; x_wconf 82' lang='grc' dir='ltr'><strong><em>Ἀθηναίης</em></strong></span> 
     </span>
     <span class='ocr_line' id='line_1_46' title="bbox 274 2771 966 2812; baseline 0.004 -11"><span class='ocrx_word' id='word_1_226' title='bbox 274 2771 546 2812; x_wconf 71' lang='grc' dir='ltr'><strong><em>ὑποθημοσύνῃσιν.</em></strong></span> <span class='ocrx_word' id='word_1_227' title='bbox 590 2773 789 2811; x_wconf 84' lang='lat' dir='ltr'><strong>Athenaeus,</strong></span> <span class='ocrx_word' id='word_1_228' title='bbox 815 2773 966 2805; x_wconf 84' lang='lat' dir='ltr'><strong>Janum:</strong></span> 
     </span>
     <span class='ocr_line' id='line_1_47' title="bbox 272 2822 969 2865; baseline 0.001 -12"><span class='ocrx_word' id='word_1_229' title='bbox 272 2822 488 2863; x_wconf 76' lang='lat' dir='ltr'><strong>Thucydides</strong></span> <span class='ocrx_word' id='word_1_230' title='bbox 510 2823 645 2865; x_wconf 87' lang='lat' dir='ltr'><strong>aliique,</strong></span> <span class='ocrx_word' id='word_1_231' title='bbox 670 2823 831 2854; x_wconf 61' lang='lat' dir='ltr'><strong>Minoem.</strong></span> <span class='ocrx_word' id='word_1_232' title='bbox 876 2823 969 2863; x_wconf 85' lang='lat' dir='ltr'><strong>Argo</strong></span> 
     </span>
    </p>
   </div>
   <div class='ocr_carea' id='block_1_14' title="bbox 1018 1527 1720 2862">
    <p class='ocr_par' dir='ltr' id='par_1_19' title="bbox 1018 1527 1720 2365">
     <span class='ocr_line' id='line_1_48' title="bbox 1021 1527 1715 1568; baseline 0.004 -11"><span class='ocrx_word' id='word_1_233' title='bbox 1021 1532 1134 1558; x_wconf 81' lang='lat' dir='ltr'><strong>autem</strong></span> <span class='ocrx_word' id='word_1_234' title='bbox 1152 1529 1250 1559; x_wconf 81' lang='lat' dir='ltr'><strong>istam</strong></span> <span class='ocrx_word' id='word_1_235' title='bbox 1266 1528 1468 1568; x_wconf 85' lang='lat' dir='ltr'><strong>citiremem‚</strong></span> <span class='ocrx_word' id='word_1_236' title='bbox 1481 1532 1519 1559; x_wconf 91' lang='lat' dir='ltr'><strong>ut</strong></span> <span class='ocrx_word' id='word_1_237' title='bbox 1534 1527 1642 1559; x_wconf 87' lang='lat' dir='ltr'><strong>Varro</strong></span> <span class='ocrx_word' id='word_1_238' title='bbox 1657 1538 1715 1560; x_wconf 91' lang='lat' dir='ltr'><strong>no-</strong></span> 
     </span>
     <span class='ocr_line' id='line_1_49' title="bbox 1019 1577 1716 1617; baseline 0.003 -10"><span class='ocrx_word' id='word_1_239' title='bbox 1019 1577 1138 1617; x_wconf 85' lang='lat' dir='ltr'><strong>minat,</strong></span> <span class='ocrx_word' id='word_1_240' title='bbox 1153 1578 1293 1617; x_wconf 87' lang='lat' dir='ltr'><strong>primam</strong></span> <span class='ocrx_word' id='word_1_241' title='bbox 1311 1578 1420 1609; x_wconf 88' lang='lat' dir='ltr'><strong>navim</strong></span> <span class='ocrx_word' id='word_1_242' title='bbox 1434 1583 1620 1617; x_wconf 82' lang='lat' dir='ltr'><strong>agnoscunt</strong></span> <span class='ocrx_word' id='word_1_243' title='bbox 1633 1579 1716 1610; x_wconf 91' lang='lat' dir='ltr'><strong>Ovi-</strong></span> 
     </span>
     <span class='ocr_line' id='line_1_50' title="bbox 1021 1627 1716 1668; baseline 0.004 -12"><span class='ocrx_word' id='word_1_244' title='bbox 1021 1627 1108 1663; x_wconf 86' lang='lat' dir='ltr'><strong>dius,</strong></span> <span class='ocrx_word' id='word_1_245' title='bbox 1133 1628 1301 1668; x_wconf 83' lang='lat' dir='ltr'><strong>Catullus,</strong></span> <span class='ocrx_word' id='word_1_246' title='bbox 1322 1628 1533 1668; x_wconf 78' lang='lat' dir='ltr'><strong>Propertius,</strong></span> <span class='ocrx_word' id='word_1_247' title='bbox 1549 1628 1716 1668; x_wconf 86' lang='lat' dir='ltr'><strong>Lucanus,</strong></span> 
     </span>
     <span class='ocr_line' id='line_1_51' title="bbox 1020 1676 1717 1716; baseline 0.001 -9"><span class='ocrx_word' id='word_1_248' title='bbox 1020 1676 1219 1716; x_wconf 87' lang='lat' dir='ltr'><strong>Apollonius</strong></span> <span class='ocrx_word' id='word_1_249' title='bbox 1240 1677 1405 1714; x_wconf 82' lang='lat' dir='ltr'><strong>Rhodius,</strong></span> <span class='ocrx_word' id='word_1_250' title='bbox 1420 1677 1562 1715; x_wconf 78' lang='lat' dir='ltr'><strong>Plinius,</strong></span> <span class='ocrx_word' id='word_1_251' title='bbox 1588 1677 1717 1708; x_wconf 87' lang='lat' dir='ltr'><strong>Demo-</strong></span> 
     </span>
     <span class='ocr_line' id='line_1_52' title="bbox 1019 1727 1718 1768; baseline 0.003 -11"><span class='ocrx_word' id='word_1_252' title='bbox 1019 1728 1139 1767; x_wconf 91' lang='lat' dir='ltr'><strong>critus,</strong></span> <span class='ocrx_word' id='word_1_253' title='bbox 1169 1728 1226 1768; x_wconf 89' lang='lat' dir='ltr'><strong>qui</strong></span> <span class='ocrx_word' id='word_1_254' title='bbox 1255 1728 1447 1758; x_wconf 87' lang='lat' dir='ltr'><strong>animalium</strong></span> <span class='ocrx_word' id='word_1_255' title='bbox 1484 1736 1544 1758; x_wconf 90' lang='lat' dir='ltr'><strong>nos</strong></span> <span class='ocrx_word' id='word_1_256' title='bbox 1577 1727 1718 1759; x_wconf 86' lang='lat' dir='ltr'><strong>dicebat</strong></span> 
     </span>
     <span class='ocr_line' id='line_1_53' title="bbox 1019 1776 1717 1817; baseline 0.004 -11"><span class='ocrx_word' id='word_1_257' title='bbox 1019 1776 1215 1817; x_wconf 87' lang='lat' dir='ltr'><strong>discipulos,</strong></span> <span class='ocrx_word' id='word_1_258' title='bbox 1244 1778 1409 1808; x_wconf 86' lang='lat' dir='ltr'><strong>nautilum</strong></span> <span class='ocrx_word' id='word_1_259' title='bbox 1447 1776 1576 1817; x_wconf 83' lang='lat' dir='ltr'><strong>piscem</strong></span> <span class='ocrx_word' id='word_1_260' title='bbox 1602 1786 1717 1809; x_wconf 80' lang='lat' dir='ltr'><strong>ausam</strong></span> 
     </span>
     <span class='ocr_line' id='line_1_54' title="bbox 1020 1825 1717 1866; baseline 0.003 -10"><span class='ocrx_word' id='word_1_261' title='bbox 1020 1825 1155 1856; x_wconf 86' lang='lat' dir='ltr'><strong>dedisse</strong></span> <span class='ocrx_word' id='word_1_262' title='bbox 1169 1835 1245 1857; x_wconf 86' lang='lat' dir='ltr'><strong>cum</strong></span> <span class='ocrx_word' id='word_1_263' title='bbox 1259 1826 1416 1866; x_wconf 81' lang='lat' dir='ltr'><strong>oppiano</strong></span> <span class='ocrx_word' id='word_1_264' title='bbox 1430 1831 1558 1858; x_wconf 82' lang='lat' dir='ltr'><strong>censet.</strong></span> <span class='ocrx_word' id='word_1_265' title='bbox 1603 1827 1717 1858; x_wconf 81' lang='lat' dir='ltr'><strong>Maxi-</strong></span> 
     </span>
     <span class='ocr_line' id='line_1_55' title="bbox 1019 1876 1716 1917; baseline 0.001 -11"><span class='ocrx_word' id='word_1_266' title='bbox 1019 1885 1092 1906; x_wconf 91' lang='lat' dir='ltr'><strong>mus</strong></span> <span class='ocrx_word' id='word_1_267' title='bbox 1109 1876 1242 1916; x_wconf 86' lang='lat' dir='ltr'><strong>Tyrius,</strong></span> <span class='ocrx_word' id='word_1_268' title='bbox 1268 1877 1320 1907; x_wconf 86' lang='lat' dir='ltr'><strong>vel</strong></span> <span class='ocrx_word' id='word_1_269' title='bbox 1350 1876 1515 1907; x_wconf 89' lang='lat' dir='ltr'><strong>aviculam</strong></span> <span class='ocrx_word' id='word_1_270' title='bbox 1537 1876 1571 1906; x_wconf 91' lang='lat' dir='ltr'><strong>in</strong></span> <span class='ocrx_word' id='word_1_271' title='bbox 1595 1885 1716 1917; x_wconf 88' lang='lat' dir='ltr'><strong>aquam</strong></span> 
     </span>
     <span class='ocr_line' id='line_1_56' title="bbox 1020 1925 1720 1968; baseline 0.001 -12"><span class='ocrx_word' id='word_1_272' title='bbox 1020 1925 1209 1965; x_wconf 81' lang='lat' dir='ltr'><strong>delapsam,</strong></span> <span class='ocrx_word' id='word_1_273' title='bbox 1238 1926 1292 1956; x_wconf 87' lang='lat' dir='ltr'><strong>vel</strong></span> <span class='ocrx_word' id='word_1_274' title='bbox 1327 1925 1494 1956; x_wconf 86' lang='lat' dir='ltr'><strong>hominem</strong></span> <span class='ocrx_word' id='word_1_275' title='bbox 1531 1929 1720 1968; x_wconf 83' lang='lat' dir='ltr'><strong>natantem,</strong></span> 
     </span>
     <span class='ocr_line' id='line_1_57' title="bbox 1020 1974 1717 2014; baseline 0.001 -9"><span class='ocrx_word' id='word_1_276' title='bbox 1020 1975 1072 2005; x_wconf 88' lang='lat' dir='ltr'><strong>vel</strong></span> <span class='ocrx_word' id='word_1_277' title='bbox 1087 1975 1213 2014; x_wconf 82' lang='lat' dir='ltr'><strong>lignum</strong></span> <span class='ocrx_word' id='word_1_278' title='bbox 1231 1975 1265 2005; x_wconf 90' lang='lat' dir='ltr'><strong>in</strong></span> <span class='ocrx_word' id='word_1_279' title='bbox 1281 1984 1401 2014; x_wconf 79' lang='lat' dir='ltr'><strong>aquam</strong></span> <span class='ocrx_word' id='word_1_280' title='bbox 1416 1974 1620 2014; x_wconf 85' lang='lat' dir='ltr'><strong>projectum,</strong></span> <span class='ocrx_word' id='word_1_281' title='bbox 1632 1976 1717 2006; x_wconf 81' lang='lat' dir='ltr'><strong>artis</strong></span> 
     </span>
     <span class='ocr_line' id='line_1_58' title="bbox 1019 2025 1715 2065; baseline 0.003 -10"><span class='ocrx_word' id='word_1_282' title='bbox 1019 2025 1196 2065; x_wconf 87' lang='lat' dir='ltr'><strong>imaginem</strong></span> <span class='ocrx_word' id='word_1_283' title='bbox 1242 2031 1446 2056; x_wconf 78' lang='lat' dir='ltr'><strong>monstrasse</strong></span> <span class='ocrx_word' id='word_1_284' title='bbox 1485 2029 1596 2064; x_wconf 86' lang='lat' dir='ltr'><strong>putat.</strong></span> <span class='ocrx_word' id='word_1_285' title='bbox 1646 2025 1715 2057; x_wconf 88' lang='lat' dir='ltr'><strong>Da-</strong></span> 
     </span>
     <span class='ocr_line' id='line_1_59' title="bbox 1019 2072 1718 2114; baseline -0.001 -9"><span class='ocrx_word' id='word_1_286' title='bbox 1019 2084 1182 2105; x_wconf 84' lang='lat' dir='ltr'><strong>moxenus</strong></span> <span class='ocrx_word' id='word_1_287' title='bbox 1212 2079 1303 2106; x_wconf 87' lang='lat' dir='ltr'><strong>recte</strong></span> <span class='ocrx_word' id='word_1_288' title='bbox 1333 2074 1421 2114; x_wconf 83' lang='lat' dir='ltr'><strong>apud</strong></span> <span class='ocrx_word' id='word_1_289' title='bbox 1449 2072 1666 2114; x_wconf 74' lang='lat' dir='ltr'><strong>Athenaeum,</strong></span> <span class='ocrx_word' id='word_1_290' title='bbox 1695 2074 1718 2113; x_wconf 81' lang='grc' dir='ltr'>ἡ</span> 
     </span>
     <span class='ocr_line' id='line_1_60' title="bbox 1018 2122 1718 2165; baseline 0.004 -11"><span class='ocrx_word' id='word_1_291' title='bbox 1018 2123 1110 2164; x_wconf 79' lang='grc' dir='ltr'>φύσις</span> <span class='ocrx_word' id='word_1_292' title='bbox 1130 2124 1233 2162; x_wconf 84' lang='grc' dir='ltr'>πάσης</span> <span class='ocrx_word' id='word_1_293' title='bbox 1250 2124 1368 2164; x_wconf 79' lang='grc' dir='ltr'><strong><em>τέχνης</em></strong></span> <span class='ocrx_word' id='word_1_294' title='bbox 1383 2122 1551 2165; x_wconf 75' lang='grc' dir='ltr'><strong><em>ἆρχίγονόν</em></strong></span> <span class='ocrx_word' id='word_1_295' title='bbox 1565 2124 1645 2165; x_wconf 79' lang='grc' dir='ltr'>ἐστι,</span> <span class='ocrx_word' id='word_1_296' title='bbox 1659 2134 1718 2157; x_wconf 88' lang='lat'><strong>111.</strong></span> 
     </span>
     <span class='ocr_line' id='line_1_61' title="bbox 1020 2174 1716 2216; baseline 0.003 -10"><span class='ocrx_word' id='word_1_297' title='bbox 1020 2178 1092 2207; x_wconf 88' lang='lat'><strong>102.</strong></span> <span class='ocrx_word' id='word_1_298' title='bbox 1135 2175 1223 2207; x_wconf 81' lang='lat' dir='ltr'><strong>Vide</strong></span> <span class='ocrx_word' id='word_1_299' title='bbox 1254 2180 1290 2206; x_wconf 85' lang='lat' dir='ltr'><strong>et</strong></span> <span class='ocrx_word' id='word_1_300' title='bbox 1312 2176 1530 2206; x_wconf 82' lang='lat' dir='ltr'><strong>Themistium</strong></span> <span class='ocrx_word' id='word_1_301' title='bbox 1547 2174 1590 2206; x_wconf 87' lang='lat' dir='ltr'><strong>de</strong></span> <span class='ocrx_word' id='word_1_302' title='bbox 1607 2175 1716 2216; x_wconf 89' lang='lat' dir='ltr'><strong>primo</strong></span> 
     </span>
     <span class='ocr_line' id='line_1_62' title="bbox 1018 2225 1716 2265; baseline 0 -9"><span class='ocrx_word' id='word_1_303' title='bbox 1018 2226 1209 2264; x_wconf 80' lang='lat' dir='ltr'><strong>inventore,</strong></span> <span class='ocrx_word' id='word_1_304' title='bbox 1241 2225 1339 2256; x_wconf 82' lang='lat' dir='ltr'><strong>Orat.</strong></span> <span class='ocrx_word' id='word_1_305' title='bbox 1366 2233 1442 2255; x_wconf 77' lang='lat' dir='ltr'><strong>xw.</strong></span> <span class='ocrx_word' id='word_1_306' title='bbox 1471 2226 1546 2255; x_wconf 78' lang='lat'><strong>381.</strong></span> <span class='ocrx_word' id='word_1_307' title='bbox 1573 2229 1610 2255; x_wconf 91' lang='lat' dir='ltr'><strong>et</strong></span> <span class='ocrx_word' id='word_1_308' title='bbox 1641 2235 1716 2265; x_wconf 85' lang='lat' dir='ltr'><strong>gra-</strong></span> 
     </span>
     <span class='ocr_line' id='line_1_63' title="bbox 1019 2272 1715 2315; baseline 0.001 -10"><span class='ocrx_word' id='word_1_309' title='bbox 1019 2275 1153 2315; x_wconf 82' lang='lat' dir='ltr'><strong>pliicam</strong></span> <span class='ocrx_word' id='word_1_310' title='bbox 1182 2275 1275 2305; x_wconf 86' lang='lat' dir='ltr'><strong>navis</strong></span> <span class='ocrx_word' id='word_1_311' title='bbox 1298 2272 1489 2305; x_wconf 74' lang='grc' dir='ltr'><strong><em>ὕποθὺπωσιν</em></strong></span> <span class='ocrx_word' id='word_1_312' title='bbox 1504 2272 1594 2314; x_wconf 85' lang='lat' dir='ltr'><strong>apud</strong></span> <span class='ocrx_word' id='word_1_313' title='bbox 1618 2274 1715 2306; x_wconf 84' lang='lat' dir='ltr'><strong>Non-</strong></span> 
     </span>
     <span class='ocr_line' id='line_1_64' title="bbox 1021 2325 1325 2365; baseline -0.007 -10"><span class='ocrx_word' id='word_1_314' title='bbox 1021 2334 1098 2355; x_wconf 92' lang='lat' dir='ltr'><strong>num</strong></span> <span class='ocrx_word' id='word_1_315' title='bbox 1115 2325 1256 2365; x_wconf 88' lang='lat' dir='ltr'><strong>Dionys.</strong></span> <span class='ocrx_word' id='word_1_316' title='bbox 1271 2327 1325 2355; x_wconf 78' lang='lat'><strong>40.</strong></span> 
     </span>
    </p>

    <p class='ocr_par' dir='ltr' id='par_1_20' title="bbox 1019 2372 1719 2711">
     <span class='ocr_line' id='line_1_65' title="bbox 1061 2372 1714 2414; baseline 0 -9"><span class='ocrx_word' id='word_1_317' title='bbox 1061 2377 1103 2406; x_wconf 83' lang='lat'><strong>57</strong></span> <span class='ocrx_word' id='word_1_318' title='bbox 1132 2376 1260 2414; x_wconf 80' lang='lat' dir='ltr'><strong>Egestoe</strong></span> <span class='ocrx_word' id='word_1_319' title='bbox 1288 2374 1333 2404; x_wconf 82' lang='lat' dir='ltr'><strong>sic</strong></span> <span class='ocrx_word' id='word_1_320' title='bbox 1360 2373 1452 2405; x_wconf 71' lang='lat' dir='ltr'><strong>Ditis</strong></span> <span class='ocrx_word' id='word_1_321' title='bbox 1479 2373 1566 2414; x_wconf 76' lang='lat' dir='ltr'><strong>opes]</strong></span> <span class='ocrx_word' id='word_1_322' title='bbox 1592 2372 1714 2414; x_wconf 85' lang='lat' dir='ltr'><strong>Papin.</strong></span> 
     </span>
     <span class='ocr_line' id='line_1_66' title="bbox 1020 2422 1717 2464; baseline 0 -9"><span class='ocrx_word' id='word_1_323' title='bbox 1020 2429 1028 2442; x_wconf 87' lang='lat'><em>‘</em></span> <span class='ocrx_word' id='word_1_324' title='bbox 1042 2424 1099 2455; x_wconf 92' lang='lat' dir='ltr'><strong>ubi</strong></span> <span class='ocrx_word' id='word_1_325' title='bbox 1115 2424 1199 2456; x_wconf 88' lang='lat' dir='ltr'><strong>Dite</strong></span> <span class='ocrx_word' id='word_1_326' title='bbox 1217 2424 1288 2455; x_wconf 87' lang='lat' dir='ltr'><strong>viso</strong></span> <span class='ocrx_word' id='word_1_327' title='bbox 1311 2423 1464 2454; x_wconf 83' lang='lat' dir='ltr'><strong>Pallidus</strong></span> <span class='ocrx_word' id='word_1_328' title='bbox 1489 2422 1597 2454; x_wconf 89' lang='lat' dir='ltr'><strong>fossor</strong></span> <span class='ocrx_word' id='word_1_329' title='bbox 1612 2423 1717 2464; x_wconf 88' lang='lat' dir='ltr'><strong>redit,</strong></span> 
     </span>
     <span class='ocr_line' id='line_1_67' title="bbox 1023 2471 1716 2515; baseline -0.001 -10"><span class='ocrx_word' id='word_1_330' title='bbox 1023 2479 1188 2515; x_wconf 86' lang='lat' dir='ltr'><strong>erutoque</strong></span> <span class='ocrx_word' id='word_1_331' title='bbox 1204 2473 1371 2505; x_wconf 84' lang='lat' dir='ltr'><strong>Concolor</strong></span> <span class='ocrx_word' id='word_1_332' title='bbox 1384 2482 1466 2503; x_wconf 86' lang='lat' dir='ltr'><strong>auro</strong></span> <span class='ocrx_word' id='word_1_333' title='bbox 1477 2471 1499 2502; x_wconf 90' lang='lat'><strong>:&#39;</strong></span> <span class='ocrx_word' id='word_1_334' title='bbox 1523 2481 1566 2503; x_wconf 81' lang='lat' dir='ltr'><strong>ex</strong></span> <span class='ocrx_word' id='word_1_335' title='bbox 1582 2482 1647 2514; x_wconf 89' lang='lat' dir='ltr'><strong>quo</strong></span> <span class='ocrx_word' id='word_1_336' title='bbox 1662 2474 1716 2505; x_wconf 86' lang='lat' dir='ltr'><strong>Si·</strong></span> 
     </span>
     <span class='ocr_line' id='line_1_68' title="bbox 1020 2521 1716 2564; baseline 0 -10"><span class='ocrx_word' id='word_1_337' title='bbox 1020 2525 1098 2564; x_wconf 87' lang='lat' dir='ltr'><strong>lius,</strong></span> <span class='ocrx_word' id='word_1_338' title='bbox 1113 2530 1151 2556; x_wconf 90' lang='lat' dir='ltr'><strong>ut</strong></span> <span class='ocrx_word' id='word_1_339' title='bbox 1165 2524 1302 2555; x_wconf 87' lang='lat' dir='ltr'><strong>doctiss.</strong></span> <span class='ocrx_word' id='word_1_340' title='bbox 1317 2526 1414 2553; x_wconf 84' lang='lat' dir='ltr'><strong>notat</strong></span> <span class='ocrx_word' id='word_1_341' title='bbox 1430 2521 1593 2552; x_wconf 84' lang='lat' dir='ltr'><strong>Heinsius</strong></span> <span class='ocrx_word' id='word_1_342' title='bbox 1610 2531 1619 2552; x_wconf 71' lang='grc' dir='ltr'><strong><em>ε</em></strong></span> <span class='ocrx_word' id='word_1_343' title='bbox 1644 2525 1653 2540; x_wconf 86' lang='lat'>‘</span> <span class='ocrx_word' id='word_1_344' title='bbox 1667 2523 1716 2554; x_wconf 88' lang='lat' dir='ltr'><strong>Et</strong></span> 
     </span>
     <span class='ocr_line' id='line_1_69' title="bbox 1021 2570 1719 2605; baseline -0.003 0"><span class='ocrx_word' id='word_1_345' title='bbox 1021 2573 1109 2605; x_wconf 87' lang='lat' dir='ltr'><strong>redit</strong></span> <span class='ocrx_word' id='word_1_346' title='bbox 1136 2572 1253 2604; x_wconf 82' lang='lat' dir='ltr'><strong>infelix</strong></span> <span class='ocrx_word' id='word_1_347' title='bbox 1278 2570 1401 2603; x_wconf 84' lang='lat' dir='ltr'><strong>effosso</strong></span> <span class='ocrx_word' id='word_1_348' title='bbox 1428 2571 1586 2602; x_wconf 85' lang='lat' dir='ltr'><strong>concolor</strong></span> <span class='ocrx_word' id='word_1_349' title='bbox 1610 2571 1719 2603; x_wconf 63' lang='lat' dir='ltr'><strong>auro!</strong></span> 
     </span>
     <span class='ocr_line' id='line_1_70' title="bbox 1020 2619 1714 2662; baseline -0.006 -7"><span class='ocrx_word' id='word_1_350' title='bbox 1020 2625 1076 2655; x_wconf 88' lang='lat' dir='ltr'><strong>De</strong></span> <span class='ocrx_word' id='word_1_351' title='bbox 1093 2632 1130 2654; x_wconf 90' lang='lat' dir='ltr'><strong>re</strong></span> <span class='ocrx_word' id='word_1_352' title='bbox 1145 2622 1264 2653; x_wconf 84' lang='lat' dir='ltr'><strong>eadem</strong></span> <span class='ocrx_word' id='word_1_353' title='bbox 1282 2620 1420 2651; x_wconf 75' lang='lat' dir='ltr'><strong>Latinus</strong></span> <span class='ocrx_word' id='word_1_354' title='bbox 1434 2620 1594 2656; x_wconf 79' lang='lat' dir='ltr'><strong>Pacatus,</strong></span> <span class='ocrx_word' id='word_1_355' title='bbox 1608 2619 1714 2662; x_wconf 85' lang='lat' dir='ltr'><strong>insig-</strong></span> 
     </span>
     <span class='ocr_line' id='line_1_71' title="bbox 1019 2669 1499 2711; baseline -0.01 -8"><span class='ocrx_word' id='word_1_356' title='bbox 1019 2672 1069 2703; x_wconf 85' lang='lat' dir='ltr'><strong>nis</strong></span> <span class='ocrx_word' id='word_1_357' title='bbox 1085 2669 1287 2711; x_wconf 84' lang='lat' dir='ltr'><strong>Panegyrici</strong></span> <span class='ocrx_word' id='word_1_358' title='bbox 1303 2673 1432 2708; x_wconf 87' lang='lat' dir='ltr'><strong>auctor,</strong></span> <span class='ocrx_word' id='word_1_359' title='bbox 1446 2671 1499 2699; x_wconf 85' lang='grc'><strong>24.</strong></span> 
     </span>
    </p>

    <p class='ocr_par' dir='ltr' id='par_1_21' title="bbox 1023 2717 1713 2862">
     <span class='ocr_line' id='line_1_72' title="bbox 1062 2717 1712 2759; baseline -0.003 -7"><span class='ocrx_word' id='word_1_360' title='bbox 1062 2724 1103 2752; x_wconf 82' lang='grc'><strong>63</strong></span> <span class='ocrx_word' id='word_1_361' title='bbox 1127 2719 1302 2759; x_wconf 76' lang='lat' dir='ltr'><strong>AEsonides]</strong></span> <span class='ocrx_word' id='word_1_362' title='bbox 1333 2718 1499 2748; x_wconf 82' lang='lat' dir='ltr'><strong>Convenit</strong></span> <span class='ocrx_word' id='word_1_363' title='bbox 1523 2717 1557 2748; x_wconf 89' lang='lat' dir='ltr'><strong>id</strong></span> <span class='ocrx_word' id='word_1_364' title='bbox 1581 2718 1712 2750; x_wconf 83' lang='lat' dir='ltr'><strong>Iasonis</strong></span> 
     </span>
     <span class='ocr_line' id='line_1_73' title="bbox 1023 2766 1713 2810; baseline -0.004 -9"><span class='ocrx_word' id='word_1_365' title='bbox 1023 2769 1129 2810; x_wconf 82' lang='grc' dir='ltr'>ὀρέξει,</span> <span class='ocrx_word' id='word_1_366' title='bbox 1143 2769 1199 2810; x_wconf 91' lang='lat' dir='ltr'><strong>qui</strong></span> <span class='ocrx_word' id='word_1_367' title='bbox 1216 2767 1411 2799; x_wconf 86' lang='lat' dir='ltr'><strong>Aristotelis</strong></span> <span class='ocrx_word' id='word_1_368' title='bbox 1430 2767 1553 2807; x_wconf 84' lang='lat' dir='ltr'><strong>verbis,</strong></span> <span class='ocrx_word' id='word_1_369' title='bbox 1567 2766 1627 2807; x_wconf 80' lang='grc' dir='ltr'><strong>ἔφη</strong></span> <span class='ocrx_word' id='word_1_370' title='bbox 1647 2778 1713 2800; x_wconf 74' lang='grc' dir='ltr'><strong>πει-</strong></span> 
     </span>
     <span class='ocr_line' id='line_1_74' title="bbox 1025 2816 1595 2862; baseline -0.004 -11"><span class='ocrx_word' id='word_1_371' title='bbox 1025 2822 1078 2862; x_wconf 82' lang='grc' dir='ltr'><strong>νῇν</strong></span> <span class='ocrx_word' id='word_1_372' title='bbox 1090 2820 1137 2851; x_wconf 76' lang='grc' dir='ltr'><strong>ὅτι</strong></span> <span class='ocrx_word' id='word_1_373' title='bbox 1150 2819 1193 2857; x_wconf 78' lang='grc' dir='ltr'><strong>μὴ</strong></span> <span class='ocrx_word' id='word_1_374' title='bbox 1207 2818 1358 2857; x_wconf 80' lang='grc' dir='ltr'><strong><em>τυραννεῖ,</em></strong></span> <span class='ocrx_word' id='word_1_375' title='bbox 1374 2816 1476 2848; x_wconf 85' lang='lat' dir='ltr'><strong>Polit.</strong></span> <span class='ocrx_word' id='word_1_376' title='bbox 1491 2825 1548 2848; x_wconf 81' lang='grc' dir='ltr'>ιιι.</span> <span class='ocrx_word' id='word_1_377' title='bbox 1564 2820 1595 2850; x_wconf 80' lang='grc'><strong>3.</strong></span> 
     </span>
    </p>
   </div>
  </div>
 </body>
</html>
