1889 3194
544 369 608 398 DF.
642 367 798 397 BELLO
829 366 1057 397 TROJANO
1092 366 1184 396 LIB.
1218 366 1293 396 111.

1552 357 1635 398 461

192 460 319 511 Quos
340 460 520 501 Larissa
536 460 671 511 fovet,
692 473 806 515 quas
828 459 1007 502 Graecia
1026 464 1171 501 cetera
1192 461 1344 502 nutrit.

192 527 449 568 Enumerem
466 528 486 568 ’ἲ
518 527 764 582 facilesque
786 527 871 568 fide
894 527 1087 568 dictante
1104 531 1276 568 meatus

190 594 414 635 Victrices
437 595 645 636 Danaum
663 599 781 636 certo
803 607 964 648 sequar
987 594 1138 635 ordine
1158 595 1276 635 vires
1292 596 1311 635 ’ῑ

1551 595 1637 635 415

194 661 310 712 Quae
331 661 449 711 loca,
472 662 548 715 qui
569 675 710 715 regeS‚
726 661 913 715 pelagus
936 661 1052 715 quod
1075 662 1266 715 quisque
1288 661 1440 714 fatiget

193 728 464 770 elassibus?
498 742 551 770 ac
573 729 767 770 celebres
787 728 871 770 hac
891 730 994 770 novi
1011 732 1133 782 parte
1155 728 1396 770 Camoenas

194 795 408 836 Fraudari
427 796 582 846 titulis,
600 808 818 849 auresque
840 794 1059 836 offendere
1080 796 1255 837 molles.

193 861 347 904 Pauca
367 867 513 903 tamen
529 863 674 904 studio
691 876 777 904 non
800 866 1068 915 aegrescente
1089 863 1315 904 faventum

195 929 427 971 Succincte
443 929 611 972 dixisse
632 930 779 980 velim,
801 931 1056 983 numerique
1079 930 1225 982 sigillo

1553 929 1639 971 420

194 995 224 1036 J
228 1001 379 1037 uratas
396 997 592 1050 signasse
613 1001 730 1039 rates
747 1010 758 1037 :
791 998 897 1038 Fert
915 997 1030 1038 bella
1045 998 1116 1038 bis
1135 1010 1240 1047 una,

196 1063 279 1104 Bis
302 1066 474 1105 centum
497 1071 541 1105 et
559 1065 708 1106 decies
723 1069 913 1114 centum,
936 1077 1049 1118 quas
1070 1065 1267 1118 undique
1282 1067 1430 1117 raptas

196 1129 404 1184 Cecropii
426 1135 558 1173 vocat
578 1132 697 1173 unda
717 1133 857 1183 sinus,
880 1136 925 1173 et
947 1130 1167 1185 Apollinis
1190 1145 1341 1186 aequor
1359 1145 1369 1170 :

197 1196 306 1238 Huc
329 1199 464 1248 acies,
485 1199 571 1240 huc
591 1212 712 1241 arma
731 1204 873 1241 meant
891 1213 901 1241 :
931 1199 1032 1240 hinc
1050 1199 1210 1240 bellica
1231 1199 1388 1240 classis

197 1262 343 1305 Ordiri
359 1265 552 1319 disponit
573 1267 667 1317 iter,
690 1267 754 1308 sic
774 1267 948 1308 culmen
966 1266 1101 1307 herile

1554 1265 1641 1308 425

197 1331 381 1385 Imperii
397 1331 550 1385 jussit,
568 1334 725 1375 statuit
746 1334 950 1375 consulta
970 1336 1188 1386 potestas.

255 1397 344 1440 Ast
364 1399 442 1440 ubi
457 1404 581 1453 gesta
602 1400 824 1454 Phrygum
847 1401 1047 1454 geminos
1069 1400 1248 1452 vulgata
1270 1400 1474 1442 Lacones

199 1463 491 1518 Concussere,
510 1467 702 1509 fremunt
723 1468 866 1516 ambo,
888 1467 1011 1508 dolor
1027 1467 1196 1508 excitat
1220 1469 1391 1517 ambos,

198 1531 371 1574 Ambos
392 1533 458 1575 ira
480 1533 637 1588 quatit,
657 1547 743 1576 non
765 1534 830 1576 sic
852 1535 1011 1576 orbata
1030 1535 1183 1576 leones

806 1662 944 1675 ’ΜΝ

244 1731 307 1761 417
330 1729 376 1761 At
394 1730 549 1762 Dresem.

945 1662 1042 1676 W&

849 1829 997 1861 NOTAE

199 1913 232 1943 p.
246 1905 299 1934 82.
343 1902 431 1934 Vide
448 1903 639 1936 Erasmum.
677 1904 896 1946 Symmachus

200 1954 298 1994 epist.
309 1956 362 1984 61.
380 1954 437 1985 lib.
450 1963 531 1985 viu.
547 1955 556 1971 ‘
570 1956 706 1995 Vulgati
724 1955 897 1995 proverbii

200 2008 266 2043 est,
277 2003 466 2045 Enavigato
481 2005 598 2036 Maleo
611 2005 767 2037 oblimari
782 2015 897 2037 eorum

201 2053 406 2093 memoriam,
443 2064 526 2095 quos
566 2056 658 2087 domi
697 2055 899 2097 reliqueris)

202 2103 333 2134 Plinius
350 2104 505 2135 Caecilius
529 2105 640 2145 Epist.
660 2108 710 2137 10.
733 2104 808 2145 ὑπὲρ
831 2110 898 2137 Μα-

201 2152 291 2183 λέαν.
334 2153 423 2184 Vide
450 2154 632 2185 Brodaeum
661 2164 686 2185 1.
710 2158 763 2186 35.
802 2156 899 2186 Umbo

202 2207 315 2234 autem
333 2207 385 2234 est
397 2204 484 2244 quod
500 2204 682 2244 prominet,
702 2203 796 2245 πρών.
831 2206 899 2237 Vo-

203 2251 359 2284 cabulum
372 2253 520 2293 Papinio
537 2253 710 2296 frequens.

247 2305 309 2335 421
326 2302 404 2334 Fert
421 2303 500 2334 bella
513 2304 558 2334 bis
571 2314 645 2343 una,
661 2305 721 2336 Bis
733 2309 856 2337 centum
870 2310 900 2338 et

203 2352 303 2384 decies
313 2353 448 2393 centum]
468 2354 589 2393 Dares,
600 2355 653 2395 cuj
661 2365 696 2385 us
707 2355 835 2386 Noster
851 2354 902 2386 fu-

203 2401 288 2433 nalis
305 2411 423 2443 equuS‚
439 2402 546 2434 variat
562 2402 597 2433 in
613 2412 772 2435 numero:
798 2405 901 2436 etiam

203 2451 340 2492 Dictys.
384 2452 585 2493 Catalogum
626 2453 762 2485 navium
799 2454 903 2485 habes

205 2501 295 2541 apud
306 2501 505 2542 Homerum,
513 2506 546 2533 et
556 2503 733 2543 Papinium
743 2504 776 2535 in
786 2503 902 2536 Achil-

203 2550 304 2583 leide.
348 2552 503 2593 Plautus,
539 2551 696 2593 Ovidius,
725 2553 901 2594 Virgilius,

203 2601 421 2642 Propertius,
433 2602 623 2644 Juvenalis,
637 2603 769 2635 Seneca
784 2604 902 2645 Tragi-

204 2660 278 2690 cus,
307 2652 502 2693 Euripides,
529 2652 632 2683 etiam
664 2653 778 2684 Livius
812 2662 846 2685 v.
870 2658 902 2685 5.

204 2701 297 2732 mille
313 2711 430 2741 naves,
446 2701 666 2743 Thucydides
680 2711 705 2735 ι.
722 2703 814 2733 mille
841 2702 902 2734 du-

205 2756 338 2783 centas.
382 2752 552 2783 Homerus
583 2753 697 2793 plures
733 2758 902 2785 numerat.

205 2799 308 2841 Apud
332 2801 495 2833 Nostrum
518 2812 549 2833 v.
595 2802 800 2834 Palamedes
824 2803 902 2835 huic

204 2860 341 2883 numero
351 2854 402 2883 30.
417 2851 525 2883 addit.
547 2852 703 2893 Hyginus
715 2852 846 2884 fab.97.
859 2853 902 2884 ab

206 2900 362 2933 omnibus
387 2901 555 2934 dissentit.
598 2903 773 2934 Manasses
800 2903 902 2935 etiam

950 1904 1068 1936 στόλον
1087 1902 1295 1944 χιλιόστολον
1320 1908 1435 1936 vocat.
1462 1904 1650 1936 Pausanias

950 1956 984 1986 in
1003 1954 1181 1986 Laconicis
1203 1954 1383 1986 Hellenium
1403 1960 1505 1987 vocat
1526 1957 1651 1992 locum,

951 2004 1136 2036 ubiGraeci
1154 2005 1342 2036 consultum
1369 2006 1544 2036 venerint:
1568 2007 1651 2037 alios

952 2064 1032 2086 vero
1059 2054 1102 2086 ad
1127 2055 1253 2086 Xerxis
1280 2055 1536 2095 expeditionem
1561 2056 1651 2087 hunc

952 2105 1064 2136 locum
1082 2103 1265 2135 transferre
1280 2105 1340 2135 ait.

995 2157 1058 2186 423
1085 2154 1228 2194 Cecropii
1243 2157 1330 2184 vocat
1353 2155 1436 2185 unda
1458 2153 1561 2194 sinus]
1585 2154 1653 2185 Alii

954 2203 989 2234 in
1008 2203 1131 2234 Aulide
1154 2203 1306 2244 juratum
1331 2202 1364 2233 id
1382 2202 1507 2234 bellum
1524 2204 1655 2238 volunt,

954 2253 1052 2293 Virg.
1070 2262 1123 2284 1v.
1152 2252 1230 2284 AEn.
1252 2252 1376 2292 Papin.
1401 2261 1441 2283 11.
1470 2251 1654 2284 Achilleid-

955 2303 1185 2333 Philostratus
1201 2301 1235 2332 in
1244 2301 1403 2332 Heroicis
1416 2301 1536 2337 variat,
1549 2301 1654 2332 inter-

955 2352 1035 2384 dum
1051 2353 1141 2384 enim
1166 2352 1199 2383 in
1224 2351 1349 2384 Aulide
1375 2351 1586 2391 convenisse,
1604 2352 1655 2383 in-

956 2402 1089 2434 terdum
1104 2402 1229 2433 bellum
1246 2402 1449 2442 aitjurasse.
1490 2402 1620 2433 Noster
1635 2412 1655 2433 a

955 2453 1085 2484 Darete
1108 2452 1189 2492 ῥινὸς
1213 2451 1376 2492 ἀγόμενος,
1401 2452 1546 2484 Athenis
1569 2452 1655 2482 clas-

956 2513 1025 2534 sem
1041 2503 1241 2534 convenisse
1258 2502 1391 2541 scribit,
1401 2502 1483 2533 inibi
1498 2502 1655 2533 consulto

955 2552 1106 2593 oraculo,
1123 2556 1328 2593 tempestate
1342 2551 1541 2592 impeditam
1558 2557 1593 2584 et
1605 2561 1657 2584 re-

955 2606 1155 2643 togressam,
1171 2612 1213 2634 ex
1227 2602 1351 2633 Aulide
1367 2603 1521 2634 solvisse.

999 2653 1157 2693 Apollinis
1168 2652 1288 2693 oequor]
1300 2653 1389 2684 Cur?
1406 2662 1446 2684 an
1461 2653 1538 2694 quia
1553 2651 1656 2693 Apol—

956 2703 989 2734 lo
1005 2703 1044 2735 ὡς
1057 2702 1198 2744 πατρῶός
1214 2703 1282 2733 ἐστι
1297 2703 1339 2745 τῇ
1357 2702 1460 2742 πόλει,
1476 2713 1552 2744 qnae
1577 2709 1656 2734 sunt

958 2754 1062 2784 verba
1077 2753 1321 2785 Demosthenis
1337 2754 1368 2784 in
1383 2754 1483 2785 Orat.
1500 2763 1560 2793 pro
1576 2753 1657 2784 Cte-

956 2803 1107 2842 siphone.
1152 2802 1259 2833 Plura
1287 2802 1495 2834 Scholiastes
1524 2802 1657 2833 Aristo-

957 2852 1075 2893 phanis
1092 2851 1134 2882 ad
1153 2852 1282 2884 Nubes.
