1889 3194
292 327 377 369 498

290 431 535 473 Phoebeum
556 434 747 473 maturat
765 431 860 473 iter.

808 338 1008 369 JOSEPHI
1044 338 1208 369 ISCANI

920 430 1106 472 Sensere
1127 430 1317 483 Pelasgi,

290 497 440 539 Sensit
459 503 501 539 et
519 498 618 552 ipse
635 498 792 539 ducum
810 498 1021 551 princeps
1044 498 1226 551 AEgaeus
1247 497 1425 539 Atrides

1674 497 1733 538 45

289 564 545 605 Adventare
569 565 713 606 diem:
744 578 846 606 mox
861 570 1044 606 nectens
1069 564 1220 605 ordine
1241 578 1432 619 puppes,

291 631 345 672 In
365 631 520 672 mediis
538 632 753 685 alnosque
777 632 928 673 breves
949 636 993 672 et
1013 632 1113 672 vela
1134 631 1305 672 minora

290 698 469 740 Claudit
489 698 618 752 aquis
635 711 646 738 ε
674 704 719 740 at
739 699 967 751 turrigeras
983 698 1213 752 pelagique
1230 700 1432 751 potentes

289 766 347 807 Et
366 765 532 806 bellare
550 765 706 806 avidas
722 766 889 819 primos
915 765 1114 819 disponit
1129 766 1171 806 in
1191 765 1318 806 ictus.

290 831 486 885 Cumque
508 837 626 873 metu
647 833 857 886 praedone
876 833 1007 873 animi
1027 832 1235 885 perculsa
1254 831 1453 873 labarent

1676 835 1733 876 50

288 898 496 951 Agmina,
512 905 555 939 et
574 899 796 940 horrorem
823 912 1019 953 praesens
1039 899 1249 939 instantia
1266 898 1429 939 Martis

290 966 526 1015 Incuteret,
546 966 638 1006 dux
661 980 762 1007 orsa
783 972 946 1015 movet,
965 965 1063 1019 quis
1088 967 1272 1019 integrat
1292 967 1390 1014 iras,

291 1032 428 1086 Spem
451 1033 608 1081 sancit,
639 1034 780 1075 firmat
802 1034 988 1083 animos,
1009 1037 1052 1074 et
1073 1033 1252 1073 roborat
1270 1045 1420 1073 ausus.

346 1099 530 1140 Ultores
553 1100 713 1150 Danai,
733 1114 819 1141 non
844 1106 1019 1141 nectere
1045 1100 1177 1141 verba
1196 1112 1393 1149 necesse,

288 1165 346 1207 Et
363 1165 518 1220 longas
538 1168 763 1208 cumulare
784 1180 960 1221 preces:
982 1180 1082 1208 sese
1103 1166 1275 1207 excitat
1299 1166 1416 1207 ultro

1677 1169 1734 1210 55

289 1233 466 1285 Virtus;
499 1238 544 1276 at
559 1234 764 1288 quisquis
783 1234 974 1288 pavidus
996 1234 1125 1274 timor
1144 1234 1332 1274 obstruit
1349 1246 1492 1282 aures,

290 1301 348 1342 Et
368 1302 576 1354 precibus
596 1315 719 1343 mens
742 1301 865 1342 tarda
886 1305 1032 1353 negat,
1065 1300 1169 1353 quin
1192 1312 1348 1354 aspera
1367 1312 1506 1341 rerum

291 1367 354 1408 Ni
375 1368 553 1421 longum
572 1369 825 1410 meminisse
845 1368 970 1418 foret,
993 1367 1078 1408 sibi
1099 1366 1283 1420 publica
1306 1367 1468 1408 bellum

902 1464 1020 1476 oooooo

334 1521 374 1549 45
399 1519 534 1558 Argoeus
551 1518 638 1550 Edd.
656 1520 746 1551 Mor.
761 1523 796 1551 et
809 1519 984 1560 Spondan.

1024 1463 1141 1475 eeeeee

942 1591 1081 1623 NOTAE

292 1643 347 1674 lol.
364 1644 481 1677 Claud.
495 1644 537 1675 de
555 1654 607 1676 lv.
628 1645 772 1677 Honorii
789 1646 985 1677 Consulatu.

293 1693 393 1724 Philo
410 1693 451 1724 de
467 1693 602 1734 opificio
619 1695 733 1726 mundi
746 1706 778 1736 p.
791 1699 821 1726 8.
847 1696 986 1727 Ocellus

293 1743 446 1774 Lucanus
460 1743 548 1783 apud
560 1744 731 1775 Stobaeum
739 1755 769 1777 c.
779 1748 828 1776 16.
847 1746 987 1777 Prolixe

293 1792 520 1824 Nicomachus
536 1794 725 1825 Gerasenus
741 1804 765 1827 1.
789 1795 936 1826 Musices
956 1805 990 1835 p.

293 1844 346 1872 66.
391 1841 541 1873 Avienus
557 1845 752 1875 ‘numerum
772 1845 852 1875 celsi
871 1845 987 1876 modu-

293 1891 423 1922 laminis
437 1891 445 1904 ’
475 1901 499 1923 1.
524 1898 635 1924 vocat.
681 1893 876 1924 Gerasenus
905 1894 987 1924 Plu-

294 1941 404 1972 tarchi
423 1941 562 1972 ductum
580 1942 675 1983 sequi
691 1942 826 1973 videtur
842 1953 875 1983 p.
892 1946 986 1974 1029.

294 1989 380 2021 libro
395 1990 435 2021 de
449 1990 579 2022 Animae
593 1997 760 2031 procreat.
785 1993 894 2024 Recte
908 2002 987 2023 vero

295 2039 403 2079 addit,
434 2041 443 2057 ⁶
460 2051 661 2082 semperque
690 2043 822 2081 negatis
841 2041 871 2080 ;'
909 2042 988 2082 quia

294 2088 420 2120 dudum
446 2090 477 2120 id
503 2101 521 2121 a
545 2100 673 2122 summo
696 2091 899 2132 Philosopho
922 2091 988 2122 fac-

294 2143 365 2169 turn
383 2140 424 2171 de
442 2141 534 2171 Coelo
551 2149 589 2171 11.
602 2143 634 2172 9.
650 2142 784 2180 κομψῶς,
798 2141 918 2180 inquit,
932 2139 989 2179 μὲν

295 2189 408 2228 εἴρηται
432 2188 483 2220 καὶ
499 2192 647 2230 περιττῶς
674 2190 731 2221 ὑπὸ
745 2192 808 2221 τῶν
829 2189 988 2231 εἷπόντων,

293 2238 328 2269 οὐ
343 2238 400 2277 μὲν
420 2239 499 2270 οὕτω
513 2241 544 2279 ’γ’
561 2239 628 2280 ἔχει
643 2239 679 2271 τὸ
696 2240 818 2278 ἀληθές.
844 2241 988 2272 Basilius

294 2290 450 2321 videatur
465 2292 565 2321 etiam
579 2291 611 2322 d.
627 2291 649 2321 Ι.
665 2292 780 2322 Solent
794 2291 906 2322 Graeci
922 2290 987 2321 Pa-

294 2342 375 2375 tres,
393 2339 654 2380 Chrysostomus
672 2350 776 2381 sape,
795 2339 917 2380 χορείας
932 2339 988 2371 ἅσ-

293 2400 386 2429 τρων,
401 2394 438 2420 ut
456 2390 568 2421 Latini
580 2393 589 2408 ‘
601 2391 739 2422 choreas
753 2391 919 2431 astricas‚'
930 2401 988 2422 no-

293 2439 444 2471 minare:
469 2440 527 2471 sed
544 2440 625 2471 nihil
638 2441 701 2472 hoc
718 2441 758 2471 ad
778 2441 865 2471 illam
882 2442 986 2472 Musi-

294 2497 380 2520 cam.
434 2488 586 2521 Irenaeus
604 2499 628 2521 1.
650 2490 809 2521 adversus
829 2491 988 2522 Haereses

295 2539 448 2580 scripsit,
466 2540 619 2571 Marcum
634 2540 801 2581 quendam
818 2541 989 2580 statuisse,

294 2588 438 2628 primum
462 2590 582 2620 coelum
602 2599 719 2621 sonare
743 2603 773 2629 a,
798 2591 986 2630 proximum

296 2650 323 2673 ε,
350 2643 385 2669 et
407 2639 454 2670 sic
480 2639 610 2680 ordine,
634 2640 778 2682 indeque
799 2642 988 2672 coalescere

295 2688 502 2729 Pythagorae
524 2695 736 2722 concentum.
779 2690 847 2722 Sed
868 2690 988 2731 φληνά-

295 2744 372 2776 φους
390 2738 521 2778 μακροὺς
542 2739 592 2770 καὶ
612 2741 716 2780 ’γραῶν
730 2740 839 2772 ὕθλους
855 2741 963 2772 texuit
980 2751 987 2771 :

297 2787 373 2818 vide
392 2788 542 2819 Vossium
560 2798 600 2820 ea
616 2789 658 2821 de
684 2799 720 2821 re
735 2790 768 2821 in
786 2791 988 2822 eretoricis.

298 2835 387 2868 Illud
410 2846 473 2869 non
498 2847 593 2880 aeque
616 2840 715 2879 vulgo
743 2845 872 2881 notum,
901 2840 989 2882 quod

1039 1644 1159 1676 eadem
1175 1643 1240 1676 fide
1258 1645 1327 1676 veri
1345 1654 1386 1675 ex
1402 1644 1596 1677 Xenocrate
1611 1655 1642 1686 p.
1657 1648 1734 1680 944.

1040 1695 1245 1726 Plutarchus
1270 1695 1389 1726 scribit
1414 1695 1447 1726 in
1472 1695 1557 1726 libro
1579 1695 1622 1727 de
1646 1695 1734 1728 facie

1042 1745 1167 1782 Lunae3
1201 1744 1332 1784 piorum
1355 1745 1480 1775 animas
1503 1745 1734 1777 suavissimam

1040 1794 1129 1824 illam
1142 1793 1359 1824 Harmoniam
1371 1803 1435 1824 non
1447 1794 1736 1836 exaudire‚quam·

1040 1844 1097 1874 diu
1116 1844 1148 1875 in
1164 1843 1282 1875 umbra
1299 1844 1403 1874 ernae
1429 1849 1526 1875 sunt:
1561 1845 1637 1876 hinc
1665 1855 1735 1877 aera

1040 1894 1219 1934 pulsabant
1240 1893 1426 1933 auxiliaria,
1441 1898 1477 1924 ut
1493 1894 1540 1924 ait
1559 1895 1737 1937 Papinius,

1040 1953 1115 1973 cum
1134 1944 1228 1973 Luna
1244 1943 1420 1983 delinquit.
1465 1943 1505 1974 Id
1520 1954 1651 1985 quoque
1668 1945 1734 1977 huc

1039 1991 1135 2031 facit,
1152 1992 1239 2032 quod
1259 1992 1440 2023 Cleanthes
1458 1993 1562 2024 solem
1578 1994 1736 2035 πλῆκτρον

1041 2041 1174 2072 vocavit
1189 2052 1196 2073 :
1221 2042 1298 2082 quia
1317 2042 1350 2072 ἐν
1369 2043 1435 2073 ταῖς
1450 2042 1616 2074 ἀνατολαῖς
1631 2043 1737 2083 ἐρείδει

1039 2091 1096 2123 τὰς
1111 2092 1221 2131 αὐγὰς,
1237 2090 1300 2123 οἷον
1315 2091 1465 2129 πλήσσων
1476 2092 1532 2123 τὸν
1554 2092 1670 2130 κόσμον
1692 2093 1737 2126 εἷς

1039 2141 1098 2178 τὴν
1133 2140 1309 2182 ἐναρμόνιον
1334 2140 1459 2182 πορείαν
1487 2142 1525 2172 τὸ
1558 2144 1623 2182 φῶς
1656 2142 1738 2182 ἄγει.

1039 2191 1048 2208 ‘
1065 2191 1169 2222 Elidit
1193 2190 1369 2222 modulisz'
1405 2191 1501 2232 quasi
1523 2192 1642 2223 attritu
1665 2193 1737 2225 fiat.

1042 2241 1146 2273 Ovid.
1173 2241 1268 2272 ‘elisi
1287 2241 1432 2273 nubibus
1448 2241 1558 2282 ignis!
1581 2251 1631 2275 VI.
1658 2242 1736 2274 Me-

1043 2298 1122 2325 tam.
1141 2293 1282 2324 petron.
1305 2293 1418 2324 ‘elisae
1436 2294 1576 2324 vulnera
1591 2293 1710 2334 pacis.’

1083 2346 1125 2374 50
1165 2344 1302 2383 Cumque
1334 2347 1419 2374 metu
1451 2343 1593 2383 praedone
1623 2342 1737 2383 animi]

1042 2394 1183 2425 Cointus
1201 2402 1280 2425 vnr.
1303 2392 1370 2425 δέος
1385 2392 1418 2424 δὲ
1432 2393 1504 2430 βίην
1518 2392 1662 2432 ἀμαθύνει
1676 2392 1737 2424 Καὶ

1043 2443 1122 2475 νόον.
1163 2443 1366 2484 Τρεσσοίντων
1388 2444 1413 2474 δ’
1428 2444 1543 2484 ἀνδρῶν
1563 2444 1638 2475 πᾶσ’
1657 2443 1734 2475 ἀπό-

1041 2494 1118 2525 λωλ’
1133 2493 1239 2534 ἀρετὴ,
1252 2494 1423 2535 Tyrtaeus.

1085 2545 1124 2574 54
1155 2544 1281 2574 Ultores
1297 2543 1416 2582 Danai,
1431 2541 1498 2582 ξω]
1515 2540 1569 2572 Ad
1584 2541 1669 2573 hanc
1684 2540 1736 2574 fa.

1042 2592 1127 2623 ciem
1142 2593 1256 2624 Caesar
1273 2592 1362 2632 apud
1380 2592 1564 2629 Lucanum,
1579 2599 1644 2621 vu.
1660 2601 1737 2623 suos

1043 2644 1181 2675 animat.
1203 2643 1296 2683 Virg.
1314 2650 1351 2673 x.
1396 2640 1614 2672 Lesbonactis
1640 2641 1672 2672 in
1694 2651 1735 2674 eo

1044 2701 1168 2732 genere
1193 2693 1331 2732 elegans
1358 2694 1409 2721 est
1435 2690 1622 2721 hortatoria.
1647 2690 1736 2722 inter

1044 2742 1228 2772 Orator-um
1255 2741 1450 2772 Graecornm
1491 2739 1671 2771 Orationes
1701 2750 1736 2780 p.

1044 2794 1116 2823 170.
1162 2789 1265 2822 Refer
1287 2790 1349 2820 huc
1365 2789 1492 2829 Tyrtaei
1509 2789 1646 2822 bellicas
1661 2801 1737 2830 προ.

1041 2839 1169 2881 τροπὰς,
1185 2844 1221 2872 et
1237 2839 1388 2871 Frontini
1405 2846 1430 2870 1.
1447 2840 1478 2870 2.
