1889 3194
274 326 359 369 452
790 335 991 365 JOSEPHI

272 431 346 473 Ne
364 443 567 485 propera,
587 429 709 471 dabit
727 428 807 470 illa
825 441 993 477 manus,
1022 439 1181 468 manus
1204 439 1338 469 aurea
1358 428 1533 470 vincet:

272 499 382 540 Plus
404 499 580 552 opibus,
601 497 746 538 minus
766 508 841 537 ore
863 501 991 549 potes
1009 507 1020 533 z

1028 335 1193 365 lscANl

1633 428 1720 470 250

1059 494 1276 535 Cicerone
1297 495 1491 538 secundo

272 566 318 607 Ν
324 579 380 608 on
400 578 516 619 opus
535 568 616 615 est,
637 564 713 605 ubi
730 563 877 604 fantur
897 574 1028 615 opes:
1059 562 1163 615 quin
1183 561 1285 615 ipsa
1303 563 1473 616 rapinis

273 632 507 675 Blanditur
527 632 699 673 fortuna
719 631 822 679 tuis,
841 630 962 679 urbS‚
985 641 1108 678 aura,
1130 628 1324 670 Lacaena

272 700 422 749 Nuda,
442 699 610 748 favens,
630 697 789 747 facilis,
811 700 1006 749 coeptum
1020 695 1167 750 juvat,
1189 696 1307 737 urbis
1330 696 1490 739 Helaea

272 767 464 816 Nomen,
483 766 527 806 in
545 765 658 806 hanc
678 764 857 818 pelagus
878 763 1010 803 undis
1030 763 1276 804 declivibus
1296 768 1462 815 actum,

1633 763 1720 805 255

270 834 481 874 Proxima
495 832 680 873 littoreis
698 830 907 872 delambit
927 834 1047 871 tecta
1066 830 1294 883 procellis,

271 899 329 940 Et
343 899 511 940 medias
530 898 730 952 impingit
748 911 903 951 aquas,
925 897 1181 950 clauditque
1203 897 1436 951 profundo.

270 967 364 1008 Hic
386 966 674 1018 Latonigenis
695 969 909 1018 cognatas
931 967 1147 1006 struxerat
1167 977 1266 1006 aras

270 1033 425 1074 Prisca
444 1032 581 1074 fides:
607 1032 736 1086 jubet
756 1032 827 1074 hic
848 1036 1020 1073 noctem
1039 1032 1191 1085 regina
1213 1032 1506 1086 propinquam

269 1100 490 1142 Excubiis
511 1100 698 1141 hilarare
722 1100 861 1140 sacris
883 1111 894 1138 ε

928 1099 1143 1152 templum
1162 1100 1261 1152 ipsa
1284 1100 1522 1153 superbum

1635 1100 1721 1143 260

270 1168 422 1210 Prima
441 1168 562 1222 petit,
584 1167 806 1220 solitoque
829 1166 954 1207 Deos
975 1167 1183 1219 implorat
1203 1166 1381 1208 honore.

327 1235 421 1277 Res
443 1235 606 1289 cupido
626 1235 796 1288 perlata
818 1233 996 1288 Phrygi,
1017 1233 1252 1274 temeraria
1269 1234 1412 1276 sancit

269 1302 480 1353 Consilia,
502 1302 788 1355 indulgetque
810 1300 958 1342 aditus
980 1302 1025 1342 in
1046 1305 1151 1341 vota
1170 1300 1393 1342 secundos

270 1370 480 1411 Pollicito
501 1369 666 1423 majore
686 1369 841 1411 Venus
859 1381 870 1408 ι
899 1380 1054 1422 rapere
1074 1367 1211 1421 (baud
1233 1366 1375 1422 mora)
1395 1371 1576 1423 nuptam

269 1437 440 1487 Victor,
460 1442 504 1478 et
522 1436 721 1477 imbelles
738 1436 943 1489 populari
964 1435 1155 1476 destinat
1178 1448 1294 1476 aras.

1636 1435 1724 1478 265

269 1503 504 1557 Tantaque
525 1504 798 1558 praecipitem
820 1503 972 1556 pulsat
993 1503 1179 1544 lascivia
1196 1507 1399 1552 mentem,

924 1643 1071 1674 NOTAE

314 1721 378 1750 250
403 1718 454 1749 Ne
478 1727 622 1758 propera,
649 1717 737 1749 dabit
761 1718 818 1748 illa
842 1717 967 1757 manus]

271 1769 375 1800 Ovid.
404 1766 645 1808 ματαιοτεχνίας
671 1776 729 1799 111.
754 1767 880 1807 ‘Saepe
910 1765 969 1797 da-

272 1819 334 1854 bit,
351 1819 484 1849 dederit
504 1828 586 1859 quas
606 1818 711 1849 semel
734 1817 804 1855 ille,
827 1814 969 1847 manus.'

273 1868 393 1901 Claud.
421 1873 429 1886 ⁴
444 1868 613 1908 Quicquid
644 1876 750 1906 amas,
785 1866 881 1897 dabit
911 1866 969 1897 illa

271 1928 403 1957 manus,
425 1918 651 1949 communiter
678 1916 768 1948 omni
804 1916 970 1957 Fungitur

272 1966 407 2002 officio‚’
422 1967 454 1997 in
470 1967 684 2007 Eutropium.

314 2017 432 2048 Manus
444 2027 538 2048 aurea
552 2017 668 2057 vincet]
685 2017 809 2049 Notum
826 2020 878 2047 est
889 2015 968 2046 Phi-

271 2066 367 2106 lippo
384 2066 500 2097 datum
526 2068 709 2098 oraculum.
744 2066 920 2106 Aristoph.
935 2067 968 2097 in

272 2117 394 2148 Ranis:
413 2118 482 2152 Φεῦ,
498 2117 538 2148 ὡς
549 2116 633 2156 μέγα
646 2117 797 2148 δύνασθον
810 2117 971 2156 πανταχοῦ

271 2166 316 2196 τὼ
337 2165 381 2197 δύ’
403 2165 528 2202 ὄβολώέ
573 2167 686 2198 Plaut.
711 2167 791 2198 Aul.
815 2172 822 2185 ¹
838 2166 884 2198 Di
911 2167 970 2197 im-

271 2218 445 2258 mortales,
460 2228 575 2249 aurum
592 2218 673 2259 quid
691 2219 780 2249 valet
798 2217 825 2249 !'
857 2218 971 2249 Phile-

270 2278 348 2299 mon
365 2268 567 2300 Amalthaeae
586 2264 692 2300 cornu
711 2268 849 2300 divitias
867 2269 971 2299 nomi-

270 2319 387 2358 nabat,
414 2319 503 2360 apud
526 2319 624 2350 Stob.
646 2328 745 2350 serm.
770 2321 844 2350 228.
868 2328 967 2360 quem

271 2369 363 2409 vide,
374 2374 410 2401 et
421 2379 555 2410 oppone
572 2370 637 2401 illis
648 2369 770 2401 Isidori
782 2369 966 2400 Pelusiotae

271 2428 407 2450 auream
422 2420 533 2460 Epist.
549 2428 589 2450 11.
603 2430 636 2460 p.
652 2422 725 2450 146.
758 2419 967 2459 Xenophon:

270 2468 311 2500 τὰ
326 2468 444 2509 πονηρὰ
458 2468 608 2510 ἀνθρώπια
623 2469 678 2500 οὐκ
701 2469 738 2500 ἂν
753 2467 858 2501 ἄλλως
874 2468 969 2508 ἕλοις,

270 2518 291 2556 ἢ
306 2518 332 2550 εἶ
346 2518 457 2556 διδοίης
476 2531 518 2551 τι.
563 2520 687 2550 Manus
710 2528 792 2550 cava
813 2519 967 2551 avaritiae

270 2569 414 2610 signum,
439 2569 481 2601 de
498 2580 563 2612 qua
579 2569 728 2602 Casaub.
745 2568 786 2601 ad
813 2568 968 2602 Suetonii

272 2619 477 2660 Augustum.

300 2672 362 2700 251
383 2670 528 2701 Cicerone
538 2671 667 2702 secundo
678 2669 749 2701 Non
760 2679 833 2711 opus
846 2674 905 2711 est,
916 2671 969 2702 ubi

265 2717 379 2755 santur
393 2719 478 2760 opes]
500 2720 613 2760 Vulgo
629 2721 744 2751 aiunt:
775 2721 968 2752 ‘Nummus

274 2767 331 2797 ubi
347 2768 507 2809 loquitur,
520 2771 648 2801 Tulhus
673 2772 746 2811 ipse
771 2770 885 2802 tacet.’
906 2770 969 2801 Τὰν

274 2815 386 2855 ἀρετὰν
421 2817 471 2848 καὶ
509 2819 622 2859 σοφίαν
661 2821 780 2851 νικᾶντι
822 2822 966 2860 χελῶναι,

275 2864 439 2896 Proverb.
456 2872 553 2898 vetus
569 2869 658 2908 apud
675 2870 849 2902 Pollucem
867 2879 917 2902 lx.
934 2874 966 2902 6.

1022 1715 1159 1757 χελώνη,
1177 1716 1282 1756 addit,
1307 1715 1558 1754 Πελοποννήσιον
1578 1716 1721 1757 νόμισμα.

1023 1767 1240 1798 Contrarium
1254 1766 1398 1799 affirmat
1411 1767 1532 1799 Claud.
1543 1768 1719 1809 Epigram.

1023 1817 1066 1847 ad
1083 1817 1188 1856 Olyb.
1203 1818 1212 1834 ‘
1227 1817 1358 1848 Cedere
1375 1817 1502 1848 divitiis
1521 1817 1634 1854 animi,
1649 1817 1719 1849 for-

1023 1871 1106 1897 tuna
1121 1865 1261 1906 fatetur,
1279 1871 1313 1898 et
1329 1871 1442 1898 tantas
1455 1867 1521 1898 oris
1534 1868 1632 1909 copia
1648 1868 1719 1899 vin-

1023 1917 1071 1948 cit
1087 1917 1192 1957 opeS‚'
1207 1917 1295 1958 quod
1313 1922 1432 1948 contra
1447 1917 1543 1948 facit.

1064 1969 1126 1998 254
1154 1967 1247 1998 Urbis
1263 1966 1375 1998 Heloea
1401 1967 1534 2009 Nomen]
1568 1966 1655 1999 Ὦσεὶ
1671 1968 1721 1998 'E-

1022 2016 1108 2056 λαία,
1128 2017 1214 2058 quod
1230 2022 1320 2048 esset
1341 2016 1446 2054 ἑλετή.
1484 2018 1624 2050 Homer.
1640 2019 1682 2050 11.
1696 2023 1720 2050 1.

1022 2066 1143 2106 Ἀνδρὸς
1152 2065 1183 2097 δὲ
1194 2066 1279 2106 ψυχὴ
1289 2066 1384 2098 πάλιν
1397 2069 1498 2099 ἐλθεῖν
1509 2068 1579 2099 οὔτε
1591 2070 1718 2110 λεϊστὴ,

1025 2117 1095 2147 ow
1112 2115 1216 2152 ἑλετή.
1246 2117 1369 2157 Papin.
1385 2125 1409 2148 1.
1425 2117 1549 2149 Achill.
1565 2117 1719 2158 Amyclis

1023 2167 1071 2198 ait
1092 2171 1294 2207 surreptam,
1317 2167 1493 2199 ‘incautas
1513 2167 1635 2199 blande
1659 2177 1720 2210 po-

1025 2218 1160 2258 pulatus
1179 2217 1358 2258 Amyclas.’
1384 2217 1529 2249 Ovidius
1545 2218 1682 2259 Sparta.

1067 2270 1131 2299 266
1157 2267 1316 2307 Tantaque
1327 2268 1522 2308 praecipitem
1534 2268 1641 2308 pulsat
1658 2269 1720 2299 las-

1022 2317 1103 2348 civia
1118 2317 1262 2358 mentem]
1286 2317 1444 2350 Juvenal.
1456 2321 1465 2335 ‘
1477 2327 1575 2359 quem
1599 2323 1718 2350 sextus

1022 2373 1058 2399 et
1074 2367 1302 2407 octogesimus
1319 2376 1425 2398 annus
1438 2367 1582 2399 Pulsat.'
1613 2367 1716 2400 Ovid-

1025 2426 1075 2448 vr.
1105 2417 1200 2448 Fast.
1224 2418 1233 2434 ‘
1250 2417 1296 2448 Et
1320 2415 1390 2448 fert
1414 2426 1592 2458 suspensos
1613 2417 1717 2450 corde

1023 2468 1170 2498 micante
1199 2467 1322 2508 gradus
1336 2477 1344 2497 ε
1359 2466 1367 2480 ’
1395 2476 1456 2498 cor
1486 2467 1575 2498 enim
1597 2467 1715 2508 micat,

1021 2515 1188 2558 σφύζει,ἰη
1201 2517 1354 2557 improba
1365 2515 1535 2558 spe,qnod
1552 2516 1606 2548 hic
1616 2517 1626 2535 ‘
1641 2518 1716 2558 pul-

1021 2574 1072 2600 sat
1087 2568 1108 2597 :’
1129 2568 1207 2599 inde
1223 2568 1384 2607 ἐπιθυμιῶν
1397 2566 1557 2599 ἑλεπόλεις
1579 2567 1716 2608 elegan-

1022 2624 1077 2651 ter
1099 2618 1185 2650 dixit
1207 2619 1359 2650 Isidorus
1380 2618 1494 2649 Peius.
1520 2625 1546 2649 1.
1573 2618 1637 2657 Ep.
1660 2620 1715 2651 87.

1021 2668 1212 2709 Προπέτειαν
1228 2677 1307 2699 vero
1329 2667 1412 2698 scite
1436 2666 1556 2698 tribuit
1572 2667 1713 2699 Paridi:

1022 2719 1128 2750 Amor
1158 2717 1320 2760 siquidem
1346 2717 1455 2748 alatus
1480 2721 1546 2757 est,
1570 2717 1623 2748 vel
1647 2718 1714 2758 ipsi

1022 2774 1173 2801 amantes
1190 2768 1312 2810 potius,
1327 2771 1365 2798 ut
1389 2766 1461 2797 vult
1483 2765 1601 2797 Alexis
1624 2768 1712 2807 apud

1023 2820 1222 2851 Athenaeum
1234 2827 1314 2849 xm.
1329 2816 1457 2856 λέγεται
1470 2816 1531 2858 γὰρ
1544 2817 1641 2857 λόγος
1656 2818 1714 2849 ὑπὸ

1020 2872 1081 2901 τῶν
1095 2870 1262 2908 σοφιστῶν,
1276 2868 1317 2907 μὴ
1332 2867 1474 2899 πέτεσθαι
1499 2868 1554 2899 τὸν
1575 2869 1643 2901 θεὸν
1656 2868 1713 2900 τὸν
