1889 3194
470 308 708 340 cAsrARis
743 308 950 339 BAR'rffli
985 307 1127 338 No'l'AE
1161 306 1213 337 iN
1252 307 1345 337 Lm.
1377 307 1441 336 iv.
1591 295 1674 337 599

236 407 247 421 ‘
259 402 294 434 in
310 402 409 434 arinis
424 401 669 443 compositum:
690 402 789 433 dixit.
832 403 929 442 Virg.

238 460 275 483 x.
293 452 364 483 AEn.
382 453 391 468 ⁶
403 452 469 484 Sed
487 452 583 483 bellis
595 461 673 483 acer
686 452 830 483 Halesus
839 451 930 482 Ten-

237 502 289 533 dit
303 502 334 533 in
352 502 521 542 adversos,
549 511 653 543 seque
671 502 704 532 in
724 511 784 532 sua
799 501 931 541 colligit

238 549 353 581 arma!
414 550 576 590 Ejusdem
613 550 754 581 alteram
796 560 931 591 quoque

238 599 374 639 phrasin
391 609 464 630 esse
483 605 578 639 puto,
592 599 651 630 sed
668 600 761 630 locus
774 600 903 630 excidit
921 610 929 630 :

237 657 348 689 neque
374 654 525 680 nosti-nm
548 654 600 680 est
617 650 746 690 ignavis
764 649 932 681 indicibus

241 698 304 728 nti.

280 748 297 787 ᾧ
329 750 349 778 8
381 748 488 788 Neque
511 747 644 785 fortuna
676 748 747 779 belli
781 747 935 788 mutatur]

236 797 247 814 ‘
265 796 416 828 Fortuna
448 797 529 828 belli
542 797 550 810 '
577 803 630 828 est
660 799 835 838 ambiguus
859 799 933 838 ejus

237 852 361 885 status,
375 847 446 878 sive
462 852 497 878 et
513 856 636 878 numen
650 847 798 887 aliquod,
813 853 850 878 ut
875 848 935 878 ali-

239 895 273 926 bi
290 897 488 927 monuimus.
521 895 617 927 Infra
631 907 640 927 ε
653 902 661 914 ⁸
678 897 856 927 Patroclus
867 896 936 927 for-

238 949 352 976 tunam
384 945 462 976 belli
490 945 624 977 vincere
655 955 831 987 aggressus
857 945 935 977 dum

238 995 393 1027 hortatur
410 995 512 1035 suoS‚'
523 998 586 1028 &c-

281 1046 298 1085 ξ
314 1048 334 1076 9
360 1045 454 1076 Circa
469 1045 656 1086 Sarpedonis
671 1046 803 1077 cadaver
817 1045 937 1076 cunctis

238 1095 437 1135 deflentibus]
460 1096 470 1112 ‘
482 1093 639 1126 Deflere’
662 1095 762 1125 enixe
775 1093 858 1125 flere
873 1099 936 1126 est.

238 1144 336 1185 Virg.
353 1153 401 1175 νι.
416 1144 491 1175 AEn.
506 1147 516 1163 ⁴
528 1145 612 1176 Tum
625 1145 774 1176 membra
786 1149 861 1176 toro
878 1144 936 1175 de-

238 1192 318 1224 fleta
335 1193 530 1234 reponunt.¹

283 1245 300 1284 ᾧ
320 1247 357 1275 10
387 1245 505 1284 Meges,
526 1243 596 1284 δῖα]
614 1243 822 1284 Legendum,
842 1242 852 1260 ‘
865 1244 936 1275 Me-

241 1303 300 1334 ges
316 1299 352 1325 et
363 1294 514 1333 Elpenor
530 1292 700 1331 Arcadae‚’
726 1302 790 1323 non
809 1294 818 1309 ‘
831 1293 937 1324 Arca-

241 1343 330 1381 dia2,‘
346 1349 383 1375 ut
411 1352 580 1374 excusum.
624 1341 862 1382 ‘Indignatio'
887 1343 936 1373 rei

240 1392 368 1424 ibidem
405 1392 643 1433 indignitatem
675 1392 832 1423 denotat.
879 1392 936 1423 Sic

240 1444 250 1459 ‘
264 1442 416 1483 dignatio
427 1442 436 1456 ¹
458 1451 550 1482 saepe
574 1441 776 1483 dignitatem
792 1441 826 1472 in
841 1441 935 1472 libris

242 1494 306 1524 aevi
323 1494 490 1525 cadentis.

284 1544 449 1575 Patroclus
461 1544 626 1582 fortunam
647 1543 717 1574 belli
737 1543 859 1574 vincere
880 1553 938 1583 ag-

237 1593 378 1634 gressus]
398 1595 408 1610 *
428 1594 577 1624 Fortuna
596 1593 675 1623 belli
690 1593 698 1606 '
713 1599 766 1624 est
784 1594 938 1625 Bellona.

241 1642 351 1675 Quam
378 1643 561 1674 Fortunam
589 1643 667 1673 belli
696 1648 796 1674 vocat
812 1644 939 1675 Lucan.

242 1702 293 1724 νι.
317 1693 326 1709 ‘
340 1694 388 1724 Te
414 1702 546 1733 precor,
561 1698 600 1724 ut
615 1699 746 1724 certum
763 1693 865 1724 liceat
880 1694 939 1724 mi-

239 1742 273 1774 hi
288 1753 428 1774 noscere
443 1743 556 1783 finem,
571 1743 681 1775 Quem
696 1743 777 1774 belli
788 1743 940 1775 Fortuna

241 1793 362 1834 paret.’
407 1794 452 1825 Et
467 1802 515 1825 ιν.
539 1795 548 1811 ‘
565 1794 641 1825 Non
654 1794 772 1824 eadem
790 1794 869 1825 belli
887 1799 939 1825 to-

241 1849 312 1874 tum
325 1844 475 1874 Fortuna
486 1853 548 1884 per
558 1843 672 1875 orbem
684 1844 871 1876 Constitit.’
894 1845 938 1877 Q.

240 1893 426 1933 Septimius
448 1902 504 1925 ιιι.
526 1893 536 1910 ‘
551 1894 729 1925 Patroclus
753 1894 938 1926 Fortunam

241 1944 321 1975 belli
339 1944 475 1975 vincere
490 1953 668 1984 aggressus
692 1945 762 1976 telo
788 1946 940 1986 Euphor-

241 1993 275 2024 bi
292 1992 383 2025 ruit.’
425 1993 483 2024 Sic
504 1994 644 2024 aliarum
669 2003 866 2033 magnarum
891 2004 940 2025 re-

241 2052 314 2074 rum
326 2044 477 2074 Fortuna
488 2043 678 2074 dicebatur.
702 2043 750 2074 Ut
764 2044 773 2060 ‘
788 2044 941 2076 Fortuna

243 2093 359 2134 populi
386 2092 543 2124 Romani’
567 2093 657 2134 apud
687 2093 759 2124 Cic.
790 2093 941 2134 Philipp.

242 2152 285 2174 11.
299 2142 356 2174 ubi
370 2142 413 2173 de
430 2142 526 2174 caede
543 2142 699 2174 Caesaris.
744 2142 867 2173 Cicero
880 2153 940 2184 pro

241 2192 430 2224 Marcello:
455 2193 563 2223 ‘Cum
587 2192 849 2224 essetincertus
871 2193 941 2223 exi-

242 2246 297 2273 tus
314 2246 350 2273 et
365 2243 515 2273 Fortuna
536 2241 641 2274 belli.'
684 2241 855 2273 Ausonius
875 2243 940 2273 Pe-

243 2292 358 2322 riocha
390 2291 431 2322 ΙΙ.
457 2300 518 2322 xv.
551 2291 712 2332 ‘Jupiter
735 2297 852 2323 monet
879 2303 940 2333 pro

243 2341 437 2382 Phrygibus
447 2341 527 2372 belli
538 2341 726 2373 instaurare
734 2341 942 2375 Fortunam.'

242 2392 389 2422 Advers.
405 2400 484 2424 xrv.
500 2395 550 2423 19.

286 2441 456 2474 Insolentia
465 2442 572 2481 gentis
583 2451 646 2473 suoe
657 2441 786 2474 illudere
799 2443 941 2485 cupiens]

241 2492 283 2524 Τὸ
301 2498 308 2511 ‘
321 2503 391 2525 suae
405 2495 413 2509 ’
435 2494 477 2524 ab
493 2493 601 2524 aliena
617 2503 718 2525 manu
732 2499 785 2526 est
799 2505 806 2524 :
825 2495 941 2526 delen-

242 2543 322 2574 dum
339 2553 421 2583 ergo
438 2549 613 2584 protenus.

285 2595 303 2634 ξ
317 2597 355 2625 11
376 2594 425 2625 Ob
442 2595 572 2634 legenda
585 2594 724 2634 vulnera,
739 2603 807 2635 quae
822 2595 941 2636 multis,

240 2643 309 2684 ssa]
331 2643 464 2675 Bardos
491 2644 667 2675 librarios!
693 2653 759 2675 non
784 2644 941 2677 viderunt

242 2694 434 2734 legendum,
464 2694 474 2711 ‘
489 2703 565 2735 quae
596 2693 742 2725 occultis
771 2694 855 2726 locis
878 2695 939 2727 im-

242 2743 381 2784 pressa.'
424 2745 534 2785 Supra
564 2743 700 2774 dixerat
719 2755 727 2775 :
761 2743 771 2762 ‘
786 2745 939 2778 Patrocli

241 2804 323 2826 vero
339 2804 429 2826 mors
442 2804 507 2825 nou
519 2797 650 2825 tantum
667 2794 829 2834 gemitum
845 2795 938 2828 illum

242 2847 372 2879 cunctis
392 2847 594 2884 incusserat,
618 2845 678 2877 sed
698 2847 871 2889 praecipue
888 2858 940 2880 re-

978 400 1130 432 cordatio
1153 400 1325 430 vulnerum
1349 408 1409 438 per
1435 399 1510 429 loca
1526 398 1679 438 corporis

980 448 1197 491 pudibunda!
1218 448 1364 480 Advers.
1382 457 1460 479 xiv.
1478 450 1529 478 13.

1023 501 1040 540 ς
1052 502 1094 531 20
1114 499 1261 530 Priamus
1273 497 1399 537 lugubri
1413 500 1496 528 veste
1507 495 1680 527 miserabile

980 549 1095 590 tectus]
1119 548 1296 580 Ablativos
1323 549 1356 579 in
1382 547 1395 577 i
1424 557 1486 587 pro
1503 556 1518 577 e
1539 546 1679 585 vulgato

981 604 1146 630 exeuntes
1162 602 1301 638 usurpat
1317 596 1493 636 Apuleius,
1505 600 1541 626 et
1552 600 1682 626 contra.

981 648 1038 679 Sic
1063 649 1087 680 l.
1113 657 1162 679 lv.
1193 647 1287 678 ‘Inio
1317 647 1421 678 etiam
1445 650 1584 686 paratus
1615 654 1681 676 non

980 697 1062 729 fusti
1078 702 1223 736 tantum,
1242 697 1302 728 sed
1317 696 1485 728 macha‘ra
1502 704 1683 735 percussus

983 747 1210 779 occumbere!
1252 747 1407 778 Valerius
1429 746 1599 777 Maximus
1624 744 1684 775 lib.

983 807 1030 829 vr.
1045 800 1159 838 cap.3.
1183 803 1191 816 ⁴
1207 797 1308 828 Fusii
1335 805 1531 838 percussam
1556 795 1683 826 intere·

984 846 1070 878 mit.'
1115 847 1172 878 Ita
1195 852 1329 878 veteres
1357 846 1434 877 libri
1459 854 1499 876 eo
1525 844 1600 875 loco
1625 844 1683 874 ha-

984 896 1080 933 bent,
1105 896 1161 927 ubi
1188 896 1328 936 Pighius
1354 895 1504 927 restituit
1520 892 1684 925 ‘fustim.'

985 946 1198 978 Contrarium
1214 946 1246 977 in
1265 945 1410 986 Apuleio
1433 954 1487 977 ix.
1509 945 1519 962 ⁴
1532 943 1578 976 At
1603 942 1684 974 dum

984 997 1127 1038 fodiens,
1150 999 1226 1029 dum
1250 998 1406 1038 irrigans,
1422 1001 1617 1036 caeteroque
1634 994 1684 1025 in·

985 1057 1109 1078 curvus
1132 1047 1246 1078 labore
1274 1046 1448 1078 deservit!
1495 1047 1579 1077 Erat
1594 1044 1682 1076 enim

986 1098 996 1115 ‘
1013 1096 1118 1127 labori
1130 1096 1137 1109 ’
1153 1096 1344 1127 dicendum.
1388 1097 1446 1127 Sic
1469 1095 1610 1136 Septim.
1626 1102 1683 1125 111.

983 1146 1165 1177 ‘Priamus
1195 1146 1329 1186 lugubri
1362 1150 1459 1176 veste
1489 1144 1682 1176 miserabile

986 1195 1121 1227 tectus!
1156 1195 1345 1226 venantius
1362 1203 1402 1226 ιι.
1418 1195 1460 1226 de
1477 1194 1579 1225 rebus
1592 1193 1685 1224 Mar·

985 1246 1069 1277 tini:
1102 1251 1111 1264 ‘
1128 1244 1257 1276 Effosas
1283 1245 1433 1285 trajecto
1459 1244 1583 1275 missile
1612 1252 1685 1274 cos·

985 1300 1049 1331 tas,
1066 1295 1168 1327 Unde
1196 1296 1366 1326 cruentati
1391 1295 1529 1336 pariunt
1556 1293 1686 1334 baptis-

985 1349 1078 1376 mata
1108 1344 1193 1375 rivi.'
1245 1345 1469 1384 Propertius:
1501 1343 1585 1374 ‘illa
1611 1352 1685 1373 meo

986 1403 1080 1425 caros
1105 1393 1266 1424 donasset
1294 1392 1414 1424 funere
1442 1392 1577 1424 crines.'
1620 1392 1677 1423 Lu

986 1444 1104 1475 cilius:
1127 1444 1138 1461 ⁴
1155 1443 1327 1474 esuriente
1355 1442 1442 1473 leoni
1469 1451 1511 1473 ex
1537 1451 1596 1473 ore
1628 1450 1680 1472 ex-

987 1494 1144 1533 sculpere
1162 1490 1338 1533 praedam.'
1356 1491 1596 1523 Advers.xxv.
1613 1495 1644 1521 5.

1029 1544 1047 1584 ᾧ
1062 1546 1105 1574 26
1129 1543 1286 1574 Renovato
1302 1542 1388 1583 fletu
1401 1551 1490 1583 quam
1505 1542 1689 1583 miserabili]

987 1592 1166 1634 Apuleius,
1175 1597 1184 1610 ‘
1194 1602 1268 1624 cnm
1278 1602 1377 1633 qnam
1386 1591 1539 1631 misena:
1551 1592 1635 1623 dicit
1644 1591 1686 1622 de

987 1644 1136 1680 Charite,
1152 1654 1185 1683 p.
1202 1645 1276 1675 311.
1291 1643 1480 1674 miserrima
1495 1642 1686 1683 intelligen-

987 1694 1032 1725 da
1047 1698 1111 1726 est.
1137 1694 1281 1733 Septim.
1298 1702 1355 1725 111.
1375 1694 1385 1710 ‘
1400 1692 1454 1724 Ad
1470 1702 1512 1724 ea
1527 1692 1686 1724 Priamus

990 1749 1154 1775 renovato
1174 1742 1257 1774 fletu
1271 1752 1370 1783 quam
1397 1741 1596 1782 miserabili,
1619 1751 1688 1772 non

988 1793 1061 1824 sine
1077 1793 1218 1824 decreto
1235 1792 1348 1824 divum
1365 1791 1553 1824 homiuibus
1569 1791 1691 1822 adver·

989 1853 1025 1874 sa
1052 1843 1184 1874 irruere
1215 1841 1288 1873 ait.'
1347 1842 1441 1873 Idem
1470 1851 1524 1873 iv.
1557 1840 1687 1881 ‘Apud

987 1892 1150 1932 Trojanos
1176 1891 1300 1923 laetitia
1322 1897 1423 1933 atque
1438 1891 1624 1932 gratulatio
1641 1891 1690 1921 in»

989 1942 1136 1974 terfecto
1151 1951 1251 1983 quam
1263 1941 1446 1972 metuendo
1458 1940 1578 1972 hoste!
1603 1941 1688 1972 Eam

989 1992 1057 2022 vim
1084 1992 1264 2032 particulae
1296 1990 1443 2031 ‘quam’
1479 1999 1578 2021 nemo
1607 1996 1689 2030 puto

989 2042 1155 2074 hactenus
1165 2040 1467 2081 agnovit-Advers.
1478 2049 1616 2072 xxxur.
1637 2043 1690 2071 12.

1244 2133 1336 2166 LIB.
1359 2133 1423 2165 lv.

1033 2199 1051 2239 ξ
1068 2200 1082 2229 l
1112 2198 1267 2229 Coeterum
1292 2198 1357 2228 viso
1386 2197 1536 2229 Hectoris
1556 2197 1688 2240 sunere]

989 2249 999 2266 ‘
1013 2248 1128 2279 Funus
1139 2247 1147 2260 '
1163 2247 1312 2279 cadaver
1326 2253 1424 2279 sonat
1440 2247 1532 2288 apud
1549 2248 1592 2280 Q.
1606 2249 1690 2290 Sep-

990 2297 1119 2329 timium
1136 2305 1187 2329 ιν.
1204 2297 1246 2327 de
1258 2297 1358 2328 Bello
1368 2297 1534 2338 Trojano.
1554 2299 1564 2316 ⁴
1577 2299 1690 2330 Caete·

990 2356 1064 2378 rum
1089 2347 1158 2377 viso
1182 2346 1345 2378 Hectoris
1364 2345 1497 2388 funere,
1512 2348 1627 2379 cuncti
1643 2348 1691 2379 ci-

990 2406 1050 2428 ves
1076 2397 1229 2437 sociique
1254 2401 1473 2427 accurrentes
1493 2395 1608 2428 fletum
1627 2398 1690 2431 tol-

991 2444 1090 2485 lunt‚'
1104 2447 1168 2476 &c-
1202 2445 1334 2476 Seneca
1350 2445 1506 2486 Satyrico
1523 2446 1565 2476 de
1581 2453 1689 2478 morte

990 2505 1049 2528 sen
1067 2495 1180 2536 potius
1195 2495 1371 2536 apotheosi
1387 2495 1542 2527 Claudii:
1565 2497 1575 2514 ‘
1590 2497 1690 2528 Clau-

990 2545 1067 2577 dius
1083 2550 1121 2576 ut
1137 2544 1221 2576 vidit
1236 2542 1334 2576 funus
1348 2554 1456 2583 suum,
1471 2545 1642 2578 intellexit
1653 2557 1690 2578 se

989 2599 1157 2626 mortuum
1187 2592 1288 2633 esse‚'
1316 2595 1381 2625 διο.
1437 2595 1552 2636 Magis
1576 2601 1690 2628 autem

989 2644 1166 2676 ridiculum
1178 2643 1318 2675 Senecas
1330 2643 1458 2675 dictum
1470 2643 1568 2685 facit,
1578 2646 1604 2676 si
1616 2655 1690 2687 per-

990 2694 1177 2737 pendamus
1199 2695 1209 2712 ‘
1223 2693 1342 2725 funus’
1365 2704 1433 2726 nou
1459 2704 1617 2736 pompam
1638 2695 1690 2727 fu-

989 2745 1129 2777 nebrem
1145 2744 1349 2784 intelligere,
1364 2753 1439 2785 quae
1455 2743 1536 2785 tingi
1555 2754 1575 2776 a
1589 2751 1690 2786 petu-

989 2796 1138 2828 lantibus
1162 2799 1198 2826 et
1225 2794 1312 2826 male
1340 2793 1472 2827 feriatis
1501 2795 1690 2828 hominibus

991 2850 1129 2889 poterat
1152 2845 1187 2877 in
1215 2843 1396 2877 ludibrium
1422 2844 1527 2878 etiam
1551 2849 1622 2878 tum
1642 2846 1691 2878 vi·
