1889 3194
329 371 413 412 434

848 376 1049 408 JOSEPHI
1084 375 1247 407 ISGANl

330 473 584 516 Communis
600 473 748 527 regina
768 471 948 513 Venus:
980 470 1099 524 quod
1117 483 1214 511 cum
1230 468 1345 511 Jove
1363 469 1391 511 J
1398 483 1496 520 uno,

329 541 442 583 Cum
462 540 593 591 Jove,
611 553 711 582 cum
727 540 885 581 Titone
904 538 1002 586 fuit,
1020 549 1121 578 curn
1144 537 1248 578 Dite
1266 537 1425 578 Dione.

328 608 431 648 Non
448 621 545 648 mea
566 607 786 648 sideribus
800 606 975 646 famulis
992 607 1199 646 contenta
1219 608 1433 658 potestas,

326 674 510 715 Tartara
525 674 702 724 solatur,
714 673 876 714 mulcet
894 671 1006 716 freta
1023 684 1034 712 :
1066 684 1163 721 vos,
1181 671 1256 725 pia
1277 671 1400 724 ponti

325 741 473 782 Turba
488 741 589 789 Dei,
609 744 768 781 vestrae
791 738 939 780 scelus
961 741 1176 779 excusate
1196 738 1378 787 sororis,

1678 738 1762 778 570

326 807 376 849 Si
393 807 538 848 scelus
553 807 653 848 hinc
674 806 862 847 traxisse
879 817 1015 857 genus
1032 818 1042 846 :
1063 808 1211 857 tuque,
1229 804 1397 858 optima
1415 804 1594 855 vindex,

325 873 572 927 Imperiosa
586 872 754 921 Thetis,
776 870 953 921 coelum,
970 871 1000 912 J
1004 882 1147 911 unone
1167 869 1330 923 fugata,

325 938 471 980 Posce
491 944 626 988 tuum,
647 942 885 991 raptasque
905 937 1029 990 faces
1049 950 1059 978 ε
1091 936 1187 990 jam
1209 936 1372 990 pellice
1392 937 1537 992 pulsa,

323 1005 353 1047 J
357 1018 426 1046 am
444 1018 532 1046 non
551 1005 724 1046 solicito
742 1005 891 1046 venies
912 1004 1107 1058 paritura
1127 1003 1333 1044 Tonanti.

324 1071 452 1112 Fatis
468 1071 589 1112 nulla
608 1071 735 1120 fides,
751 1071 936 1124 pretium
960 1070 1167 1111 Saturnia
1185 1069 1337 1111 formae

1680 1071 1765 1112 575

324 1139 486 1180 Perdet
504 1151 624 1192 opes,
645 1138 796 1192 perdet
814 1151 823 1176 :
855 1150 941 1179 non
961 1137 1078 1178 hunc
1101 1140 1270 1177 emtura
1289 1137 1492 1178 decorem

322 1205 550 1255 Venisset,
574 1205 612 1246 si
629 1205 813 1259 pulchra
832 1204 979 1246 domi:
1010 1204 1141 1253 male,
1163 1203 1389 1254 Dardane,
1411 1217 1556 1246 mores

323 1271 555 1313 Consuluit
576 1272 680 1313 dare
702 1277 878 1326 promta
898 1277 1020 1313 tuos:
1051 1283 1136 1312 non
1162 1270 1354 1312 flectitur
1374 1284 1500 1323 auro,

324 1338 416 1389 Qui
436 1339 611 1380 titulum
626 1339 830 1393 paritatis
846 1339 1001 1381 habet:
1030 1338 1287 1379 victricibus
1305 1339 1412 1380 olim

325 1404 552 1446 Armentis
568 1407 771 1458 impensa
788 1405 917 1454 fides,
939 1405 1143 1446 librantis
1162 1404 1349 1447 habenae

1678 1404 1763 1446 580

323 1472 428 1513 Non
448 1472 598 1513 vendit
619 1477 791 1522 nutum,
812 1472 972 1514 veteris
992 1484 1082 1512 non
1102 1472 1330 1513 immemor
1347 1473 1479 1526 aequi.

321 1539 482 1589 Illane,
503 1539 663 1580 blande
686 1539 833 1588 Paris,
855 1539 978 1580 vultu
994 1540 1161 1580 victore
1179 1538 1358 1589 fruetur,

322 1604 408 1646 Cui
427 1606 562 1656 gemit
583 1605 799 1655 Hesione,
822 1606 1001 1658 sanguis
1025 1606 1097 1646 cui
1117 1605 1248 1646 fluxit
1268 1607 1428 1654 avitus,

321 1670 498 1712 Alcidae
522 1685 619 1725 quae
638 1671 728 1713 tela
748 1672 819 1712 sui
839 1672 1018 1713 libravit
1037 1672 1083 1712 in
1100 1684 1236 1721 arces,

322 1738 497 1779 Bellica
516 1739 654 1791 virgo,
672 1739 804 1779 tuas?
834 1738 914 1778 ubi
936 1742 1035 1779 tunc
1058 1751 1158 1791 quae
1180 1739 1334 1791 praelia
1348 1738 1527 1791 jactas?

1680 1736 1764 1778 585

323 1804 483 1846 Fatum
505 1805 611 1845 ubi?
643 1805 741 1858 plus
763 1810 911 1846 actum
929 1810 997 1846 est
1018 1810 1143 1858 rapto
1165 1804 1353 1858 Phryge,
1374 1796 1534 1858 pocula
1554 1807 1670 1845 natae

326 1871 514 1924 Eripuit,
537 1871 860 1925 thalamumque
889 1871 1018 1913 Deae:
1050 1871 1115 1911 sic
1137 1871 1326 1912 molliter
1345 1871 1483 1921 ultus,

929 1988 1044 2000 eeeeee

364 2055 425 2084 567
454 2052 578 2084 Tritone
602 2053 758 2084 Dresem.

1047 1988 1162 2001 eeeeee

974 2148 1111 2181 NOTAE

363 2223 424 2252 567
451 2222 529 2251 Cum
544 2222 635 2261 Jove,
652 2232 720 2253 cum
738 2223 863 2264 Titane]
889 2223 1017 2264 Legen-

321 2270 401 2301 dum
432 2271 569 2302 Tritone.
615 2272 657 2303 Id
688 2272 776 2303 euim
804 2283 925 2305 nomen
954 2284 1016 2314 pro

320 2321 482 2360 Neptuno
506 2320 625 2352 crebro
649 2327 808 2362 usurpat3
842 2323 923 2354 licet
939 2323 1015 2354 Tri-

320 2375 380 2400 ton
410 2369 623 2409 Apollodoro
655 2371 700 2402 sit
731 2372 887 2412 Neptuni
915 2371 1017 2404 filius.

320 2419 410 2450 Vide
425 2429 526 2460 snpra
542 2422 616 2451 428.
631 2420 688 2452 ubi
700 2421 870 2452 Venerem
888 2422 897 2438 ‘
908 2422 1015 2462 AEgae-

319 2469 393 2499 onis
407 2469 589 2500 alumnam’
603 2476 793 2510 nuncupat:
813 2471 932 2502 eodeni
942 2481 1016 2503 sen·

318 2528 368 2554 sn,
387 2528 441 2550 ιιι.
465 2522 518 2550 25.
540 2521 549 2537 ‘
562 2520 667 2551 nostri
683 2520 837 2552 Tritonis
861 2522 1016 2557 alumna‚'

317 2567 400 2598 item
418 2577 442 2599 1.
458 2568 515 2599 ‘in
532 2569 626 2610 aquis
640 2569 782 2605 Triton,'
796 2579 852 2601 111.
876 2574 885 2588 ‘
900 2572 934 2601 in
952 2579 1018 2608 ine,

319 2617 502 2648 saevissime
512 2618 643 2655 Triton,
657 2619 729 2650 Has
739 2619 876 2651 intende
887 2620 1018 2651 minas!

319 2666 380 2697 Est
402 2672 513 2698 autem
540 2678 559 2698 a
578 2669 687 2709 Τριτὼ,
703 2670 794 2710 quod
811 2675 863 2702 est
880 2669 1016 2702 fluctus.

320 2715 472 2747 Nunnius
487 2717 573 2757 Syll.
588 2722 619 2749 5.
637 2718 782 2751 Miscell.

364 2767 426 2795 574
448 2767 522 2796 Jam
544 2777 604 2798 non
625 2768 747 2799 solicito
774 2769 876 2800 venies
896 2770 1016 2809 paritu-

320 2822 355 2842 ra
369 2814 516 2856 Tonanti]
536 2817 695 2848 Fabulam
710 2819 833 2858 tangit,
848 2828 914 2859 qua
933 2819 1018 2849 Pro·

322 2863 473 2894 metiscus
491 2865 562 2896 sive
580 2867 713 2898 Themis
729 2868 850 2900 Jovem
870 2868 1017 2900 monuis-

1070 2233 1105 2255 se
1122 2224 1259 2264 dicitnr,
1274 2233 1316 2255 ne
1340 2233 1416 2256 cum
1431 2223 1574 2255 Thetide
1590 2228 1701 2263 essen
1724 2224 1762 2256 fi-

1070 2275 1150 2306 lium
1178 2274 1266 2305 enim
1294 2283 1337 2305 ex
1363 2283 1405 2305 ea
1432 2274 1636 2305 nasciturum
1665 2280 1764 2313 patre

1070 2325 1243 2366 majorem.
1265 2323 1354 2355 Vide
1368 2333 1392 2355 ι.
1411 2326 1485 2355 336.
1503 2323 1607 2356 Ovid.
1621 2323 1764 2356 Metam.

1071 2382 1123 2404 xr.
1143 2372 1210 2405 fab.
1226 2376 1256 2404 8.

1113 2425 1175 2453 575
1209 2423 1302 2454 Fatis
1323 2422 1406 2453 nulla
1421 2422 1521 2464 fides]
1558 2423 1763 2463 Respectum

1071 2472 1174 2504 habet
1196 2473 1238 2504 ad
1261 2473 1332 2512 illa,
1350 2482 1425 2513 quae
1447 2472 1561 2503 Pallas
1578 2471 1622 2502 de
1645 2480 1764 2511 regno,

1071 2523 1163 2554 Juno
1179 2522 1222 2554 de
1237 2523 1371 2563 opibus,
1389 2523 1600 2563 promiserat.
1630 2521 1686 2553 Ita
1700 2521 1764 2555 Ju-

1071 2573 1178 2604 venal.
1201 2573 1210 2589 ‘
1224 2571 1343 2603 Fronti
1357 2572 1448 2603 nulla
1463 2570 1572 2610 fides‚'
1588 2580 1621 2602 v.
1636 2574 1710 2603 586.
1728 2572 1762 2602 in

1070 2621 1301 2662 sequentibus,
1318 2621 1438 2653 eodem
1455 2626 1602 2662 spectat,
1616 2622 1625 2638 ‘
1641 2622 1760 2653 Fatum

1071 2668 1129 2701 ubi
1142 2669 1162 2700 ?’
1186 2669 1345 2702 Palladii.

1113 2722 1176 2750 580
1189 2719 1349 2749 Libruntis
1362 2718 1485 2749 habenae
1502 2718 1575 2750 Non
1586 2719 1691 2750 vendit
1704 2729 1761 2751 nu-

1071 2769 1151 2808 tum]
1168 2768 1311 2799 Librans
1327 2768 1456 2798 habena
1472 2773 1525 2799 est
1536 2769 1658 2808 judicii
1673 2770 1762 2801 arbi-

1071 2818 1170 2848 trium
1186 2827 1194 2847 :
1212 2817 1288 2847 vide
1310 2825 1333 2847 1.
1351 2819 1424 2848 298.
1440 2817 1487 2848 sic
1505 2822 1606 2848 antea
1622 2818 1763 2858 dictum,

1069 2867 1077 2883 ‘
1093 2867 1166 2899 Diis
1185 2867 1312 2898 utinam
1329 2866 1483 2898 libranda
1499 2866 1630 2899 forem!
