1889 3194
358 567 418 640 J
426 565 893 688 OSEPHI
973 565 1406 643 ISCANI

509 754 611 803 DE
646 755 880 804 BELLO
917 753 1256 803 TROJANO

721 931 916 973 LIBER
964 930 1047 972 1V.

715 1269 1086 1299 ARGUMENTUM.

277 1347 488 1403 Argolicos
510 1345 793 1401 Phrygiasque
811 1344 927 1386 duces
949 1343 1055 1386 locat
1078 1344 1218 1385 ordine
1239 1352 1407 1401 quartus
1426 1360 1439 1385 ι

280 1413 392 1455 Dira
413 1419 564 1454 canunt
585 1413 638 1453 iri
658 1411 902 1452 destructum
923 1411 1088 1453 oracula
1114 1410 1151 1451 T
1150 1412 1295 1466 rojam.

279 1481 515 1522 Barbarica
535 1494 624 1522 cum
638 1486 758 1534 gente
779 1494 920 1520 manus
941 1493 1030 1520 mox
1057 1477 1218 1519 Graecia
1232 1493 1409 1534 pugnax

283 1547 481 1598 conserit,
503 1554 541 1588 ec
566 1545 765 1587 Teuthras
786 1547 944 1600 expirat
964 1544 1127 1586 vulnere
1147 1551 1292 1595 tactus,

279 1612 462 1654 Mandat
482 1612 538 1654 ad
558 1612 720 1668 Elysios
740 1627 897 1667 campos
916 1627 1033 1668 quem
1048 1626 1198 1666 pompa
1218 1610 1396 1663 celebris,
1409 1612 1483 1664 βπ.

167 1726 457 1791 POSTQUAM
483 1740 749 1795 Mygdonias
770 1739 976 1780 bellatrix
996 1739 1115 1779 fama
1135 1751 1214 1792 per
1235 1739 1366 1779 urbes

166 1806 396 1850 Armorum
417 1808 613 1861 vulgavit
635 1820 763 1860 opuS,
794 1818 1012 1848 concussa
1032 1806 1195 1846 minaci

171 1875 407 1916 Barbaries
424 1878 557 1924 motu,
578 1874 764 1927 trepidis
785 1872 982 1926 conjurat
1003 1872 1045 1912 in
1065 1883 1188 1912 arma

166 1939 370 1992 Viribus,
388 1945 434 1982 et
449 1945 568 1983 totos
586 1941 761 1982 Priamo
784 1938 908 1980 Mars
930 1939 1100 1979 excitat
1121 1942 1255 1978 ortus.

224 2007 402 2048 Primus
423 2021 530 2061 opes
554 2008 802 2061 Phrygibus
824 2006 951 2047 Celia
972 2005 1169 2046 tradente
1188 2014 1404 2057 sequaces
1583 2002 1612 2041 5

774 2102 1013 2115 eoeeenoooaeo

217 2149 235 2176 5
261 2145 351 2177 Zelia
367 2145 454 2178 Edd.
470 2145 573 2177 Basil·
588 2146 679 2177 Mor.
693 2145 866 2186 Spondan.

823 2217 963 2249 NOTAE

215 2279 415 2319 1P0stquam
424 2279 627 2320 Mygdonias]
636 2280 863 2311 Philostratus
961 2278 1119 2310 Bellutrix
1138 2279 1230 2316 suma
1257 2287 1311 2317 per
1335 2277 1422 2309 urbes
1447 2276 1615 2308 Armorum

172 2328 292 2368 Φρύγας
312 2329 393 2359 κατὰ
406 2328 550 2367 Μυγδόνα
563 2334 661 2360 vocat
678 2330 712 2360 in
725 2329 864 2360 Heroic.
918 2329 1059 2368 vulgavit
1087 2328 1175 2368 omas]
1199 2327 1347 2359 Φθάνουσι
1371 2326 1433 2367 ’γὰρ
1459 2327 1490 2357 αἱ
1515 2328 1616 2366 φῆμαι

172 2388 207 2418 p.
220 2379 294 2409 725.
320 2378 425 2409 Mart.
441 2378 582 2419 Capella
598 2378 631 2408 in
648 2378 802 2418 Satyrico
817 2387 866 2408 vt.
918 2378 1113 2417 πανταχόθεν
1128 2377 1209 2408 κατὰ
1224 2377 1315 2416 πολὺ,
1352 2377 1451 2407 Philo
1466 2377 1553 2407 libro
1569 2376 1614 2407 de

173 2429 182 2444 ⁶
195 2426 347 2468 Phrygia
361 2427 484 2458 Troadi
509 2427 677 2458 imminet:
701 2427 744 2458 ab
760 2425 864 2468 Aqui-
918 2428 1070 2467 Josepho
1083 2437 1117 2468 p.
1130 2430 1205 2458 437.
1238 2428 1341 2457 Fama
1356 2427 1390 2457 in
1403 2425 1492 2456 bello
1509 2425 1613 2456 maxi-

171 2477 249 2508 lone
258 2476 392 2508 Galatia
401 2481 473 2515 est;
489 2476 663 2508 aMeridie
673 2476 865 2516 Lycaoniae,
919 2486 1008 2508 mum
1038 2481 1241 2507 momentum
1255 2487 1264 2515 ;
1290 2477 1355 2506 imo
1386 2480 1395 2493 ‘
1409 2475 1497 2506 fama
1524 2474 1613 2506 bella

172 2530 209 2557 et
225 2526 362 2557 Pisidiae
374 2526 568 2567 Mygdoniae
585 2525 725 2557 confinis
738 2529 805 2565 est;
824 2525 866 2556 ab
921 2525 1103 2565 constant,'
1114 2532 1151 2556 ut
1163 2526 1212 2557 ait
1223 2524 1419 2556 Alexander
1427 2523 1518 2565 apud
1529 2523 1614 2555 Cur-

172 2574 316 2606 Oriente
337 2575 473 2615 Lyciae;
498 2584 517 2606 a
534 2574 775 2615 septentrione
791 2575 866 2614 My-
922 2576 1002 2608 tium
1019 2585 1102 2608 vm.
1119 2579 1153 2606 et
1170 2585 1202 2607 v.

173 2624 246 2664 siae,
260 2629 296 2656 et
310 2624 446 2656 Cariaess
470 2624 558 2656 Vide
570 2624 685 2656 Sti-ab.
697 2632 765 2656 xn-
793 2624 865 2655 Ho-
963 2628 981 2655 5
999 2625 1125 2656 Primus
1141 2634 1210 2665 opes
1227 2624 1407 2665 Phrygibus
1427 2623 1530 2663 Celia]
1553 2623 1614 2654 Se-

175 2678 240 2706 rat.
252 2683 295 2706 11.
309 2674 377 2707 Od.
390 2677 442 2706 12.
453 2673 536 2706 ‘Aut
552 2674 688 2715 pinguis
705 2674 865 2715 Phrygiae
919 2674 1032 2714 quitur
1055 2674 1192 2705 Daretis
1216 2674 1368 2709 ductum,
1391 2677 1428 2703 et
1450 2681 1492 2703 ex
1517 2677 1614 2712 parte

172 2725 376 2766 Mygdonias
402 2724 511 2766 opes.'
562 2724 666 2756 Ovid.
690 2724 785 2755 initio
814 2732 864 2754 Vl.
920 2723 1066 2763 Dictyn:
1090 2723 1222 2754 nomina
1237 2726 1350 2753 tamen
1367 2721 1509 2762 variant,
1524 2721 1613 2761 quod

171 2774 317 2806 Metam.
360 2783 422 2814 per
451 2778 460 2793 ‘
473 2773 700 2814 Mygdonides
741 2772 866 2808 nurns,’
919 2772 1134 2804 manifestum
1159 2773 1225 2803 erit
1251 2773 1278 2803 si
1303 2772 1392 2802 inter
1415 2781 1450 2802 se
1473 2776 1614 2802 conten-

174 2825 285 2865 Lydas
298 2825 472 2866 intelligit.
509 2825 598 2856 Vide
610 2824 820 2865 Stephanum
832 2824 865 2855 in
920 2822 993 2863 das,
1008 2821 1135 2853 Ζέλειαν
1150 2822 1251 2853 etiam
1276 2822 1446 2853 Homerus
1462 2820 1495 2852 iu
1513 2821 1613 2852 Cata-

175 2874 344 2915 Μυγδονία.
919 2873 996 2913 logo
1012 2872 1171 2903 nominat.

258 2928 372 2969 Delph.
387 2931 417 2959 et
438 2927 513 2960 Var.
532 2928 616 2958 Clas.
764 2926 851 2958 Dict.
870 2927 955 2958 Cret.
969 2927 1021 2966 ᾃσ.
1455 2925 1475 2954 2
1498 2923 1530 2955 G
