1889 3194
296 350 380 392 406

816 362 1018 394 JOSEPHI
1053 360 1215 392 lscANl

297 454 372 496 Sic
395 454 559 508 Cyrum
579 453 780 505 Croesus,
801 454 1010 495 Tamirim
1030 453 1110 502 sic,
1133 452 1262 506 Cyre,
1284 453 1485 506 rogabas.

296 521 356 562 At
377 522 416 562 si
437 521 579 562 Parca
597 522 728 574 prior,
749 534 836 575 qua
857 524 1056 574 coeperat
1076 520 1152 569 ire,
1172 524 1352 569 mearet,

1677 520 1736 561 45

295 587 401 641 Ipse
423 588 613 629 orandus
636 602 770 638 eram,
792 589 1096 640 geminumque
1116 587 1343 640 impensus
1363 587 1409 628 in
1427 600 1558 628 usum

292 654 385 696 Aut
404 668 560 708 pacem
581 667 769 707 regerem
783 654 939 708 judex,
960 658 1038 693 aut
1055 652 1211 705 praelia
1233 653 1453 706 princeps.

294 721 413 762 Proh
435 721 609 775 Superi,
631 734 731 775 quae
754 721 849 761 dira
869 720 1021 760 orbem
1043 719 1208 760 deludit
1227 719 1438 773 Erinnys!

293 785 498 828 Exieram
519 788 657 835 miles,
678 787 926 827 tractabam
946 786 1100 838 praelia
1119 785 1288 836 ductor,

290 852 450 894 Victor
471 866 612 894 eram:
645 853 722 893 sed
745 865 820 893 cur
841 852 936 893 Eoo
955 851 1117 892 blanda
1138 852 1370 905 triumpho,

289 919 337 959 Si
358 925 541 960 moestos
561 920 664 961 laeto
686 919 869 968 reditus,
891 919 1099 968 Fortuna,
1121 919 1346 972 parabas?

289 985 503 1026 Haeccine
523 990 629 1039 post
649 989 795 1027 tantos
815 985 922 1026 mihi
942 986 1088 1026 debita
1109 998 1274 1039 pompa
1292 986 1467 1027 labores
1483 987 1502 1026 ’ἰ

287 1051 363 1092 Sic
384 1051 518 1092 metui
540 1053 637 1103 tibi,
656 1052 806 1105 Troia,
830 1052 937 1102 dari,
961 1065 1062 1105 quae
1084 1052 1187 1093 laeta
1208 1052 1397 1105 parabas

286 1117 399 1158 Cum
419 1119 555 1160 redii'?
613 1119 749 1160 Saeva
767 1119 846 1160 illa
867 1118 977 1168 dies,
998 1131 1257 1172 semperque
1277 1117 1503 1171 gemenda,

287 1184 391 1235 Qua
411 1184 557 1226 reduci
576 1185 763 1239 primum
785 1185 942 1239 patriae
965 1185 1253 1226 moestissima
1273 1184 1424 1225 clades

1671 1186 1727 1226 55

284 1249 413 1301 Visa,
433 1252 584 1293 audita
606 1252 763 1293 simul:
794 1252 968 1301 melius,
987 1264 1113 1305 quem
1134 1251 1337 1301 fecimus,
1357 1251 1512 1300 hostis,

285 1315 376 1359 Aut
395 1318 467 1359 cui
486 1317 630 1360 factus
650 1331 781 1368 eram,
800 1319 935 1360 vitam
955 1318 1071 1359 hanc
1095 1322 1159 1359 tot
1178 1319 1324 1359 tristia
1345 1331 1524 1371 passam

285 1383 502 1437 Rupisset
520 1385 680 1437 gladio.

741 1385 985 1438 Sceptrone
1007 1389 1052 1425 et
1073 1384 1258 1425 culmine
1277 1386 1396 1437 regni

285 1450 426 1491 Dulce
444 1450 561 1492 frui‘?
622 1452 714 1502 Sic,
735 1452 800 1493 sic
820 1452 993 1493 fratrum
1014 1453 1242 1505 patrisque
1261 1453 1463 1505 peremti,

284 1516 359 1558 Sic
380 1523 515 1571 raptae
535 1531 697 1559 memor
718 1519 975 1561 Hesiones?
1007 1520 1276 1560 miserescite
1297 1519 1442 1572 magni

930 1648 1074 1680 NOTAE

281 1732 340 1762 bus
358 1730 397 1761 ad
414 1730 673 1762 misericordiam
687 1731 786 1762 rebus
804 1730 976 1763 adversis!

280 1781 378 1811 Philo
398 1781 485 1812 libro
501 1781 544 1811 de
564 1781 696 1822 judice,
720 1779 809 1812 ἔλεος
831 1781 877 1811 ἐπ’
903 1779 976 1811 ἆτυ-

278 1830 427 1871 χήμασιν,
450 1841 483 1871 p.
502 1834 576 1863 577.
620 1831 853 1862 Philostratus
869 1830 972 1861 etiam

278 1881 378 1919 scite,
401 1880 467 1911 ὅσοι
497 1880 536 1911 ἂν
565 1880 771 1917 κοινωνήσωσι
796 1881 972 1920 συμφορῶν,

277 1931 440 1969 ἀγαπῶσιν
448 1931 620 1971 ἀλλήλους,
635 1930 690 1961 τὸν
706 1930 797 1962 ἔλεον
810 1930 868 1961 τοῦ
883 1928 972 1960 ἐλέου

278 1980 490 2021 ἀντιδιδόντες,
501 1982 534 2012 in
547 1981 718 2019 Hernicis,
733 1991 766 2021 p.
781 1983 855 2012 656.
880 1979 971 2011 Rhe-

278 2035 369 2061 tores
386 2040 519 2072 quoque
535 2040 610 2071 cum
625 2030 731 2061 Fabio
748 2030 863 2061 aiunt‘
881 2028 973 2060 favo-

278 2088 347 2110 rem
364 2080 566 2110 naturaliter
591 2089 652 2120 pro
678 2089 736 2110 reo
762 2078 875 2110 facere
892 2078 920 2110 ι’
936 2083 972 2110 et

277 2128 384 2160 Gaius
402 2130 448 2162 D.
469 2129 512 2160 de
539 2139 611 2170 reg.
628 2129 715 2170 juris
729 2132 780 2161 25.
803 2131 812 2147 ‘
827 2130 971 2160 Favora·

276 2179 412 2210 biliores
435 2179 484 2210 rei
500 2180 626 2220 potius,
647 2189 748 2220 quam
773 2183 905 2210 actores
922 2179 969 2210 vi-

275 2228 420 2261 dentur.’
457 2229 583 2260 Causas
600 2229 649 2260 rei
665 2229 768 2260 habes
781 2228 870 2270 apud
882 2229 970 2269 prin·

274 2279 384 2319 cipem
402 2279 693 2320 Philosophorum,
706 2279 808 2310 Rhet.
818 2283 852 2310 et
862 2279 970 2319 probl-

276 2336 358 2360 xlu.
370 2331 423 2360 29.
447 2329 629 2360 Phocionis
645 2328 728 2360 illud
745 2329 786 2359 de
800 2328 918 2360 favore
934 2333 971 2359 et

274 2378 506 2410 misericordia
521 2383 574 2410 est
590 2379 738 2419 insigne:
762 2379 826 2409 οὔτ’
843 2379 874 2418 ἐξ
889 2378 970 2419 ἱεροῦ

273 2427 389 2468 βωμὸν,
413 2428 477 2460 οὔτ’
504 2429 539 2460 ἐκ
562 2430 619 2466 τῆς
640 2428 827 2470 ἀνθρωπίνης
848 2428 970 2469 φύσεως

271 2478 454 2519 ἀφαιρετέον
468 2479 525 2510 τὸν
537 2478 635 2511 ἔλεον.
677 2479 773 2510 Stob.
788 2479 896 2510 Serm.
908 2487 934 2509 1.

312 2532 355 2560 44
380 2530 530 2560 Tamirim
543 2529 599 2568 sic,
624 2529 720 2570 Cyre,
734 2527 882 2568 rogabas]
904 2528 968 2559 Το-

273 2578 376 2617 myris
407 2582 460 2609 est
482 2578 633 2610 Graecis:
660 2578 742 2609 item
768 2578 900 2608 Tibullo
916 2585 966 2609 ιν.

272 2632 281 2643 ‘
293 2636 354 2659 nec
380 2637 447 2667 qua
462 2637 566 2667 regna
583 2636 669 2667 vago
683 2627 840 2668 Tomyris
857 2626 967 2658 finivit

273 2675 408 2707 Araxe?
453 2676 553 2707 Circa
569 2685 648 2707 vero
666 2676 792 2708 obitum
816 2676 897 2716 Cyri
913 2685 966 2707 va·

1028 1731 1219 1771 Xenophon
1249 1731 1281 1762 in
1304 1732 1430 1763 lectulo
1456 1741 1516 1763 suo
1553 1736 1723 1764 mortuum

1029 1781 1161 1822 scribit,
1174 1781 1227 1812 vel
1237 1780 1334 1822 fingit
1347 1782 1471 1822 potius,
1487 1791 1568 1813 vm.
1591 1783 1724 1814 Philos-

1029 1836 1138 1863 tratus
1169 1832 1203 1862 in
1234 1832 1374 1863 Heroie.
1395 1833 1443 1864 ait
1468 1832 1558 1873 Cyro
1587 1842 1629 1864 ex
1656 1833 1724 1865 Or-

1027 1880 1103 1920 phei
1129 1881 1240 1921 capite
1262 1882 1422 1912 Lesbium
1449 1883 1620 1914 oraculum
1647 1892 1722 1915 esse

1026 1930 1152 1969 datum,
1162 1930 1205 1962 τὸ,
1220 1930 1289 1971 ε’μὰ,
1303 1929 1326 1961 ὦ
1341 1932 1432 1972 Κῦρε,
1454 1931 1506 1963 σά.
1551 1932 1661 1972 Cyrus
1677 1933 1722 1964 ad

1026 1981 1199 2021 regionem
1227 1982 1415 2022 transtulit,
1440 1982 1528 2023 quod
1547 1983 1589 2013 ad
1615 1992 1721 2023 genus

1025 2031 1142 2061 mortis
1169 2029 1393 2062 referebatur.
1437 2030 1539 2063 Quod
1556 2040 1635 2062 vero
1653 2031 1721 2072 Cy-

1026 2090 1082 2111 rus
1124 2080 1284 2121 Tomyrin
1313 2081 1451 2120 rogarit,
1477 2081 1610 2112 illorum
1639 2082 1719 2112 nihil

1026 2130 1222 2161 Herodotus
1235 2134 1270 2161 et
1285 2130 1466 2163 Diodorus.
1509 2130 1648 2170 Ingenti
1665 2141 1721 2163 ve-

1024 2189 1061 2211 ro
1081 2178 1298 2219 ἆναχρονισμῷ
1313 2180 1436 2220 Cyrum
1458 2179 1548 2210 bello
1573 2180 1719 2221 Trojano

1024 2229 1245 2270 antiquiorem
1271 2228 1364 2261 facit.
1407 2229 1475 2261 Sed
1500 2229 1588 2261 hanc
1611 2230 1718 2261 licen-

1023 2278 1105 2309 tiam
1120 2277 1270 2318 προλήψει
1282 2282 1445 2309 excusant
1457 2277 1588 2310 Poetae.
1626 2279 1719 2310 Vide

1024 2328 1148 2368 Scalig.
1161 2336 1218 2358 111.
1230 2327 1329 2358 Poet.
1341 2330 1394 2358 49.
1416 2327 1572 2360 Vossium
1582 2328 1616 2359 in
1632 2329 1720 2360 Rhe-

1025 2377 1141 2408 toricis
1171 2386 1205 2407 v.
1236 2379 1267 2408 3.
1324 2377 1405 2408 Tale
1430 2377 1510 2418 quid
1537 2377 1572 2408 in
1592 2378 1718 2419 Sopho-

1024 2427 1076 2458 cle
1115 2427 1201 2457 illius
1238 2426 1379 2458 Graecus
1413 2427 1583 2467 interpres
1619 2432 1718 2460 notat

1024 2473 1122 2508 in'itio
1135 2476 1386 2508 Trachiniarum
1402 2479 1476 2508 680.
1511 2477 1638 2509 Posset
1653 2478 1716 2509 eti—

1023 2536 1075 2558 am
1106 2526 1267 2568 ἐπεμβολῇ
1291 2527 1347 2557 ille
1377 2535 1494 2557 versus
1521 2526 1648 2558 includi
1678 2532 1715 2558 et

1022 2577 1217 2618 cancellari,
1244 2586 1284 2608 ac
1312 2576 1340 2607 si
1361 2575 1482 2607 Poe‘tae
1507 2576 1715 2610 attribuatur

1019 2626 1076 2657 illa
1091 2625 1302 2666 comparatio
1317 2634 1391 2656 cum
1408 2624 1605 2666 ἀποστροφῇ.

1061 2679 1104 2707 56
1126 2675 1254 2713 Melius,
1268 2683 1357 2715 quem
1368 2673 1513 2715 fecimus,
1531 2675 1640 2717 hostis,
1657 2681 1713 2708 aut

271 2725 381 2755 riant:
406 2725 537 2757 Herod.
563 2727 597 2757 in
624 2726 691 2757 fine
716 2726 841 2761 Cleius,
871 2726 964 2758 illurn
1016 2726 1067 2757 cui
1083 2725 1192 2765 factus
1216 2724 1315 2764 eram]
1353 2724 1417 2756 His
1453 2724 1605 2767 Graecos,
1646 2726 1712 2760 illis

271 2774 305 2804 in
316 2773 388 2804 acie
401 2774 558 2811 occisum,
575 2776 647 2806 vult
662 2786 668 2805 :
683 2775 785 2806 Diod.
800 2776 905 2806 Sicul.
924 2785 963 2807 11.

271 2823 382 2854 vivum
402 2828 539 2864 captum
558 2829 593 2857 et
614 2825 646 2856 in
663 2834 800 2857 crucem
824 2831 935 2858 actum
951 2837 959 2858 :

1018 2776 1107 2808 Eoos
1124 2775 1276 2816 Phrygas
1290 2775 1414 2816 signat.
