1889 3194
550 379 611 408 DE
644 378 799 409 BELLo
832 377 1055 408 TROJANO
1088 377 1184 408 Lm.
1215 377 1271 408 11.
1538 368 1623 408 419

187 471 300 514 Coeli
318 471 491 513 haeres‘e
522 473 639 526 quod
660 473 808 527 poscis
830 473 965 514 habes
983 485 994 514 :
1023 472 1119 513 haec
1140 472 1351 524 sanguine
1367 472 1538 526 juncta,

184 539 215 581 J
218 541 388 581 unctior
406 539 610 593 amplexu
627 553 638 581 :
671 553 794 581 soror
815 543 895 590 est,
910 538 1073 592 conjux
1093 539 1186 588 erit,
1205 552 1294 580 una
1539 537 1624 580 285

187 606 227 647 E
247 619 424 647 numero
445 607 610 648 selecta
627 608 721 657 tibi,
742 620 845 657 una,
863 606 940 648 sed
961 607 1105 655 unica,
1128 605 1255 659 cujus

186 673 283 715 Nec
303 674 491 714 similem
510 678 722 715 memoret
738 675 886 723 tellus,
908 686 985 714 nec
1008 673 1151 714 sidera
1166 674 1325 714 norint.

183 739 370 793 Absque
390 741 485 793 pari
506 741 622 794 parit
641 741 716 781 illa
737 741 830 782 tibi.
874 741 950 781 Sic
971 740 1062 781 fata
1081 745 1312 793 negantem

184 808 238 850 In
259 807 403 849 fratris
425 807 576 860 cupidi
595 807 718 848 dedit
738 807 918 849 oscula:
950 807 1161 848 conscius
1181 807 1257 849 ille

184 874 340 928 Optati
362 879 585 927 sceptrum
602 875 752 916 tribuit
768 887 995 916 commune
1017 875 1169 915 sorori.
1538 874 1623 915 290

182 942 299 994 Ergo
319 946 393 982 eat
413 946 456 982 et
477 941 627 982 vultus
647 945 820 982 nostros
843 941 1033 995 Erycina
1053 941 1264 983 lacessat:

182 1008 386 1062 Nuptum
406 1008 468 1049 ivi
489 1009 655 1049 selecta
672 1008 702 1049 J
706 1009 779 1049 ovi
796 1022 806 1050 ε
839 1008 917 1049 sed
932 1009 1113 1058 fallitur,
1132 1009 1243 1050 isset

182 1075 301 1116 Diva
322 1075 466 1129 Paphi
487 1076 663 1129 potius:
696 1076 898 1129 quoniam
919 1079 1040 1116 ortus
1061 1079 1189 1116 nacta
1208 1087 1385 1116 serenos

180 1143 418 1184 Concrevit
434 1146 664 1197 spumante
686 1143 810 1192 freto,
831 1142 1052 1195 caesisque
1073 1142 1305 1196 pudendis.

179 1210 294 1251 Haec
311 1214 484 1263 patrem
504 1210 675 1251 factura
692 1209 720 1250 J
725 1222 869 1259 ovem,
888 1210 984 1258 tibi,
1007 1210 1167 1250 bellice
1190 1209 1392 1258 Mavors,
1536 1207 1623 1249 295

180 1277 238 1317 Et
258 1277 428 1330 populo
448 1280 644 1330 pareret:
676 1276 759 1317 hac
783 1289 948 1329 anceps
971 1277 1144 1318 aetheris
1165 1276 1306 1318 haeres

178 1342 330 1385 Aurea
351 1344 552 1397 degeneri
573 1344 761 1385 violaret
779 1355 913 1395 regna
928 1343 1120 1384 metallo.

178 1410 357 1465 Quique
376 1424 455 1452 nec
479 1411 643 1452 indicio
664 1410 840 1459 Phoebi,
859 1422 940 1450 nec
962 1409 1131 1450 vindice
1150 1413 1272 1452 textu

177 1477 390 1518 Securam
410 1479 555 1531 potuit
575 1481 836 1530 noctemque
858 1476 1072 1530 fidemque
1087 1478 1242 1518 mereri

175 1544 398 1595 Lemnius,
419 1545 556 1585 ultum
576 1545 657 1586 iret
678 1543 807 1585 alieni
828 1544 990 1597 probra
1009 1543 1192 1596 pudoris
1536 1543 1623 1584 300

174 1610 400 1660 Lemnius,
423 1615 467 1652 et
485 1612 685 1665 proprios
705 1624 795 1652 non
819 1612 1061 1664 suspiraret
1079 1623 1262 1651 amores,

175 1677 241 1719 Ut
260 1677 500 1732 Phrygium
521 1678 691 1728 sileam,
709 1678 810 1731 quis
831 1678 1137 1730 vulgatissima
1157 1679 1301 1719 nescit

174 1745 312 1786 Furta
328 1746 438 1787 Deae
451 1747 470 1786 'l
501 1745 580 1786 sed
600 1745 777 1794 blanda,
798 1744 875 1786 sed
897 1745 1025 1794 alma,
1048 1744 1127 1784 sed
1148 1756 1279 1784 aurea
1299 1744 1436 1785 nectit

174 1812 348 1854 Blanda
369 1812 513 1862 dolos,
534 1812 613 1853 alit
634 1812 752 1853 alma
771 1812 950 1860 malum,
969 1811 1086 1864 petit
1103 1824 1236 1851 aurea
1257 1811 1434 1852 donum.

175 1879 306 1928 Olim,
327 1892 426 1920 nam
447 1880 638 1928 memini,
658 1878 856 1920 certandi
876 1878 975 1919 sola
994 1881 1197 1931 potestas
1535 1878 1621 1919 305

173 1945 284 1986 Cum
304 1946 421 1987 Jove
443 1950 589 1987 nostra
608 1945 713 1987 fuit:
748 1946 823 1986 ubi
844 1950 949 1986 tunc
969 1943 1142 1994 Venus,
1163 1945 1298 1985 illane
1320 1945 1439 1985 venit

172 2012 353 2055 Tertia?
385 2014 460 2054 ubi
482 2013 667 2054 Pallas?
699 2025 755 2053 an
776 2015 929 2066 quarta
941 2012 1075 2065 jussa
1097 2012 1295 2053 veniret?

760 2108 1003 2121 eeeeeeeeeee

176 2204 183 2210 .
212 2165 275 2235 ΞΜ
299 2162 391 2194 Dolis
407 2163 601 2196 Mon—30⁷
624 2164 680 2195 SIc
696 2163 752 2197 ed.
770 2164 873 2196 Basil.
889 2176 918 2204 q.
933 2164 1066 2203 utjussa
1080 2175 1111 2195 v.
1126 2162 1303 2204 Spondan.
1320 2167 1356 2195 et
1372 2163 1462 2195 Mor,
1484 2164 1526 2194 V.
1544 2166 1613 2194 not.

175 2214 207 2235 in
228 2227 235 2236 .

826 2257 973 2290 NOTAE

214 2323 276 2351 285
302 2320 372 2350 Una
390 2320 417 2350 E
432 2329 556 2351 numero
578 2322 689 2352 selecta
703 2321 774 2361 tibi,
793 2331 869 2361 una,
964 2326 1027 2354 294
1054 2321 1216 2354 Concrevit
1229 2326 1388 2362 spumante
1394 2320 1498 2361 freto]
1522 2319 1619 2352 Infra

170 2371 224 2402 sed
240 2370 345 2410 unica]
371 2370 614 2410 Egregia‚sine
631 2372 788 2411 exemplo
801 2372 868 2412 pri·
921 2374 997 2403 430.

172 2430 226 2456 va,
253 2418 411 2458 ἀγαπητή.
456 2420 513 2451 Ita
544 2420 697 2452 Catullus
725 2421 768 2452 de
794 2421 867 2452 Cae-
964 2423 1028 2452 296
1054 2421 1097 2452 Et
1127 2421 1239 2462 populo
1273 2420 1412 2461 pareret]
1456 2419 1618 2459 Πάνδημος

171 2480 268 2501 aare:
302 2471 312 2486 ‘
330 2469 523 2510 Imperator
552 2469 675 2502 unice!
718 2471 866 2502 Festus:
920 2470 1097 2510 Ἀφροδίτη.

167 2522 177 2538 ‘
196 2520 406 2551 Thalassium
430 2518 527 2559 virgo
550 2520 656 2550 unieae
680 2519 867 2560 pulchritu-
963 2523 1026 2551 297
1061 2522 1166 2551 Aurea
1194 2519 1340 2559 degeneri
1366 2519 1494 2551 violaret
1523 2529 1619 2559 regna

170 2568 869 2609 dinis.’‘Sardanapalusunieaeluxuriae!
920 2569 1058 2610 metallo]
1089 2570 1184 2610 Ipsa,
1215 2570 1276 2607 ait,
1299 2568 1413 2609 maris,
1443 2578 1510 2600 non
1539 2570 1617 2601 coeli

168 2619 284 2651 Plaut.
300 2619 333 2649 in
350 2619 514 2651 Bacchid.
530 2620 540 2637 ‘
559 2619 658 2650 unice
679 2629 780 2650 unum
794 2620 866 2660 plu·
922 2620 1115 2660 progenies,
1139 2618 1290 2659 hybridis
1317 2623 1353 2649 et
1380 2618 1530 2649 insititiis
1554 2620 1618 2650 illis

169 2668 245 2699 rimi
270 2668 425 2709 pendit;'
455 2673 492 2700 et
521 2669 614 2707 alibi,
637 2670 646 2687 ‘
662 2679 729 2701 uno
757 2671 865 2710 magis
921 2670 997 2701 coeli
1013 2674 1049 2701 et
1064 2669 1211 2699 Deorum
1228 2669 1438 2708 majestatem
1455 2668 1593 2699 deterit.

169 2717 311 2750 unicus!
353 2717 410 2750 Ita
431 2719 572 2755 Noster,
587 2728 621 2751 v.
637 2719 647 2736 ‘
664 2719 733 2750 ruit
749 2719 866 2750 unicus
963 2722 1027 2750 302
1052 2719 1134 2754 Quis
1147 2717 1365 2758 vulgatissima
1377 2718 1489 2759 nescit]
1515 2722 1615 2749 Πολυ-

166 2768 235 2804 ille,
248 2767 444 2808 Laodamia,
456 2768 558 2800 tuus?
581 2767 696 2800 Gifan.
713 2769 788 2801 Iud.
801 2770 866 2800 Lu-
922 2768 1084 2808 θρύλλητα
1098 2768 1148 2799 καὶ
1164 2766 1421 2806 καθημαξευμένα.
1603 2779 1606 2781 ’

169 2823 255 2850 eret.
271 2818 304 2848 in
314 2827 425 2857 sagax.
471 2818 610 2850 Qneroli
624 2822 762 2851 auctor:
787 2819 797 2836 ‘
814 2828 867 2851 me
966 2820 1028 2849 307
1052 2818 1104 2849 An
1127 2821 1238 2858 quarta
1251 2817 1342 2855 jussa
1363 2817 1498 2859 veniret]
1522 2819 1614 2862 Lego

169 2868 306 2911 reliquit
320 2870 426 2900 solum
443 2873 545 2910 atque
562 2869 719 2901 unicum.'
922 2867 1051 2910 injussa,
1071 2868 1122 2899 vel
1139 2872 1168 2899 et
1184 2868 1286 2907 jussa.
