1889 3194
306 333 393 374 580

307 436 454 468 diderim
487 436 589 468 fuisse
628 440 705 477 post
736 435 1005 474 Constantinum,

308 495 351 516 ex
368 487 425 516 illa
443 486 695 517 narratiuncula
712 495 787 526 quae
804 485 891 516 libro
916 493 1004 525 prae-

306 536 375 567 fixa
405 536 559 567 codicem
584 536 617 567 in
640 536 798 576 sepulcro
830 538 1006 574 repertum

309 586 438 616 Rutilio
471 584 571 616 Ruffo
597 585 709 616 Cretae
740 583 919 615 Consulari
947 582 1007 614 ob-

309 635 411 665 latum
447 634 553 665 refert
580 644 590 673 ;
628 634 676 665 ita
707 633 796 664 enim
839 636 931 663 recte
971 630 1006 662 in

309 693 453 726 utroque
476 686 543 716 Ms.
589 685 638 715 At
663 684 865 715 Consulares
892 691 1005 723 quam-

310 737 359 766 vis
376 736 510 775 quidam
527 734 569 765 ab
586 733 749 772 Adriano,
769 737 882 763 tamen
907 732 1007 772 pleri·

309 795 375 825 que
409 795 428 814 a
466 783 688 814 Constantino
734 781 893 820 instituti,
930 791 1006 813 cum

310 834 473 864 translata
489 832 568 862 sede
591 832 737 872 imperii,
757 831 1005 872 provinciarum

308 884 455 914 omnium
473 882 773 913 administrationis
795 886 832 912 et
844 881 1007 921 jurisdic-

309 934 409 964 tionis
439 932 587 963 ordinem
613 931 771 966 mutavit,
796 935 832 961 et
860 930 893 961 in
918 931 1007 962 occi-

309 982 411 1012 dente
440 981 558 1019 viginti
585 980 775 1021 provincias
802 980 1008 1019 magistrati-

311 1032 370 1062 bus
397 1030 622 1061 consularium
645 1030 779 1061 nomine
797 1039 918 1070 parere
935 1030 1007 1070 jus-

311 1083 382 1118 sit3
420 1081 453 1111 in
485 1081 628 1111 Oriente
658 1080 866 1120 quindecim,
897 1080 931 1110 in
969 1080 1009 1110 iis

311 1131 474 1161 Cretam:
514 1130 602 1170 quod
635 1129 827 1169 ignoratum
859 1128 1008 1160 officina-

310 1190 383 1211 rum
414 1179 663 1210 correctoribus
687 1189 744 1210 eos
769 1179 948 1220 impulerat
971 1183 1009 1210 ut

311 1240 373 1270 pro
401 1229 575 1261 Consulari
608 1229 857 1260 substituerent
888 1229 1010 1259 Praesi-

311 1279 407 1309 dem:
434 1279 520 1309 sicut
545 1278 646 1309 iidem
673 1279 851 1310 maximam
877 1284 1009 1319 partem

311 1328 639 1367 elegantissimorum
662 1328 868 1359 locutionum
894 1332 930 1359 et
952 1337 1010 1358 an-

310 1378 478 1417 tiquarum
496 1377 678 1407 dictionum
691 1377 774 1407 mira
787 1377 921 1408 inscitia
935 1386 1011 1407 cor-

311 1431 485 1466 ruperant,
516 1437 599 1467 quas
623 1436 681 1457 nos
707 1425 917 1457 restituimus
944 1436 1009 1467 ope

312 1475 453 1506 duorum
467 1476 551 1507 Mss.
565 1475 733 1514 codicum,
749 1486 930 1516 eorumque
945 1485 1010 1506 non

313 1535 393 1556 sane
410 1526 639 1566 antiquorum,
654 1526 712 1556 sed
728 1531 841 1557 tamen
867 1527 1011 1566 scripto-

312 1586 384 1606 rum
410 1581 487 1608 ante
511 1577 684 1616 vulgatam
710 1581 817 1608 artem
847 1582 1010 1618 typogra-

313 1626 458 1664 phicam.
504 1625 599 1656 Unus
628 1625 693 1656 fuit
718 1627 837 1665 optimi
862 1631 897 1656 et
925 1627 1011 1657 anti·

313 1676 454 1715 quitatis
480 1675 696 1706 curiosissimi
724 1675 821 1706 Petri
847 1676 1010 1714 Danielis,

312 1734 411 1765 quem
426 1734 486 1755 nos
503 1734 588 1755 anno
605 1734 676 1756 cm.
690 1734 736 1757 ιο.
754 1734 911 1756 Lxxxnr.
930 1735 1011 1756 con-

316 1775 474 1804 tulimus:
501 1775 587 1805 alter
613 1775 652 1805 C.
681 1775 723 1805 V.
748 1774 847 1804 Pauli
875 1775 1011 1805 Petavii

314 1824 425 1854 Curiae
444 1824 646 1853 Parisiensis
664 1823 860 1861 consiliarii,
875 1833 941 1864 qno
961 1823 1010 1853 usi

312 1882 426 1903 sumus
443 1882 607 1903 annuero.
626 1881 671 1904 ιο.
685 1882 766 1903 xcv.
784 1872 842 1903 sed
854 1881 894 1903 eo
911 1873 1011 1913 longo

314 1923 490 1953 deteriori.
537 1923 667 1953 Horum
684 1932 749 1962 opc
765 1921 845 1952 freti
863 1920 1012 1952 infinitas

315 1972 450 2002 mendas
463 1980 503 2001 ex
522 1971 669 2011 eleganti
683 1971 848 2010 scriptore
868 1971 1012 2001 detersi·

315 2031 399 2060 nius,
419 2030 554 2062 quarum
575 2021 719 2051 omnium
743 2029 806 2051 non
830 2030 942 2051 sumus
960 2030 1011 2050 ΓΕ·

315 2071 439 2101 tionem
459 2070 623 2100 reddituri
641 2070 672 2099 in
685 2070 734 2100 liis
747 2070 848 2109 notis,
871 2079 913 2100 ne
928 2079 1012 2110 opus

314 2121 348 2151 in
374 2121 571 2151 immensum
599 2126 753 2151 crescat:
778 2121 859 2151 satis
890 2121 956 2152 erit
979 2121 1012 2151 in

316 2171 572 2211 praesentiarum
587 2170 770 2210 insigniora
785 2169 941 2210 qnaedam
955 2179 1013 2200 no—

317 2226 404 2258 tare,
433 2220 510 2250 dum
538 2219 628 2249 alind
660 2224 793 2259 tempus
823 2219 924 2250 detur
946 2229 1012 2260 quo

315 2269 357 2299 de
377 2268 511 2308 judicio
539 2268 689 2298 adhibito
705 2277 724 2298 a
741 2273 856 2298 nostro
873 2273 1013 2299 auctore

318 2319 351 2348 in
367 2317 570 2358 explicanda
592 2322 665 2348 tota
680 2318 741 2348 hac
757 2317 899 2348 historia
922 2318 1014 2358 sigil-

315 2369 410 2398 latim
436 2367 606 2405 dit-amus3
630 2373 666 2397 et
695 2376 782 2397 nunc
809 2368 914 2398 semel
945 2377 1014 2398 mo-

316 2426 398 2447 nere
413 2418 587 2453 lectorem,
600 2421 717 2446 cetera
731 2426 805 2456 quae
817 2417 851 2447 in
864 2417 926 2447 hac
943 2417 1014 2448 edi-

317 2468 409 2497 tione
424 2465 626 2497 mutavimus
644 2465 839 2496 auctoribus
862 2465 901 2496 iis
919 2464 1013 2496 libris

318 2526 391 2547 esse
405 2520 546 2547 mutata.

362 2566 477 2606 Dictys
499 2566 659 2596 Cretensis
681 2565 812 2605 genere]
839 2564 926 2595 Haec
947 2564 1015 2595 vel-

318 2615 368 2645 uti
385 2614 542 2655 praefatio
558 2615 591 2645 in
608 2614 704 2645 libris
718 2614 840 2645 nostris
853 2618 927 2645 erat
943 2613 1014 2644 sine

321 2665 388 2694 ulla
400 2664 638 2704 inscriptione;
654 2667 690 2695 at
700 2672 843 2704 sequens
857 2663 1015 2703 epistola,

321 2723 396 2753 quae
414 2713 553 2753 vulgata
569 2713 632 2745 sub
648 2713 781 2744 nomine
799 2713 842 2745 Q.
860 2712 1016 2752 Septimii

321 2762 475 2804 Romani,
499 2763 590 2793 nulla
615 2767 667 2794 est
684 2763 716 2793 in
733 2762 880 2803 antiquis
902 2770 1017 2792 exem·

321 2812 483 2850 pluribus.
549 2812 671 2853 Itaque
718 2822 786 2843 uon
823 2812 1016 2843 dubitamus

323 2860 402 2899 quin
416 2861 487 2891 liaec
501 2860 543 2891 sit
567 2861 609 2892 ab
625 2862 699 2902 ipso
711 2862 877 2901 scriptore
894 2860 1018 2901 operis,

480 344 621 375 NOTAE
655 342 921 374 VARIORUM
955 342 1006 372 ΙΝ
1041 341 1232 372 ΒΙΟΤΥΜ
1265 341 1580 372 CRETENSEM.

1057 434 1114 474 qni
1141 434 1297 474 apposite
1322 433 1420 466 finxit
1443 435 1517 466 haec
1539 433 1582 465 de
1609 432 1749 465 Punicis

1057 484 1175 519 literis,
1191 484 1233 515 de
1250 484 1365 515 arcula
1391 488 1545 524 stannea,
1568 483 1611 515 de
1637 483 1751 523 sepul-

1056 545 1117 566 cro
1133 540 1326 566 terraemotu
1340 535 1531 576 patefacto,
1543 534 1586 565 de
1599 535 1753 574 Euprax-

1057 584 1125 626 ide,
1142 585 1269 616 Rutilio
1284 586 1396 616 Cretae
1414 584 1601 623 Consulari,
1627 588 1665 615 et
1680 583 1750 615 Ne-

1057 643 1139 664 rone
1159 633 1363 674 cujusjnssu
1380 633 1465 664 liber
1478 633 1510 664 in
1524 633 1683 665 Graecurn
1704 632 1752 663 sit

1056 693 1249 715 conversus.
1294 682 1324 713 A
1348 683 1479 714 recenti
1503 691 1603 713 manu
1619 686 1671 713 est
1693 682 1753 713 illa

1056 733 1224 774 Septimii,
1250 742 1326 773 quae
1353 733 1434 763 nihil
1462 732 1541 763 novi
1565 731 1674 771 addit,
1688 730 1752 762 nisi

1055 782 1242 813 versionem
1256 792 1274 812 e
1289 782 1410 813 Graeco
1424 782 1456 812 in
1471 781 1638 822 Latinum,
1651 789 1752 821 quam

1056 831 1206 863 novicius
1217 831 1270 862 hic
1281 831 1466 862 sarcinator
1479 830 1616 862 videbat
1631 830 1752 862 deesse

1056 881 1220 922 superiori
1230 881 1426 920 narrationi,
1440 885 1475 912 et
1487 881 1676 912 contractio
1690 881 1753 911 τῶν

1056 931 1175 963 νόστων
1190 932 1222 963 in
1240 931 1519 972 unicumlibrum,
1534 930 1623 972 quod
1636 939 1677 961 eo
1694 929 1752 960 ad-

1058 982 1158 1020 didit,
1169 982 1247 1023 quia
1263 981 1352 1022 apud
1373 981 1510 1012 Suidam
1523 982 1656 1021 legerat
1671 980 1750 1011 Dic-

1059 1037 1129 1072 tym
1152 1032 1328 1071 scripsisse
1350 1031 1452 1062 libros
1476 1040 1618 1061 novem:
1644 1029 1703 1061 sed
1724 1030 1752 1060 is

1058 1081 1123 1112 suit
1146 1081 1265 1121 Dictys
1280 1081 1422 1112 Graecus
1441 1081 1525 1111 alius
1542 1089 1562 1110 a
1574 1084 1702 1119 nostro,
1716 1083 1754 1110 ut

1059 1131 1259 1161 monuimus.
1316 1130 1362 1161 At
1385 1134 1536 1160 nostrum
1566 1138 1626 1159 sex
1657 1128 1753 1159 libris

1059 1181 1250 1212 absolutum
1266 1181 1339 1220 ipsa
1351 1181 1424 1211 haec
1438 1178 1596 1221 praefatio
1613 1179 1739 1210 retulit.

1102 1231 1143 1261 In
1168 1229 1336 1270 Achaiam]
1381 1230 1458 1262 Quo
1496 1229 1632 1260 nomine
1663 1228 1754 1259 dicta

1059 1290 1135 1321 quae
1149 1279 1225 1311 olim
1243 1279 1392 1318 Graecia,
1415 1284 1492 1318 post
1508 1278 1618 1309 victos
1631 1276 1752 1308 Achae-

1060 1340 1119 1369 os;
1143 1336 1177 1361 et
1194 1330 1317 1361 mansit
1334 1328 1368 1360 id
1385 1338 1506 1359 nomeu
1524 1327 1662 1359 Achaiae
1677 1337 1754 1368 pro-

1059 1381 1178 1412 vinciae
1204 1380 1265 1411 sub
1288 1379 1557 1421 Imperatoribus
1582 1378 1757 1419 Romanis,

1059 1435 1095 1461 et
1107 1431 1140 1461 in
1157 1439 1243 1461 nova
1259 1430 1424 1461 divisione
1441 1429 1668 1461 Constantini.

1105 1480 1284 1520 Consulari]
1316 1479 1373 1510 Ita
1410 1478 1486 1509 libri
1525 1478 1656 1518 scripti,
1687 1487 1754 1509 non

1059 1531 1068 1547 ‘
1082 1528 1242 1570 praesidi‚’
1266 1529 1354 1570 quod
1373 1528 1520 1568 imperiti
1542 1531 1755 1559 correctores

1061 1580 1292 1618 vulgaverant.
1337 1578 1539 1609 Consulares
1573 1578 1690 1609 volunt
1718 1578 1755 1608 in

1059 1630 1261 1671 quibusdam
1293 1629 1476 1668 provinciis
1507 1628 1679 1659 institutos
1712 1629 1754 1659 ab

1063 1679 1213 1710 Adriano
1245 1679 1476 1718 Imperatore:
1513 1677 1577 1709 hoc
1609 1682 1754 1714 certum,

1061 1731 1174 1770 plures
1191 1728 1407 1768 magistratus
1432 1728 1496 1759 hoc
1519 1727 1652 1758 nomine
1669 1736 1756 1767 prae-

1061 1778 1169 1809 sectos
1184 1788 1203 1808 a
1219 1778 1443 1809 Constantino
1468 1776 1579 1817 parvis
1602 1782 1638 1808 et
1655 1786 1755 1818 paca-

1063 1829 1104 1859 tis
1127 1828 1333 1868 provinciis3
1356 1827 1390 1858 in
1414 1827 1454 1858 iis
1471 1827 1596 1858 Cretae.
1621 1827 1755 1858 Notitia

1062 1878 1214 1918 Imperii.

1105 1930 1245 1965 Quorum
1270 1928 1396 1968 seriem]
1431 1927 1477 1958 Et
1503 1926 1577 1957 haec
1603 1925 1756 1957 indicant

1061 1984 1258 2019 sequentem
1289 1977 1468 2017 epistolam
1504 1975 1660 2016 Septimii
1696 1985 1756 2006 no-

1062 2028 1150 2058 mine
1165 2027 1292 2058 editam
1309 2035 1383 2057 esse
1411 2035 1430 2056 a
1447 2026 1534 2057 mala
1548 2034 1661 2065 manu,
1679 2032 1754 2066 quae

1062 2086 1125 2107 nec
1149 2081 1245 2106 extat
1269 2075 1302 2106 in
1325 2075 1420 2105 libris
1447 2074 1696 2114 manuscriptis,
1719 2078 1757 2105 et

1062 2126 1184 2157 seriem
1200 2126 1287 2156 hanc
1305 2125 1431 2165 turbat,
1451 2134 1560 2166 neque
1576 2125 1757 2166 quicquum

1062 2176 1138 2206 novi
1155 2184 1215 2205 nos
1227 2174 1340 2213 docet,
1354 2173 1414 2205 sed
1424 2174 1609 2214 interpolat
1624 2177 1757 2205 tantum

1063 2235 1138 2266 quae
1155 2226 1187 2256 in
1205 2224 1371 2265 superiori
1386 2234 1396 2263 ;
1419 2227 1454 2254 et
1469 2223 1597 2256 Quinto
1610 2221 1758 2254 Arcadio

1063 2275 1226 2315 inscripta
1267 2274 1301 2304 in
1347 2271 1517 2304 Rnffinum
1552 2271 1689 2310 desinit,
1721 2276 1759 2303 et

1065 2323 1319 2364 Ephemeridem
1344 2319 1606 2354 nominat'hunc
1633 2321 1757 2352 librum

1063 2375 1172 2405 minus
1195 2372 1345 2414 proprie,
1370 2376 1419 2411 et,
1444 2375 1483 2402 ut
1507 2371 1611 2401 semel
1635 2369 1758 2411 dicam,

1062 2425 1198 2455 omnino
1214 2428 1268 2454 est
1283 2421 1403 2462 nuperi
1424 2425 1460 2453 et
1475 2420 1624 2460 imperiti
1648 2429 1758 2460 gram-

1062 2473 1214 2504 maticuli
1231 2472 1409 2511 scriptum.
1455 2469 1639 2501 Addebant
1655 2478 1755 2509 supe-

1063 2524 1170 2554 riores
1203 2522 1368 2554 editiones
1399 2519 1622 2561 appendicem
1651 2527 1756 2558 quan-

1063 2573 1140 2603 dam
1160 2571 1426 2612 genealogicam,
1441 2567 1631 2609 imperitius
1654 2567 1756 2598 etiam

1063 2622 1239 2662 scriptam,
1254 2630 1350 2662 quam
1359 2620 1439 2660 jure
1454 2617 1575 2649 merito
1586 2616 1755 2658 expunxi-

1064 2680 1148 2703 mus.

1340 2741 1428 2774 Llss.
1453 2741 1482 2772 1.

1108 2812 1160 2851 §l
1196 2810 1248 2842 Ad
1277 2809 1457 2840 dividendas
1483 2806 1564 2837 iuter
1590 2816 1621 2837 se
1652 2806 1760 2837 cretea·

1065 2860 1150 2900 opes]
1174 2860 1313 2900 Insigne
1338 2857 1495 2890 mendum
1520 2855 1691 2888 insederat
1706 2856 1760 2897 ip·
