1889 3194
721 384 1079 415 DssochToniA.
1537 374 1622 415 355

518 480 640 521 Bene
664 492 797 533 quam
818 479 983 520 munita
1003 483 1147 520 tenere

289 545 422 586 Edita
442 545 641 588 doctrina
661 547 904 600 sapientum
926 546 1091 600 templa
1113 558 1281 586 serena.
1313 542 1479 585 Lucret.

173 612 261 662 vel,
291 618 342 654 ut
362 612 505 654 Varro
525 613 715 663 dicebat,
740 612 927 665 legendo
957 616 999 652 et
1030 612 1264 652 scribendo
1286 613 1424 653 vitam
1457 611 1621 664 produ-

173 692 270 720 cere
287 693 469 721 :revera
489 680 556 721 illi
575 693 735 733 magna
754 680 963 733 voluptas
985 687 1066 728 est,
1089 680 1230 720 bonos
1245 684 1449 720 auctores
1474 679 1622 719 novis-

175 759 238 796 se,
259 746 400 800 major
428 747 706 800 possedisse,
728 747 924 788 maxima
950 747 1108 800 legisse
1133 751 1175 787 et
1204 746 1492 798 pervolvisse,
1514 745 1621 798 quid

173 813 321 854 dicam
341 815 385 854 in
404 827 531 855 usum
553 816 737 856 vertisse
751 816 770 855 ‘l
829 814 918 855 Sed
939 827 993 855 ne
1016 819 1146 855 extra
1167 814 1307 863 oleas,
1330 817 1389 863 et,
1412 813 1533 866 quod
1554 813 1622 853 di-

173 880 296 930 citur,
317 882 484 923 omissa
503 882 671 936 hypera
691 882 851 935 pedem
873 882 1031 923 sectari
1053 880 1221 928 videar,
1242 881 1406 934 accipe,
1420 881 1486 921 vir
1501 893 1620 933 mag-

172 946 319 998 nifice,
342 948 549 989 Iscanum
580 948 768 990 Poetam
798 948 1182 1001 elegantissimum,
1202 947 1248 988 in
1274 960 1318 988 re
1343 948 1511 1000 vulgari
1532 959 1621 987 non

171 1013 411 1066 vulgariter
432 1020 665 1065 versatum,
688 1015 818 1069 cujus
837 1028 996 1056 nomen
1017 1018 1081 1056 tot
1100 1015 1182 1056 viri
1203 1015 1326 1056 docti
1348 1015 1484 1055 anxie
1505 1015 1622 1055 desi-

172 1080 393 1129 derarunt,
415 1083 539 1137 cujus
558 1082 789 1123 sententiis
813 1095 920 1123 auro
954 1086 1104 1123 contra
1134 1083 1250 1124 caris
1282 1095 1365 1123 non
1398 1081 1621 1134 Philologi

171 1151 356 1197 tantum,
378 1148 455 1189 sed
483 1152 526 1189 et
552 1147 658 1190 JCti
691 1150 758 1189 usi
789 1154 902 1190 sunt.
962 1148 1128 1190 Videat
1161 1149 1302 1190 lucem
1334 1150 1416 1190 sub
1436 1148 1538 1189 luce
1559 1148 1621 1189 tui

171 1215 378 1266 nominis,
401 1216 474 1269 qui
495 1220 583 1257 tam
614 1215 690 1256 diu
711 1216 753 1256 in
783 1216 975 1256 tenebris
997 1215 1120 1256 nullo
1143 1229 1226 1256 suo
1248 1216 1401 1256 merito
1422 1215 1620 1255 delituit:

172 1286 251 1323 tua
274 1282 396 1335 Mag.
419 1282 476 1323 ad
497 1295 660 1324 novam
689 1283 834 1325 lucem
856 1283 1078 1336 caliganti,
1100 1281 1368 1338 χειραγωγίας
1398 1281 1622 1336 adjumen-

172 1354 264 1390 tum
298 1355 343 1390 et
373 1349 568 1391 favorem
591 1349 842 1403 indulgeat:
872 1363 926 1391 ca
955 1354 1032 1391 tua
1057 1351 1310 1390 humanitas
1331 1354 1414 1399 est,
1434 1352 1480 1389 ut
1500 1348 1622 1397 velit,

171 1429 228 1457 ea
243 1417 484 1457 auctoritas
504 1421 550 1457 et
570 1415 778 1469 dignitas,
795 1420 842 1456 ut
860 1418 1020 1469 possit.
1052 1417 1117 1457 Ut
1135 1418 1177 1457 in
1199 1416 1327 1457 illuni
1345 1419 1473 1456 nocte
1494 1416 1623 1456 stella

172 1483 315 1524 oriens
336 1483 584 1535 gratissima
605 1486 700 1534 est;
733 1483 798 1523 sic
832 1483 877 1523 in
907 1482 1056 1524 media
1083 1483 1283 1524 barbarie
1305 1482 1434 1536 quasi
1459 1485 1620 1522 renatae

169 1551 381 1605 placeant
401 1551 619 1592 stricturae
641 1551 917 1604 elegantioris
941 1549 1156 1605 poeticae:
1196 1550 1296 1604 jure
1326 1551 1443 1591 enim
1468 1550 1622 1590 merito

169 1618 277 1660 illud
299 1618 491 1660 Menelai
513 1617 567 1659 de
589 1631 637 1659 se
656 1622 800 1671 neget,

282 1683 604 1740 Βεβαρβάρωμαι,
622 1683 769 1741 χρόνιος
789 1682 838 1725 ὢν
857 1685 892 1725 ἐν
911 1684 1130 1740 βαρβάροις.
1169 1683 1318 1738 Eurip.
1346 1682 1478 1725 Orest.

226 1753 300 1794 Ad
318 1765 387 1793 me
410 1752 530 1806 quod
551 1753 719 1803 attinet,
742 1753 899 1806 pignus
918 1753 1002 1794 hoc
1024 1752 1174 1793 devoti
1201 1753 1334 1793 animi
1357 1752 1478 1805 apud
1501 1758 1620 1792 tuam

171 1816 512 1873 Maggdepono,
533 1832 636 1873 quae
661 1821 699 1861 si
726 1819 836 1861 illud
867 1820 1087 1873 acceperit
1116 1823 1324 1873 tanquam
1354 1832 1511 1868 meum,
1540 1818 1620 1859 sed

167 1887 258 1941 ipsi
279 1886 491 1936 debitum,
515 1891 558 1927 et
584 1886 828 1928 defenderit
855 1893 1067 1940 tanquam
1097 1899 1238 1936 suum,
1260 1886 1336 1927 sed
1366 1899 1393 1927 a
1422 1899 1491 1927 me
1521 1898 1622 1939 pro-

168 1955 349 2004 fectum,
374 1958 607 2008 acceptum
625 1954 738 1995 illud
759 1957 802 1996 et
822 1967 922 1995 vere
941 1957 1173 2007 acceptum
1191 1954 1412 2006 gaudebo:
1458 1954 1522 1994 sic
1542 1953 1571 1994 J
1576 1966 1622 1994 o-

170 2021 333 2076 sephus
349 2025 513 2072 noster,
546 2019 603 2061 ἐπὶ
627 2021 707 2062 δυσὶ
729 2020 915 2077 ἀγκύραις
931 2020 1114 2071 σαλεύων,
1131 2020 1406 2062 commodius
1424 2019 1619 2070 habebit,

342 2087 455 2129 Cum
476 2088 636 2130 melius
658 2088 746 2130 duo
769 2088 1009 2130 defendant
1028 2088 1270 2130 retinacula
1288 2087 1449 2128 navim.

171 2155 297 2196 Deus
327 2158 449 2196 tuam
472 2154 658 2208 Magnis.
687 2156 948 2210 reipublicae
977 2155 1150 2197 florenti
1171 2156 1407 2205 florentem,
1426 2153 1619 2207 mihique

169 2221 389 2263 faventem
410 2221 484 2264 diu
508 2227 739 2265 conservet
760 2228 805 2265 et
824 2223 1030 2278 sospitet.

627 2391 729 2433 Tua
744 2389 931 2444 Magnif.

795 2522 871 2576 qui
892 2521 1000 2564 colit
1023 2525 1067 2562 et
1087 2521 1281 2562 aestimat

1005 2667 1217 2710 SAMUEL
1249 2667 1561 2709 Dnsssmvnus.
