1889 3194
532 318 594 349 DE
631 319 785 348 BELLO
817 316 1043 348 TROJANO
1078 319 1173 349 LlB.
1208 320 1237 348 Ι.

1524 309 1609 350 399

167 412 378 467 Assyriae,
398 413 507 454 feret
527 413 624 453 haec
647 413 796 466 potius
816 410 1071 453 discrimina
1088 412 1266 464 linguae,

165 481 275 522 Tela
294 481 323 522 J
328 481 439 531 ovis,
460 480 567 521 nulli
587 479 823 534 spatiosior
844 478 1004 520 aethere
1027 483 1196 520 tractus

166 547 380 600 Contigit,
403 551 478 589 aut
494 551 661 588 tantum
679 547 852 600 patiens
874 545 1057 588 indulsit
1078 546 1310 600 Olympus.

1525 546 1611 587 495

167 614 285 655 Pene
305 626 434 668 pares
455 619 593 655 totam
613 618 754 655 turres
775 617 1039 668 sparguntur
1058 614 1104 654 in
1123 614 1295 663 urbem,

166 680 410 734 Cyclopum
428 681 560 722 fassae
582 681 789 731 studium,
811 681 1012 736 civisque
1034 682 1252 735 superbus

167 747 300 788 Celsa
319 751 487 801 petens,
506 747 679 788 fastidit
695 748 899 789 humum:
931 749 1151 802 surgentia
1168 749 1337 803 passim

167 814 389 856 Exhalant
406 815 555 868 piceas
574 814 756 856 incensa
777 815 950 869 pyralia
970 816 1185 858 flammas.

165 881 334 934 Ingenti
355 880 584 934 Ucalegon
605 895 862 923 consumens
884 881 989 924 aera
1007 886 1139 933 tecto,

1528 882 1613 922 500

165 947 347 989 Arduus
368 948 458 989 alta
478 949 602 1001 petit,
625 948 819 990 Antenor
837 950 1056 991 moenibus
1077 950 1220 1003 aequis

167 1016 340 1058 Certat:
372 1019 417 1057 at
438 1015 710 1064 inconstans,
729 1028 813 1057 nec
830 1016 988 1070 major,
1010 1029 1089 1058 nec
1110 1017 1266 1065 minor,
1289 1016 1420 1070 aegris

166 1081 389 1123 Anchises
411 1082 555 1135 parcit
574 1083 779 1135 pedibus,
803 1096 1088 1136 gressumque
1109 1096 1296 1137 perosus

167 1149 205 1189 E
226 1149 426 1202 speculis
446 1148 566 1189 videt
586 1149 707 1189 urbis
728 1162 853 1202 opes,
875 1150 1152 1203 plaususque
1173 1151 1358 1190 viarum.

226 1215 361 1256 Haud
381 1215 532 1268 procul
553 1215 826 1266 incumbens,
845 1217 943 1257 urbi
964 1217 1258 1257 mediantibus
1279 1217 1398 1257 arvis

1528 1216 1614 1256 505

166 1281 317 1324 Idaeus
339 1282 561 1334 consurgit
582 1294 716 1335 apex,
738 1286 865 1324 vetus
886 1283 1034 1324 incola
1055 1283 1223 1323 montis

166 1349 302 1402 Sylva
318 1350 444 1399 viret,
465 1353 619 1390 vernat
639 1349 765 1389 abies
786 1362 983 1402 procera,
1005 1362 1243 1403 cupressus

814 1458 961 1491 NOTAE

164 1532 270 1565 Diod.
292 1532 396 1564 SIcnl.
423 1541 474 1564 xi.
499 1531 623 1564 Strabo
650 1541 701 1564 lv.
724 1533 863 1565 Curtius

167 1593 201 1615 v.
223 1582 355 1614 Plinius
373 1590 456 1614 vm.
467 1585 521 1614 42.
534 1582 682 1618 Solinus,
698 1581 863 1613 bonorum

164 1638 343 1664 auctorum
359 1632 467 1668 fucus,
484 1635 539 1664 60.
561 1632 719 1673 Hyginus
736 1633 779 1664 de
796 1632 862 1664 illis

163 1684 222 1725 qui
250 1694 286 1715 se
310 1685 399 1725 ipsas
423 1684 656 1724 confecerant,
678 1687 753 1716 243.
779 1684 860 1716 ‘Se-

164 1734 312 1765 miramis
342 1734 536 1774 Babylonia
559 1744 646 1775 equo
673 1735 796 1766 amisso
825 1734 860 1765 in

163 1794 283 1826 pyram
299 1794 336 1816 se
351 1784 523 1826 conjecit)
565 1784 722 1817 ,Iustinus
738 1794 861 1826 equum

163 1836 207 1866 ab
219 1835 277 1867 illa
291 1835 367 1876 πρὸς
382 1833 547 1867 συνουσίαν
570 1839 720 1867 amatum
744 1834 863 1875 refert,

163 1885 198 1916 in
215 1886 353 1927 Hygino
369 1886 495 1918 rectius
510 1886 617 1928 ‘equo
633 1885 778 1917 admisso
791 1885 798 1898 ’
814 1886 862 1917 le·

165 1945 234 1976 gas.

204 1989 267 2017 493
294 1986 387 2018 Feret
403 1986 467 2017 haec
477 1985 583 2027 potius
601 1984 784 2016 discrimina
802 1986 863 2017 lin-

162 2036 250 2077 guae]
274 2036 401 2068 Genes.
419 2039 471 2067 ll.
505 2035 644 2076 Joseph.
667 2044 691 2066 1.
712 2038 744 2066 6.
768 2034 862 2067 Anti-

164 2086 249 2126 quit.
285 2085 438 2117 Philonis
467 2085 570 2116 etiam
599 2084 687 2115 liber
715 2088 768 2115 est
797 2083 865 2126 περὶ

164 2135 352 2174 συγχύσεως
367 2133 545 2166 διαλέκτων.

207 2188 271 2217 499
292 2186 453 2216 Exhalant
469 2185 573 2224 piceas
596 2184 720 2214 incensa
740 2184 865 2224 pyr-alia

158 2234 322 2276 flammas]
338 2232 454 2273 Πυρήϊα
470 2232 541 2263 sive
556 2231 695 2272 funalia,
711 2236 746 2263 et
762 2237 865 2270 λαμπ·

164 2285 260 2324 τῆρας
275 2284 439 2324 intelligo,
454 2283 574 2324 quibus
592 2286 768 2313 nocturnae
795 2287 864 2313 sta-

166 2334 276 2366 tiones
288 2333 448 2364 tenebras
465 2332 617 2370 vincunt,
636 2335 674 2362 ut
689 2331 808 2362 Florus
824 2340 865 2362 11.

168 2388 198 2415 l.
212 2385 222 2402 ‘
233 2383 418 2424 praelucere
434 2379 586 2413 funalia!
623 2379 711 2411 Vide
729 2380 864 2420 prolixe

166 2434 308 2466 doctiss.
323 2432 467 2465 Casaub.
484 2431 518 2462 in
533 2440 595 2462 xv.
614 2429 864 2469 Athenaei,630.

167 2484 310 2515 Latinus
336 2483 485 2514 Pacatus
516 2482 550 2512 in
580 2481 753 2520 Panegyr.
789 2483 864 2511 ‘ac-

166 2534 275 2566 censis
292 2532 461 2564 funalibus
478 2535 616 2563 auctum
633 2529 744 2570 diem‚’
769 2530 827 2561 ait.

209 2586 273 2615 500
285 2584 415 2622 Ingenti
434 2582 588 2621 Ucalegon
603 2590 779 2612 consumens
793 2580 867 2612 a'e'ra

167 2636 259 2672 tecto,
274 2634 403 2664 Arduus
416 2633 481 2663 alta
495 2630 592 2671 petit]
614 2631 711 2670 Virg·
726 2639 765 2661 11.
790 2630 864 2662 AEn.

167 2682 336 2723 imitatur,
361 2682 417 2714 οὐκ
440 2680 564 2720 ἀλέγων
592 2680 802 2720 φιλοκίνδυνος
832 2685 867 2711 et

167 2733 370 2773 ῥιψοκίνδυνος
393 2742 467 2765 esse
493 2732 601 2763 solet:
623 2730 725 2761 facile
752 2730 865 2770 itaque

168 2783 359 2814 incendium
387 2792 429 2814 ex
451 2782 580 2812 incuria
597 2780 761 2812 oboritur.
804 2779 866 2812 Ju-

170 2833 276 2864 venal.
302 2832 395 2873 ‘jam
417 2830 539 2863 frivola
562 2829 723 2862 transfert
742 2829 865 2861 Ucale-

918 1533 1011 1575 gon?
1056 1533 1211 1565 ‘Arduus
1228 1532 1298 1564 alta
1313 1530 1425 1573 petit,'
1440 1535 1477 1564 ut
1490 1532 1603 1573 Virgil

916 1585 925 1601 ‘
939 1583 1096 1615 Perfidus
1113 1585 1183 1615 alta
1197 1583 1345 1624 petens.’

959 1637 1022 1666 502
1045 1634 1238 1673 Inconstans,
1249 1643 1302 1664 nec
1312 1633 1421 1673 major,
1432 1642 1487 1664 uec
1497 1632 1614 1674 minor]

915 1685 1017 1716 Prius
1039 1685 1082 1716 ad
1106 1685 1264 1724 animum,
1285 1683 1347 1714 hoc
1378 1682 1420 1714 ad
1448 1688 1616 1714 staturam

913 1733 1108 1775 τετράγωνον
1120 1733 1244 1765 refero.
1264 1733 1445 1764 Tibull.1v.
1457 1734 1467 1750 ‘
1477 1732 1553 1764 Nec
1565 1738 1615 1764 ta-

914 1795 992 1816 men
1008 1784 1085 1815 hinc
1103 1788 1161 1815 aut
1177 1783 1255 1814 hinc
1271 1781 1333 1813 tibi
1356 1782 1428 1813 laus
1451 1782 1617 1823 majorve,

915 1832 1090 1866 minorve.’
1127 1832 1306 1873 Inibique:
1330 1831 1340 1848 ⁴
1356 1831 1383 1862 si
1399 1840 1513 1862 versus
1540 1841 1617 1862 nos-

916 1887 970 1915 ter
986 1888 1122 1915 totusve
1138 1880 1311 1913 minusve?
1342 1881 1504 1921 Propert.
1522 1890 1563 1913 11.
1581 1882 1616 1912 in

916 1933 983 1964 fine
999 1943 1008 1964 z
1032 1934 1041 1951 ‘
1058 1933 1133 1965 Nec
1149 1932 1256 1964 minor
1270 1932 1322 1962 his
1339 1931 1473 1971 animis,
1489 1941 1551 1963 uec
1577 1941 1614 1963 se

916 1982 1048 2015 minor-⁹
1085 1982 1205 2014 Manil.
1228 1990 1269 2012 11.
1302 1980 1311 1998 ‘
1329 1981 1404 2013 Nec
1421 1980 1529 2021 deest,
1552 1990 1616 2012 nec

918 2038 1071 2074 superest
1083 2030 1228 2064 census.’
1246 2030 1372 2062 Auson.
1386 2030 1475 2070 Idyl.
1487 2033 1520 2062 9.
1533 2030 1616 2061 ‘Te-

917 2093 983 2124 que
1006 2083 1095 2113 inter
1116 2081 1265 2122 geminas
1288 2080 1418 2121 species
1443 2084 1618 2112 neutrum-

917 2142 983 2173 que
1000 2136 1035 2163 et
1051 2129 1256 2172 utrumque?

959 2183 1021 2212 507
1050 2180 1169 2212 Vernat
1189 2179 1284 2214 abies,
1302 2177 1373 2219 ξω]
1396 2177 1616 2208 Daemonium

916 2230 1059 2261 hominis
1074 2230 1185 2263 Julius
1201 2229 1318 2260 Caesar
1330 2227 1482 2267 Scaliger
1494 2227 1527 2257 in
1544 2227 1618 2267 Hy-

918 2279 1101 2320 per-critico
1126 2278 1311 2318 Papinium
1341 2286 1408 2307 non
1449 2277 1617 2307 immerito

917 2330 1044 2370 arguit,
1060 2329 1094 2360 in
1117 2337 1184 2359 uno
1208 2337 1345 2359 nemore
1369 2332 1437 2357 tam
1463 2326 1618 2358 diversas

918 2383 1099 2420 ponentem
1115 2377 1254 2408 arbores
1268 2386 1276 2406 :
1301 2380 1336 2406 et
1353 2384 1433 2406 sane
1449 2374 1586 2406 videtur
1598 2385 1619 2406 a

918 2433 1040 2460 natura
1066 2427 1239 2458 abludere.
1276 2425 1394 2456 Poetis
1418 2429 1531 2456 tamen
1552 2425 1619 2456 hoc

917 2488 983 2509 non
1001 2483 1054 2509 est
1068 2477 1231 2508 insolens:
1257 2475 1340 2506 fecit
1358 2479 1449 2514 ante,
1465 2475 1618 2515 quamvis

918 2528 1063 2569 parcium,
1085 2535 1137 2559 xi.
1161 2525 1236 2557 AEn.
1253 2528 1327 2556 135.
1343 2524 1439 2565 Virg.
1459 2525 1541 2555 item
1567 2533 1620 2558 Vl.
1658 2554 1664 2558 .

919 2577 996 2609 AEn.
1021 2575 1138 2608 Effuse
1165 2574 1267 2606 Ovid.
1292 2583 1328 2605 x.
1356 2574 1498 2605 Metam.
1520 2574 1621 2605 Clau-

920 2627 1013 2658 dian.
1028 2636 1071 2659 11.
1087 2625 1128 2656 de
1142 2626 1256 2665 Raptu
1274 2624 1373 2655 Pros.
1391 2623 1617 2655 Callimachus

920 2677 953 2708 in
975 2677 1096 2715 hymno
1126 2673 1273 2705 Cereris.
1310 2673 1442 2703 Seneca
1467 2673 1501 2703 in
1527 2672 1617 2704 Her-

920 2727 996 2757 cule
1012 2726 1135 2757 OEtaeo.
1162 2724 1271 2754 Varro
1287 2723 1322 2753 in
1337 2722 1497 2754 Parmen.
1521 2727 1558 2754 ut
1574 2733 1617 2753 ex

922 2775 1034 2808 Nonio
1071 2771 1339 2805 conferi-nminat
1382 2771 1456 2804 Jos.
1492 2772 1618 2814 scalig.

922 2826 1077 2867 Conject.
1094 2826 1168 2856 119.
