1889 3194
299 345 384 386 514

814 353 1015 386 JOSEPH!
1053 353 1220 383 lscANl

298 450 551 492 Priamiden
574 463 670 491 cum
681 450 772 504 jam
794 449 955 490 celeres
975 447 1225 488 moderatus
1245 447 1442 489 habenas

298 518 467 560 Hector
487 519 628 567 adest,
649 527 931 571 parmamque
947 526 1097 555 comes
1119 513 1378 567 Cythereius
1397 515 1527 555 heros

297 585 478 638 Ohjicit,
500 588 782 638 ereptumque
803 582 920 622 hosti
940 581 1208 634 Trojamque
1230 581 1455 623 reductum

295 652 510 693 Restituit
524 651 742 699 thalamis,
761 657 806 690 et
824 649 953 689 bellis
973 648 1179 689 mollibus
1200 652 1339 701 aptat.

352 719 517 768 Macte,
540 717 686 766 Paris,
709 717 773 758 sic
794 719 915 769 terga
934 715 1102 769 paras?
1125 716 1189 756 sic
1209 715 1365 768 praelia
1385 715 1562 770 linquis,

292 785 445 839 Atque
464 785 626 833 hostes,
645 784 816 836 ignave,
835 783 970 823 tuos?
1002 786 1049 824 at
1066 781 1254 824 Martius
1274 782 1444 825 Hector

293 853 531 894 Fraternas
549 851 687 900 acies,
707 854 752 890 et
773 849 890 890 bella
907 848 1076 890 vicaria
1095 852 1307 898 tractans,

1651 849 1738 891 340

291 920 515 964 Vulnerat,
533 917 752 965 interimit,
771 916 909 969 fugat,
931 915 1240 969 indefessaque
1261 918 1398 957 mutat

290 987 489 1040 Spicula,
509 985 674 1038 ubique
694 986 851 1037 potens
864 985 909 1023 et
924 981 980 1023 ad
1001 994 1150 1022 omnes
1168 982 1332 1034 integer
1352 982 1480 1023 ictus.

289 1053 474 1095 Labitur
493 1051 795 1093 Horcomenes
805 1049 974 1103 jaculo,
998 1048 1109 1090 sude
1129 1049 1356 1099 Schedius,
1376 1061 1482 1090 ense

288 1120 534 1173 Helpenor,
557 1118 718 1159 Dorius
739 1120 885 1167 conto,
906 1116 1163 1169 Polyxenus
1179 1128 1300 1166 arcu,

288 1186 378 1227 His
400 1186 568 1227 addens
588 1197 701 1226 saxo
722 1183 1026 1232 Palamenem,
1049 1182 1340 1236 Opistriphon
1359 1194 1444 1224 axe

1648 1183 1735 1226 345

288 1253 534 1303 Protritum,
550 1255 717 1306 septem
738 1253 903 1292 mortes
924 1262 1079 1290 manus
1099 1250 1296 1303 explicat
1313 1261 1413 1290 una.

347 1319 586 1360 Hausisset
605 1316 873 1359 Phimachus
893 1315 1075 1369 Phegiae
1094 1317 1224 1366 latus,
1247 1319 1293 1358 at
1310 1316 1483 1357 ferienti

288 1387 569 1428 Successisse
590 1386 764 1434 timens,
783 1384 927 1425 victor
947 1383 1025 1424 dat
1046 1387 1195 1436 terga:
1224 1383 1426 1437 fugacem

287 1454 454 1494 AEneas
478 1453 633 1502 oculis,
654 1455 696 1492 et
711 1451 929 1492 arundinis
945 1455 1039 1492 arte
1061 1454 1250 1500 secutus,

286 1520 486 1574 Trajicit,
507 1524 551 1560 et
570 1519 687 1568 fixae,
705 1518 919 1567 Moriere,
940 1518 1238 1559 immurmurat
1257 1518 1367 1558 auri.

1639 1515 1728 1561 350

287 1586 424 1626 Haud
443 1587 583 1627 minus
604 1585 815 1626 AEacides
836 1585 992 1626 dextra
1012 1584 1316 1625 stomachante
1336 1583 1503 1625 Sileum

287 1651 673 1705 Hippolytumque
695 1651 833 1700 metit,
852 1650 954 1691 fatis
976 1651 1184 1691 Eufenius
1204 1649 1360 1690 iisdem

284 1716 573 1771 Asteriusque
593 1721 737 1766 ruunt,
758 1721 904 1770 teque,
925 1729 952 1757 o
974 1716 1255 1770 Xanthippe,
1277 1717 1455 1758 metenti

284 1784 480 1837 Tydides
501 1784 668 1825 socium
689 1783 808 1825 letho
829 1783 963 1833 dedit,
983 1788 1116 1836 atque
1135 1784 1197 1824 ita
1218 1783 1368 1824 caedes

881 1890 1021 1902 oooooo

328 1981 388 2010 345
416 1978 479 2010 His
493 1979 607 2010 addens
618 1977 732 2009 socium
748 1977 815 2009 Ms.

1023 1889 1121 1902 0“M

936 2094 1081 2126 NOTAE

326 2172 387 2201 337
413 2169 567 2200 Restituit
583 2169 739 2208 thalamis,
753 2172 784 2200 ct
800 2168 887 2200 bellis
905 2169 977 2199 mol-

282 2221 360 2251 libus
391 2220 497 2261 aptat]
537 2219 623 2251 Haec
648 2219 818 2250 Homerus
851 2219 978 2249 Veneri

283 2269 451 2309 assignat:
481 2269 643 2308 Propert.
680 2273 688 2285 ‘
703 2268 766 2298 Ille
781 2268 926 2299 Helenae
943 2269 978 2298 in

283 2318 410 2358 gremio
422 2318 565 2349 maxima
576 2318 665 2350 bella
681 2318 780 2358 gerit,
791 2319 880 2349 Dum
896 2328 978 2359 pug-

281 2373 365 2398 nant
394 2368 521 2407 Danai,
553 2367 632 2399 dum
669 2373 778 2399 restat
811 2368 976 2400 barbarus

285 2417 441 2449 Hector.'
464 2418 579 2449 Talem
588 2416 828 2457 φυγοπτόλεμον
837 2419 977 2450 Coimus

283 2467 476 2507 Smyruaeus
492 2467 648 2508 depingit
664 2477 688 2498 1.
704 2478 738 2509 p.
750 2471 824 2499 176.

325 2519 388 2548 338
424 2518 543 2556 Macte,
569 2517 683 2557 Paris]
720 2518 844 2549 Ironia.
887 2517 977 2551 Vide

286 2566 436 2599 Brisson.
452 2567 494 2598 de
510 2567 661 2599 formulis
678 2578 730 2600 ιν.
746 2579 779 2609 p.
794 2571 869 2600 349.

326 2619 388 2648 340
412 2617 503 2648 Bella
517 2618 634 2649 vicaria
644 2619 798 2659 tractans]
819 2619 874 2649 Sic
892 2618 975 2649 Dic-

283 2670 349 2707 tys,
361 2667 370 2683 ‘
388 2666 554 2699 Admetus
570 2668 731 2699 vicariam
741 2672 882 2699 mortem
898 2677 976 2699 con-

278 2715 384 2755 jugis,
399 2714 469 2747 fata
492 2716 629 2757 propria
654 2716 863 2757 pertulerat.’
902 2717 976 2757 Hy-

283 2764 350 2801 gin.
368 2763 434 2795 fab.
448 2768 500 2796 51.
523 2765 531 2782 ‘
550 2765 645 2796 Uxor
661 2775 696 2796 se
712 2765 862 2797 Alcestis
879 2766 976 2796 obtu-

285 2812 335 2849 lit,
347 2818 381 2843 et
399 2823 460 2853 pro
476 2823 516 2844 eo
533 2815 660 2846 vicaria
676 2820 783 2846 morte
800 2815 952 2846 interiit!

327 2865 386 2893 347
422 2863 589 2896 Hausisset
623 2865 814 2897 Phimachus
845 2866 975 2905 Pncgiae

1030 2167 1127 2209 latus]
1158 2175 1166 2188 ¹
1186 2168 1340 2200 Haerenti
1365 2169 1452 2200 latus
1474 2169 1584 2201 hausit
1611 2170 1727 2204 Abas:

1031 2219 1134 2249 Ovid.
1151 2227 1183 2249 v.
1194 2218 1423 2259 Metamorph.
1457 2218 1556 2254 Inde,
1581 2221 1591 2237 ⁴
1605 2229 1665 2260 per
1679 2221 1727 2251 al-

1032 2270 1137 2301 terius
1159 2269 1247 2300 latus
1264 2274 1383 2310 petere
1396 2280 1404 2300 :
1417 2269 1426 2282 '
1448 2271 1457 2287 ‘
1477 2275 1619 2311 tangere
1635 2271 1725 2303 latus

1030 2318 1144 2351 ferro!
1185 2320 1371 2352 Catalecta.
1422 2320 1431 2336 ‘
1448 2320 1552 2351 Latus
1587 2320 1727 2352 fodere'

1030 2370 1156 2401 Plauto
1167 2374 1201 2400 et
1215 2369 1370 2401 Horatio.
1393 2369 1451 2401 Ita
1463 2370 1473 2386 ‘
1484 2374 1601 2409 tegere
1613 2369 1727 2410 latus,'

1030 2419 1149 2460 dequo
1166 2419 1257 2460 Lips.
1273 2419 1442 2451 Saturnal.
1459 2427 1500 2450 ιι.
1517 2421 1571 2450 21.

1075 2472 1138 2500 350
1161 2469 1312 2508 Moriere,
1326 2469 1543 2500 immurmurat
1556 2468 1641 2508 auri]
1665 2468 1723 2500 Ita

1032 2517 1133 2549 Silius
1148 2519 1205 2550 lib.
1226 2528 1259 2549 v.
1275 2519 1284 2535 ‘
1303 2517 1467 2549 admorsae
1488 2518 1723 2549 immurmurat

1032 2566 1163 2598 hastaess

1073 2619 1133 2648 351
1174 2617 1271 2648 Haud
1298 2616 1398 2646 minus
1429 2614 1572 2646 AEacides
1606 2615 1722 2646 dextra

1029 2667 1250 2707 stomachante]
1273 2665 1391 2696 Horat.
1419 2665 1429 2681 ‘
1446 2664 1576 2695 Pelidae
1596 2670 1721 2696 stoma-

1031 2716 1129 2747 chum
1161 2714 1285 2747 cedere
1315 2712 1488 2744 nescium.'
1532 2713 1578 2744 Et
1615 2713 1718 2744 alibi:

1029 2766 1038 2782 ‘
1056 2767 1165 2799 Quem
1195 2766 1223 2796 si
1252 2765 1426 2804 dissolvas,
1456 2763 1564 2805 quivis
1594 2769 1718 2796 stoma-

1028 2817 1147 2848 chetur
1163 2813 1305 2847 eodem.'
