1889 3194
251 349 335 391 446
774 356 975 388 JOSEPffl
1010 355 1176 386 lsCANl

251 451 498 494 Accinctos
519 452 575 493 ad
596 451 716 493 bella
735 451 933 504 Phryges
955 451 1214 502 praevertere
1234 451 1387 490 tentat.

251 519 351 560 Vos
368 523 521 560 contra
537 520 708 561 cunctis
725 519 899 572 potiora
918 519 1070 557 eventa
1081 515 1236 555 suturis

251 586 461 627 Pendite:
490 586 682 628 donatos
703 584 958 638 Tirynthius
978 581 1119 622 induit
1136 582 1260 634 ignes
1281 596 1290 623 :
1602 582 1687 623 145

251 653 458 694 AEacidae
481 666 660 694 senuero
683 652 770 692 duo
790 663 802 690 :
831 649 1029 702 nullique
1051 649 1266 689 timendus

250 719 345 760 Aut
364 732 485 772 puer,
502 723 578 760 aut
592 719 728 772 virgo,
747 729 875 771 quem
894 715 984 757 fata
1005 716 1239 765 minantur,
1254 714 1461 757 Achilles.

251 786 372 838 Ipse,
388 786 484 835 viri,
511 786 602 826 vidi
622 786 720 838 ipse
740 785 859 824 viros
877 788 922 824 et
942 782 1119 832 moenia,
1143 782 1237 823 vidi

252 852 409 900 Urbes,
431 852 507 893 sed
527 853 699 905 gelidos
719 851 781 891 nil
802 850 995 891 excitat:
1026 850 1084 890 ite
1107 852 1320 903 potentes,

250 918 307 959 Et
311 919 494 973 jugulos
514 922 661 971 aptate
682 918 795 967 neci,
813 921 1047 970 spretoque
1063 917 1280 970 triumpho
1602 915 1686 956 150

250 985 441 1026 Reddite
456 985 647 1026 fatidicis
667 985 859 1026 victores
882 984 1063 1025 ensibus
1083 996 1225 1024 enses.

307 1052 396 1093 His
417 1054 558 1093 virtus
581 1065 772 1093 accensa
792 1051 914 1101 viris,
930 1051 1089 1105 procul
1109 1050 1249 1091 omnis
1269 1051 1430 1091 abacta

249 1119 442 1171 Religio,
465 1119 582 1160 cedit
604 1118 822 1168 Helenus,
838 1118 1063 1171 vittasque
1078 1118 1275 1158 minaces

248 1186 432 1240 Abjicit,
455 1190 498 1227 et
517 1186 726 1240 lacrymis
746 1187 923 1227 incusat
939 1186 1030 1226 fata
1052 1186 1232 1227 secutis.

248 1254 354 1295 Dux
376 1253 512 1306 coepti
532 1254 690 1305 legitur
710 1257 865 1306 pastor
886 1252 1026 1302 Paris,
1041 1253 1216 1294 advena
1234 1251 1454 1306 quondam
1598 1251 1682 1291 155

249 1320 405 1373 Regni,
424 1333 540 1360 nunc
563 1319 698 1373 Regis
718 1321 859 1362 haeres
877 1336 887 1360 ε
909 1333 989 1360 nec
1006 1320 1177 1374 proficit
1195 1321 1290 1361 urbi

249 1387 448 1428 Fatalem
464 1386 674 1428 damnare
697 1388 860 1437 facem,
873 1400 970 1428 cum
992 1387 1172 1429 laederet
1190 1387 1346 1428 ardens

247 1454 551 1506 Praegnantem
579 1467 759 1495 somnus
777 1453 1002 1495 Cisseida:
1033 1454 1222 1507 pullulat
1240 1454 1327 1495 alte

248 1520 446 1560 Flamma
466 1524 612 1567 vetus,
632 1521 926 1574 revehuntque
950 1520 1082 1562 fidem
1102 1522 1320 1574 praesagia
1339 1521 1485 1574 plena.

246 1586 292 1627 It
307 1586 383 1627 fati
412 1586 595 1639 imperio
617 1586 823 1627 Danaum
845 1592 1052 1640 rapturus
1075 1588 1296 1628 alumnam
1597 1584 1681 1625 160

248 1652 505 1702 Dardanus,
527 1656 569 1693 et
584 1652 744 1693 blande
765 1653 1067 1695 debellaturus
1089 1652 1286 1695 Achivos

844 1791 1080 1803 eeeeeeeeeeee

288 1879 350 1908 150
374 1877 427 1908 ΑΙ.
447 1877 565 1919 Aptaee
576 1877 668 1918 jugo.

893 2002 1037 2034 NOTAE

287 2083 348 2112 147
372 2081 437 2112 Aut
456 2091 542 2121 puer,
563 2085 617 2113 aut
644 2081 746 2121 virgo,
765 2091 851 2122 quem
861 2082 938 2120 sala
990 2094 1093 2122 νεγκε.
1139 2085 1336 2117 Eustathius
1356 2084 1397 2117 ad
1416 2084 1515 2117 Iliad.
1529 2089 1565 2117 Α.
1585 2083 1681 2125 quasi

242 2130 412 2169 minantur,
422 2131 572 2170 Achilles]
589 2132 704 2172 Virgo¹
718 2133 796 2172 quia
811 2132 845 2163 in
861 2133 938 2163 aula
989 2132 1069 2173 ἄχος
1088 2133 1216 2166 ι’λεοῖσιν
1239 2136 1366 2167 dictum
1383 2136 1466 2175 vult,
1481 2135 1535 2167 vel
1551 2134 1594 2166 ab
1609 2146 1629 2165 α
1644 2139 1681 2165 et

242 2179 442 2220 Lycomedis
459 2180 688 2212 mentiebatur
701 2191 828 2212 sexum.
873 2183 938 2213 Pa·
987 2183 1092 2224 χιλὸς,
1117 2194 1152 2225 p.
1180 2187 1231 2216 11.
1277 2184 1388 2216 Aliter
1412 2184 1615 2225 Agamestor
1644 2183 1678 2214 in

242 2229 529 2268 pimAchilleide.
574 2230 714 2261 Achillis
730 2241 850 2263 nomen
868 2233 936 2263 ἐτυ-
989 2234 1213 2274 Epithalamio
1237 2234 1402 2275 Thetidis,
1432 2234 1476 2265 de
1502 2243 1569 2275 quo
1600 2233 1680 2264 vide

241 2279 375 2316 μολογεῖ
406 2278 632 2310 Tertullianus
668 2281 723 2311 De
762 2281 863 2320 pallio
902 2284 934 2312 4.
988 2284 1146 2316 Bernart.
1163 2285 1204 2316 ad
1219 2284 1439 2317 Achilleidem
1451 2284 1551 2315 Statii
1567 2293 1592 2315 1.
1607 2285 1681 2314 134.

239 2328 249 2344 ‘
264 2328 429 2358 Naturam
443 2329 557 2369 itaque
569 2330 741 2361 concussit
755 2331 934 2362 Larissaeus
989 2335 1072 2366 Cum
1086 2339 1199 2366 autem
1210 2335 1242 2366 in
1255 2335 1457 2376 Lycomedis
1470 2335 1545 2366 aula
1561 2343 1679 2366 sexum

240 2377 350 2417 heros,
365 2378 399 2408 in
417 2378 581 2417 virginem
595 2380 766 2419 mutando,
779 2381 836 2412 ille
848 2380 936 2413 fera·
987 2385 1200 2423 mentiretur,
1228 2385 1358 2426 Pyrrha
1383 2384 1449 2416 fnit
1472 2385 1520 2416 illi
1543 2393 1680 2422 nomen,

241 2436 314 2457 rum
331 2426 486 2458 medullis
503 2428 680 2468 educatum,
703 2429 810 2471 (unde
827 2436 862 2462 et
876 2441 935 2462 no·
987 2438 1025 2465 ut
1040 2434 1174 2476 quidem
1193 2435 1350 2476 Hyginus
1366 2436 1455 2474 vult;
1472 2437 1538 2475 vei,
1555 2439 1593 2466 ut
1607 2434 1678 2471 alii,

240 2477 338 2507 minis
352 2478 818 2520 consilium,qnandoquidem
831 2481 933 2512 labris
988 2483 1073 2519 Issa,
1090 2484 1290 2526 Cen-cosyra,
1306 2484 1394 2526 qnod
1412 2484 1572 2516 Claudius
1588 2483 1677 2524 Imp.

240 2532 401 2557 vacuerat
420 2527 461 2557 ab
484 2527 623 2558 uberum
648 2529 774 2568 gustu,'
787 2529 867 2570 &c.)
890 2531 932 2561 ad
988 2532 1078 2573 apud
1092 2532 1187 2564 Suet.
1203 2534 1389 2574 quaerebat.

240 2585 316 2616 quae
329 2576 448 2608 Junius
464 2577 685 2616 Euphorionis
696 2579 766 2618 illa,
779 2578 829 2610 Εἷς
843 2578 935 2617 Φθίην
1031 2585 1093 2613 156
1115 2582 1208 2614 Nunc
1223 2583 1323 2622 Regis
1341 2582 1452 2623 haeres]
1477 2582 1678 2624 Παῤῥησιάζει

240 2629 343 2665 χιλοῖο
366 2627 474 2664 κατήϊε
494 2627 622 2667 πάμπαν
653 2629 803 2671 ἄπαστος,
826 2632 933 2662 Τοῦνε-
985 2631 1020 2662 ἰι]
1036 2633 1175 2664 caesuris
1192 2634 1328 2669 Noster,
1355 2643 1429 2665 cum
1457 2634 1523 2664 levi
1550 2634 1672 2674 trajec-

241 2689 279 2707 κα
302 2678 486 2716 Μυρμιδόνες
508 2690 561 2717 μιν
580 2680 732 2718 Ἀχιλλέα
752 2681 932 2721 φημίξαντο.
988 2683 1080 2714 tione
1108 2684 1208 2715 aliter
1239 2688 1364 2724 posset.
1429 2684 1604 2715 Manasses
1641 2685 1675 2715 in

241 2726 325 2757 Quae
341 2732 419 2757 sunt
435 2729 523 2766 apud
542 2729 696 2762 Eustath.
711 2731 752 2762 11.
769 2735 806 2762 Α.
831 2742 863 2772 p.
881 2735 932 2764 12.
984 2732 1116 2764 Troicis
1142 2733 1323 2773 regionem,
1349 2732 1405 2763 ubi
1426 2734 1600 2774 expositus
1623 2733 1675 2765 fu-

241 2773 354 2813 Apoll.
372 2785 427 2807 ιιι.
455 2777 505 2807 καὶ
526 2777 681 2817 ὠνόμασεν
706 2780 864 2821 (Chiron)
881 2783 930 2813 Ἀ-
985 2787 1059 2814 erat
1075 2782 1186 2820 Paris,
1201 2782 1336 2814 Parium
1364 2782 1443 2815 inde
1469 2783 1673 2816 nominatam

240 2823 368 2861 χιλλέα.
389 2825 535 2866 πρότερον
549 2827 606 2866 μὲν
619 2828 657 2865 ἣν
672 2829 768 2868 ὄνομα
782 2831 867 2862 αὐτῶ
879 2836 930 2862 Λι-
984 2832 1113 2864 scribit.

239 2872 350 2913 γύρων,
376 2873 422 2905 ὅτι
446 2876 486 2907 τὰ
511 2877 606 2915 χείλη
620 2881 751 2915 μαστοῖς
766 2882 801 2912 οὐ
816 2882 929 2922 προσ-ἧ·
