1889 3194
189 325 273 365 390

706 332 905 364 JOSEPHl
943 332 1104 363 lSCANl

192 427 309 468 Haec
331 428 442 469 iuter
459 428 624 469 medios
646 441 774 469 enses
796 429 930 477 timet,
951 427 1025 467 illa
1047 424 1300 478 Charybdin

192 493 410 534 Incurrit:
443 495 590 547 pietas
605 507 823 548 nunquam
844 506 1002 535 secura
1023 492 1224 546 quiescit.

250 560 383 601 Mens
404 574 431 601 o
451 574 593 614 prona
609 561 766 611 virum,
782 573 868 602 non
887 560 983 600 haec
1002 558 1194 612 suspiria
1212 558 1350 598 virtus

194 628 388 669 Infracta
409 628 611 677 admittit,
631 641 717 668 non
739 628 845 668 dant
866 625 1172 679 complexibus
1193 629 1329 674 artus,

195 694 363 735 Oscula
382 707 467 734 non
488 695 661 743 iterant,
683 707 734 734 ne
752 694 822 735 vel
844 694 908 734 sic
929 692 1050 733 bella
1068 696 1306 733 morentur.

194 760 289 801 Vix
310 773 522 800 memores
545 760 723 808 dixisse,
746 760 841 800 vale
860 773 868 797 ε
900 759 1114 800 mulcetur
1134 760 1338 800 alumnus

196 827 402 867 Fatorum
423 826 617 876 Alcides,
638 831 681 867 et
699 838 778 878 spe
798 825 979 866 meliore
999 826 1203 878 superbis

198 893 381 934 Assidet
401 893 613 946 inceptis3
635 892 808 933 fremitu
827 892 1007 934 navalia
1025 892 1212 942 fervent,

198 961 467 1012 AEgaeosque
489 960 613 1001 sinus
634 964 702 1000 ter
722 960 857 1013 quino
872 959 1035 1012 remige
1055 959 1215 1012 frangit

1554 955 1640 996 3:30

197 1027 340 1067 Lecta
359 1026 529 1076 cohors,
546 1027 817 1080 totidemque
838 1030 987 1068 movet
1004 1039 1080 1080 per
1100 1025 1271 1067 coerula
1287 1025 1417 1079 pinus
1436 1037 1446 1065 :

196 1092 257 1132 At
279 1092 425 1133 Notus
445 1093 695 1134 incumbens
713 1093 920 1143 humeris,
942 1093 1172 1147 puppique
1189 1092 1386 1146 sequaci,

198 1159 335 1200 Ducit
357 1159 402 1199 in
422 1158 631 1200 offensam
653 1160 896 1202 Simountis
917 1161 962 1201 in
983 1160 1101 1201 ostia
1120 1159 1326 1200 classem.

256 1226 492 1279 Puppibus
512 1226 697 1279 emigrat
715 1227 896 1280 primus,
917 1227 1157 1267 Telamone
1179 1225 1394 1275 secundo,

198 1293 389 1333 Larissae
411 1293 621 1346 pollentis
642 1293 796 1342 honos,
817 1294 888 1334 cui
908 1293 1076 1333 coerula
1095 1293 1249 1346 nupsit

200 1359 377 1409 Nereis,
399 1360 628 1413 amplexus
648 1372 735 1400 non
757 1363 995 1413 aspernata
1015 1360 1213 1409 minores,

847 1488 989 1521 NOTAE

201 1592 265 1614 nec
293 1584 380 1614 enim
408 1583 540 1614 venisse
566 1584 653 1615 solet
678 1585 757 1625 jure
790 1585 901 1624 ducis,

203 1633 331 1673 gaudet
352 1642 427 1663 cum
452 1633 532 1663 talia
556 1639 691 1674 spectat
708 1635 899 1674 Nupturam

203 1682 375 1722 pepulisse
404 1682 552 1712 Thetin)
607 1682 708 1714 Ovid.
738 1684 747 1700 ‘
765 1683 900 1714 simulat

204 1733 292 1765 Jove
307 1738 405 1763 natus
421 1732 539 1763 abire!
584 1733 706 1774 Papin.
722 1742 762 1765 11.
784 1735 793 1751 ‘
810 1734 900 1774 ipsa-

205 1793 271 1824 que
301 1783 399 1813 tellus
430 1783 576 1814 Miratur
606 1784 756 1823 patuisse
786 1783 900 1815 retro!

204 1833 330 1864 Tibull.
353 1838 361 1850 ⁴
375 1833 495 1865 Juravi
512 1834 645 1872 quoties
660 1833 845 1864 rediturum
858 1833 900 1864 ad

205 1883 324 1913 limina
346 1882 539 1923 nunquam!
575 1883 698 1915 Catull.
715 1888 722 1900 ‘
739 1884 785 1914 Et
801 1888 902 1922 negat

207 1932 289 1962 mibi
308 1938 420 1963 vestra
446 1932 679 1963 reddituram!
723 1932 903 1972 Virg.AEn.

207 1991 244 2012 xi
252 1991 275 2013 r.
286 1984 294 1998 ‘
303 1982 520 2022 Summasque
528 1981 673 2012 minatur
684 1981 902 2022 Dejecturum

210 2032 302 2062 acies
333 2030 457 2061 Italum
496 2031 696 2072 excidioque
725 2030 904 2062 daturum?

208 2081 306 2113 Idem
324 2090 405 2112 vni.
423 2082 432 2098 ‘
448 2081 524 2112 Hoc
541 2081 672 2121 signum
689 2081 815 2112 cecinit
830 2081 905 2112 mis-

210 2140 320 2162 suram
351 2131 429 2161 diva
468 2131 641 2162 creatrix.'
695 2140 754 2162 111.
786 2132 796 2149 ‘
824 2131 905 2172 Ipse

210 2181 300 2212 diem
338 2186 539 2222 noctemque
571 2186 673 2221 negat
710 2181 906 2212 discernere

211 2229 321 2261 coelo.’
347 2231 443 2261 Suet.
460 2234 468 2247 ‘
481 2239 581 2271 quem
598 2240 639 2261 ex
655 2231 791 2262 Caesare
808 2231 906 2262 Cleo·

210 2284 307 2320 patra
316 2280 514 2320 concepisse
526 2279 734 2319 praedicabat
744 2278 763 2308 :'
778 2280 810 2310 in
822 2278 908 2319 Aug.

211 2330 260 2360 Ut
286 2329 415 2368 Graeci,
437 2328 608 2369 εὐεργετῶν
631 2328 688 2359 τὸν
713 2328 783 2359 θεὸν
807 2327 910 2367 νόμιζε

212 2380 378 2418 μιμεῖσθαι.
424 2379 453 2409 Ε
476 2385 595 2410 contra
616 2388 710 2419 saepe
738 2379 807 2410 tale
830 2378 910 2420 quid

213 2428 376 2459 abundat.
435 2428 572 2459 Terent.
597 2429 606 2445 ‘
623 2429 680 2469 qui
706 2429 841 2469 placere
872 2438 909 2459 se

213 2478 349 2510 studeat
373 2477 468 2508 bonis
484 2487 582 2519 quam
606 2478 779 2519 plurimis!
822 2478 910 2509 Vide

215 2527 331 2559 Gifan.
350 2528 429 2558 inte
445 2532 481 2558 et
496 2537 554 2559 me.

258 2581 320 2608 324
345 2578 416 2608 Νοη
434 2578 498 2608 haec
512 2578 646 2618 suspiria
658 2577 756 2609 virtus
768 2578 911 2616 Insracta

216 2627 371 2666 admittit]
395 2626 583 2658 quractum
599 2627 653 2658 hic
670 2632 722 2658 est
746 2626 910 2667 ἅῤῥηκτον,

217 2680 256 2705 ut
274 2675 422 2705 Pindaro
446 2675 598 2715 ἅῤῥηκτος
612 2675 687 2716 φυὰ,
707 2676 825 2708 Isthm.
844 2677 913 2708 Od.

218 2734 270 2755 vr.
287 2729 324 2754 ut
346 2725 354 2739 ‘
372 2725 560 2765 infragilis,'
580 2727 712 2757 Pedoni
730 2727 912 2758 Albinova-

220 2784 285 2805 no:
311 2776 319 2791 ‘
339 2774 417 2804 Alta
443 2785 553 2816 mane,
569 2786 736 2818 supraque
760 2782 834 2809 tuos
856 2787 911 2808 ex·

221 2832 305 2863 urge
319 2822 467 2853 dolores:
485 2824 748 2866 quragilemque
758 2827 916 2864 animam,

224 2872 311 2914 quod
326 2877 432 2913 potes,
443 2882 548 2913 usque
560 2879 637 2905 tene
652 2874 672 2904 :’
687 2880 723 2906 ut
740 2876 748 2891 ‘
760 2875 915 2915 inclini&

954 1585 1095 1624 ἀκλινὴς,
1114 1584 1254 1615 Valerio
1285 1583 1408 1614 Flacco
1433 1587 1469 1614 et
1494 1582 1647 1614 Manilio.

953 1636 1098 1666 Veteres
1124 1640 1236 1664 tamen
1262 1633 1476 1674 frequentius
1498 1634 1507 1649 ‘
1523 1631 1650 1663 infrac-

954 1684 1043 1716 tum’
1067 1685 1100 1715 in
1124 1683 1326 1714 contrariam
1351 1687 1483 1723 partem
1508 1691 1649 1721 usurpa-

956 1738 1046 1773 runt,
1064 1733 1152 1774 quod
1170 1733 1221 1763 vel
1241 1742 1341 1762 unum
1366 1731 1450 1761 illud
1475 1730 1650 1761 Ciceronis

956 1783 1076 1824 probet
1086 1783 1220 1813 Tuscul.
1242 1782 1251 1798 ‘
1265 1781 1306 1812 In
1323 1789 1422 1822 quem
1437 1779 1538 1811 cadat
1553 1780 1650 1820 aegri-

957 1833 1051 1870 tudo,
1067 1831 1190 1863 cadere
1212 1831 1244 1860 in
1267 1840 1342 1861 eum
1367 1830 1521 1861 timorem
1545 1835 1581 1860 et
1602 1829 1650 1860 in-

956 1880 1157 1912 fractionem
1171 1879 1295 1911 animi!
1332 1880 1458 1909 Verum
1470 1877 1545 1917 ‘iu‚’
1566 1878 1653 1914 ‘ex,’

956 1932 965 1948 ‘
977 1930 1044 1967 del
1061 1935 1096 1962 et
1107 1931 1116 1947 ‘
1130 1939 1167 1960 re
1177 1929 1185 1941 ’
1199 1928 1376 1970 aliquando
1391 1927 1581 1964 intendere,
1594 1928 1651 1959 ali-

958 1981 1094 2021 quando
1113 1980 1278 2018 minuere,
1297 1978 1443 2009 ubertim
1467 1977 1654 2018 probarunt

958 2031 1025 2062 duo
1036 2031 1084 2061 rei
1101 2029 1260 2061 literariae
1276 2028 1397 2068 optimi
1413 2027 1552 2058 maximi
1569 2028 1653 2058 Dic-

959 2084 1102 2117 tatoreS,
1116 2079 1189 2112 Jos,
1205 2078 1372 2117 Scaliger,
1400 2082 1435 2108 et
1461 2077 1572 2108 Isaac.
1588 2078 1653 2109 Ca·

960 2130 1053 2161 saub.
1070 2129 1122 2160 hic
1137 2129 1178 2159 ad
1194 2128 1354 2159 Suet.ille
1367 2127 1410 2158 ad
1422 2127 1653 2168 Propertium.

1002 2181 1064 2209 331
1084 2178 1279 2218 Totidemque
1293 2181 1393 2208 movet
1411 2187 1466 2217 per
1479 2178 1594 2208 coerula
1606 2177 1655 2217 pi-

960 2229 1032 2270 nus]
1058 2228 1216 2269 Apollod.
1234 2225 1284 2259 18.
1299 2232 1466 2259 numerat.
1482 2236 1522 2258 11.
1540 2230 1612 2258 11⁰.

1004 2280 1069 2309 336
1091 2278 1263 2318 Amplexus
1288 2286 1348 2308 non
1371 2280 1538 2317 aspernata
1560 2277 1657 2309 mino-

961 2328 1028 2368 res]
1057 2327 1114 2358 Sic
1140 2326 1240 2358 alibi:
1279 2326 1288 2343 ‘
1314 2327 1442 2367 gaudet
1472 2337 1547 2358 cum
1577 2328 1658 2358 talia

965 2381 1100 2418 spectet
1116 2377 1310 2417 Nupturam
1327 2377 1498 2418 pepulisse
1513 2376 1657 2408 Thetin:

963 2427 1102 2468 Jupiter
1128 2436 1188 2458 cur
1212 2426 1300 2458 illius
1325 2427 1484 2466 amplexu
1506 2425 1574 2457 frui
1598 2435 1659 2456 no-

964 2479 1079 2517 luerit,
1099 2476 1202 2507 habes
1226 2475 1317 2516 apud
1339 2475 1583 2516 Apollodorum
1599 2475 1657 2506 Bi-

962 2527 1082 2559 blioth.
1107 2535 1166 2557 111.
1187 2528 1259 2557 189.
1286 2525 1364 2556 vide
1389 2529 1502 2555 tamen
1526 2524 1659 2555 diversa

963 2578 987 2608 l.
1000 2580 1065 2609 1.9.
1089 2576 1244 2616 Hyginus
1261 2575 1304 2605 de
1320 2574 1439 2605 eadem
1453 2583 1489 2604 re
1507 2574 1577 2614 agit
1586 2573 1656 2605 fab.

964 2630 1018 2658 54.
1062 2626 1158 2657 Idem
1175 2625 1208 2655 in
1224 2623 1473 2662 Astronomico,
1486 2624 1586 2654 titulo
1600 2624 1660 2655 Sa-

967 2677 1068 2717 gitta,
1080 2686 1113 2716 p.
1123 2677 1176 2706 66.
1193 2673 1364 2704 Pindarus
1377 2672 1660 2704 Istbm.0d.vur.

968 2726 1026 2767 qui
1057 2724 1228 2755 oraculum
1256 2731 1321 2753 non
1350 2722 1570 2763 Prometheo,
1598 2723 1659 2753 sed

967 2773 1121 2807 Themidi
1152 2771 1281 2811 tribuit,
1306 2770 1409 2802 Ovid.
1435 2771 1577 2802 Metam.
1606 2780 1660 2802 xr.

968 2825 1036 2856 fab.
1053 2827 1085 2855 7.
1109 2823 1247 2854 Proteo.
1284 2820 1375 2851 Hinc
1389 2820 1512 2860 Papin.
1547 2820 1662 2852 Achil-

969 2876 1033 2905 lem
1068 2873 1076 2889 ‘
1095 2871 1378 2911 formidatamque
1416 2869 1548 2911 parenti
1577 2870 1662 2901 Pro—
