1889 3194
267 318 353 359 542

789 325 991 358 ιΙΟΞΕΡΗΙ
1028 325 1192 356 lSCANI

325 423 507 476 Legerat
527 422 572 462 in
591 421 782 463 tumulos
804 419 1067 461 Nabathaeae
1091 418 1248 459 messis
1265 418 1420 460 odores

269 488 523 530 Ambitiosa
543 501 717 542 parens,
738 491 930 539 natoque
952 498 1162 539 suprema
1181 486 1368 539 parabat

1625 482 1710 525 380

269 556 470 597 Funera:
502 568 607 596 mox
626 554 851 595 volucrum
872 552 1186 593 famulantibus
1208 552 1349 592 astitit
1370 552 1454 593 alis

267 622 497 675 Exequias
516 622 684 662 factura
703 620 917 673 phalanX‚
941 619 1040 659 avis
1059 619 1190 659 unica
1210 619 1419 669 Phoenix,

268 689 328 729 Et
347 688 521 740 Progne
541 700 626 727 non
645 699 733 727 una
750 686 883 735 venit,
906 688 1036 726 cavat
1057 684 1188 726 ardea
1207 691 1352 726 rostro

267 755 561 796 Marmoreum
580 753 755 795 fossore
776 753 936 802 solum,
957 752 1144 794 luscinia
1163 752 1330 806 planat,

916 882 1056 916 NOTAE

267 970 335 1002 Dio
360 969 612 1010 Chrysostomus
634 968 783 999 nominat
806 967 839 999 in
864 968 963 1001 Orat.

266 1021 309 1051 de
323 1019 425 1059 Troja
441 1027 608 1059 nunqnam
626 1028 754 1050 eversa.
791 1018 961 1050 Pindarus

267 1070 345 1101 inde
362 1068 484 1109 ἀνεψιὸς
508 1067 640 1107 ζαμενὴς
661 1066 797 1099 Ἑλένοιο
821 1067 962 1106 Μέμνων.

267 1121 367 1152 Nem.
386 1120 452 1151 Od.
467 1122 497 1151 3.
535 1119 663 1151 Eadem
681 1119 839 1160 Apollod.
854 1129 910 1151 111.
927 1129 961 1160 p.

267 1173 339 1201 181.
363 1170 485 1210 Dictys
502 1178 551 1201 tv.
575 1169 794 1200 Memnonem
811 1179 887 1200 cnm
902 1169 960 1200 In·

266 1220 385 1251 dorum
395 1225 428 1250 et
443 1219 634 1259 AEthiopum
647 1219 754 1259 copiis
767 1219 810 1250 ad
820 1219 960 1260 Trojam

266 1271 397 1302 venisse
408 1271 493 1301 vult.
508 1270 696 1301 Pausanias
705 1270 895 1311 AEthiopem
907 1269 959 1301 fu-

264 1322 329 1352 isse
346 1330 388 1352 ex
405 1320 531 1352 Graeca
556 1320 688 1360 colligit
712 1321 866 1360 pictura:
892 1330 960 1351 non

265 1376 376 1401 tamen
389 1380 430 1401 ex
444 1370 627 1410 AEthiopia,
643 1369 700 1400 sed
711 1370 802 1400 Susis
812 1369 959 1401 Persicis

266 1420 405 1460 Trojam
423 1419 569 1455 venisse,
591 1420 625 1450 in
642 1419 811 1457 Phocicis,
829 1429 862 1459 p.
884 1422 960 1451 348.

265 1469 437 1501 Diodorus
449 1469 552 1500 Sicul.
567 1478 618 1500 lv.
636 1479 669 1509 p.
681 1472 757 1500 276.
779 1469 959 1500 Tithonum

265 1530 369 1560 usqne
407 1519 449 1550 ad
487 1519 688 1559 AEthiopiam
719 1519 874 1550 exercitu
902 1529 959 1550 ve·

264 1570 365 1604 nisse,
394 1569 541 1610 indeque
572 1568 742 1599 cunabula
770 1568 894 1599 fabulae
917 1569 959 1600 de

264 1619 448 1649 Memnone
474 1628 516 1649 ex
546 1617 690 1649 Aurora.
733 1617 959 1648 Philostratus

265 1678 306 1698 ex
324 1669 494 1699 sententia
511 1667 681 1708 Apollonii
702 1667 762 1707 ait,
785 1677 957 1708 nunquam

265 1719 357 1749 illum
374 1719 414 1749 ad
438 1719 576 1758 Trojam
599 1718 745 1759 venisse,
769 1718 803 1748 in
828 1717 957 1748 AEthio-

266 1768 321 1808 pia
337 1777 506 1807 regnasse,
521 1777 572 1799 vr.
586 1767 628 1798 de
643 1772 719 1798 ortu
732 1767 845 1807 Apoll.
859 1770 890 1799 3.
903 1776 958 1798 ea-

265 1815 342 1846 dem
359 1817 391 1846 in
402 1816 559 1846 Heroicis
568 1825 645 1856 cap.
658 1817 710 1847 De
718 1815 912 1855 Antilocho‚
927 1825 960 1856 p.

264 1869 340 1897 672.
358 1865 502 1897 Diodor.
523 1866 590 1897 Sic.
603 1875 643 1897 ιι.
661 1876 694 1906 p.
710 1868 782 1897 109.
800 1875 819 1896 a
832 1866 957 1897 Teuta-

264 1916 458 1956 mo'I'rojam
471 1916 608 1946 missum
622 1916 703 1953 (nisi
713 1925 806 1946 error
814 1916 958 1956 scriptu·

264 1964 341 2006 1·ae,)
357 1964 450 1996 Susis
467 1964 674 2006 profectum:
700 1965 765 1996 hoc
780 1970 816 1996 et
834 1966 957 1996 Pausa·

264 2015 334 2045 nias
354 2014 502 2049 dicebat,
525 2014 757 2045 Thessalorum
778 2023 857 2045 vero
880 2015 957 2046 insi-

264 2064 327 2095 diis
337 2064 557 2096 trucidatum.
569 2064 784 2095 Callistratus
797 2064 829 2094 in
838 2065 959 2096 statuis

263 2114 394 2154 eadem,
408 2124 482 2156 quae
498 2114 738 2145 Philostratus-
783 2114 959 2154 Reliquias

261 2166 351 2196 illius
379 2175 398 2195 a
427 2173 542 2196 sorore
579 2164 722 2195 Himera
748 2164 781 2194 in
814 2165 957 2204 patriam

263 2216 442 2247 translatas
475 2215 546 2246 vult
574 2215 696 2255 Dictys
725 2223 777 2246 vr.
815 2215 958 2246 Ovidius

261 2265 336 2296 illas
351 2265 384 2296 in
401 2264 637 2296 Memnonidas
663 2274 742 2296 aves
763 2274 958 2306 conversas,

263 2324 345 2347 xm.
388 2315 487 2346 Adeo
504 2324 625 2355 nempe
642 2315 675 2345 in
689 2314 836 2355 fingendi
853 2315 958 2346 licen-

264 2366 322 2403 tia,
334 2365 428 2406 cujus
445 2365 592 2405 impetus
607 2365 781 2406 Zephyros
797 2365 956 2405 excessit,

263 2419 299 2445 ut
313 2414 517 2445 Claudianus
527 2414 687 2455 loquitur,
699 2413 822 2445 falsum
836 2424 856 2445 a
868 2415 955 2455 seip-

261 2474 296 2495 so
312 2464 464 2496 dissidet.
509 2465 565 2496 De
577 2469 691 2496 statua
702 2465 891 2496 Memnonis
902 2464 956 2495 cui

260 2512 281 2550 ἡ
293 2513 361 2552 ἠχὼ
377 2512 511 2552 ἀντηχεῖ
524 2514 619 2544 multi
635 2513 813 2554 scripsere.
850 2513 955 2544 Euse-

262 2563 335 2593 bius
351 2564 384 2594 in
402 2563 589 2594 Chronicis.
627 2561 815 2602 Dionysius
828 2561 861 2592 in
872 2573 955 2602 περι-

261 2610 382 2650 ηγήσει.
396 2611 520 2643 Strabo
531 2620 622 2642 xvn.
631 2611 720 2642 Plin.
731 2618 864 2642 xxxvi.
874 2611 954 2642 Phi-

261 2662 423 2692 lostratus
460 2661 494 2692 in
529 2662 600 2693 vita
632 2661 749 2702 Apoll.
778 2670 830 2693 VI.
858 2664 890 2692 3.
918 2662 952 2692 in

261 2709 418 2741 leonibus
435 2721 469 2751 p.
485 2713 560 2742 741.
584 2711 754 2742 Lucianus
774 2711 807 2742 in
820 2711 954 2744 Toxari.

260 2758 339 2789 Juv.
357 2767 418 2790 xv.
440 2760 576 2791 Tacitus
591 2769 632 2791 11.
657 2760 781 2792 Annal.
796 2760 838 2791 ad
855 2772 953 2802 quem

262 2808 338 2838 vide
364 2809 525 2848 Lipsium,
550 2811 617 2850 qui,
643 2811 756 2842 nescio
782 2821 822 2841 an
848 2817 954 2850 recte,

262 2857 468 2890 Philostrato
483 2860 565 2891 illud
581 2860 791 2902 figmentum,
816 2865 850 2893 et
866 2862 953 2893 illius

1015 969 1146 1009 impuro
1183 969 1288 1009 Mago
1320 967 1476 1009 imputat.
1521 967 1707 998 Pausanias

1015 1019 1118 1050 etiam
1139 1020 1172 1049 in
1203 1018 1360 1050 Phocicis
1384 1023 1419 1049 et
1439 1017 1568 1050 Atticis
1595 1017 1708 1048 videa-

1015 1073 1081 1100 tur.

1057 1121 1117 1150 381
1151 1118 1316 1150 Volucrum
1341 1117 1570 1156 famulantibus
1605 1117 1710 1149 astitit

1012 1170 1072 1201 alis
1086 1170 1244 1209 Exequias
1250 1168 1381 1207 factura
1391 1168 1546 1209 phalanx]
1562 1167 1708 1198 Plinium

1013 1219 1090 1250 vide
1105 1227 1142 1250 x.
1156 1222 1209 1250 25.
1242 1218 1404 1250 Ovidium
1418 1226 1503 1248 xm.
1541 1216 1709 1248 AElianum

1014 1278 1048 1300 v.
1065 1272 1094 1300 l.
1119 1269 1162 1300 (le
1184 1268 1396 1307 animalibus,
1417 1268 1574 1299 Cointum
1591 1266 1651 1298 lib.
1667 1276 1710 1298 11.

1013 1321 1088 1350 225.

1055 1370 1119 1400 382
1140 1368 1222 1400 Avis
1248 1368 1340 1399 unica
1368 1367 1519 1408 Phoenix]
1563 1366 1708 1399 Ovidius

1014 1417 1176 1449 Amorum
1194 1426 1233 1449 11.
1244 1418 1340 1457 Eleg.
1352 1426 1403 1448 vr.
1416 1421 1424 1434 ¹
1439 1417 1484 1447 Et
1497 1417 1596 1447 vivax
1608 1416 1709 1447 Phoe-

1013 1469 1072 1498 nix
1102 1468 1200 1498 unica
1226 1476 1361 1507 semper
1385 1465 1479 1497 avis!
1525 1465 1641 1497 Claud.
1668 1474 1710 1497 11.

1013 1517 1056 1547 de
1082 1515 1237 1547 laudibus
1263 1515 1455 1546 Stiliconis:
1479 1514 1627 1545 ‘Unicus
1651 1523 1708 1544 ex·

1013 1571 1123 1597 tremo
1153 1565 1298 1596 Phoenix
1336 1564 1489 1604 procedit
1520 1564 1562 1594 ab
1593 1563 1711 1595 Euro!

1013 1615 1100 1646 Vide
1116 1614 1245 1654 insigne
1266 1613 1362 1654 hujus
1387 1613 1533 1653 poeinat.
1548 1612 1590 1644 de
1607 1613 1707 1644 1211oe-

1011 1665 1100 1696 nice.
1143 1663 1359 1695 Lactantium
1383 1663 1425 1694 de
1444 1663 1563 1694 eodem
1579 1663 1612 1694 in
1630 1663 1707 1694 Ele-

1011 1714 1079 1754 gia.
1093 1714 1103 1731 ‘
1118 1713 1195 1745 Hoc
1210 1723 1339 1752 nemus,
1354 1714 1414 1744 hos
1427 1714 1519 1744 lucos
1531 1714 1602 1745 avis
1615 1714 1708 1745 inco-

1012 1765 1052 1795 lit
1083 1763 1182 1795 unica
1212 1764 1369 1803 Phoenix,
1398 1763 1508 1795 Unica
1534 1763 1593 1794 sed
1623 1763 1708 1795 vivit

1013 1817 1121 1844 morte
1151 1812 1281 1844 refecta
1310 1812 1392 1844 sua.'
1441 1812 1530 1843 Vide
1558 1822 1633 1854 quae
1662 1812 1706 1844 de

1011 1863 1175 1894 Phoenice
1201 1863 1385 1894 Marcellus
1408 1863 1563 1893 Donatus
1587 1862 1622 1893 in
1641 1863 1707 1894 Ta-

1012 1915 1070 1946 citi
1086 1914 1144 1946 lib.
1161 1924 1194 1946 v.
1212 1925 1245 1955 p.
1262 1917 1333 1946 164.
1351 1920 1385 1946 et
1402 1914 1508 1945 Pierii
1525 1914 1708 1954 Hierogly·

1013 1964 1112 2005 phica
1126 1973 1189 1996 xx.
1221 1965 1390 2005 Symposii
1409 1965 1553 2004 aenigma
1569 1964 1705 2004 elegans

1013 2019 1089 2046 est:
1106 2015 1116 2032 ‘
1130 2015 1211 2045 Vita
1236 2015 1314 2045 mihi
1340 2024 1428 2045 mors
1444 2019 1508 2053 est,
1528 2014 1663 2050 morior,
1679 2014 1707 2044 si

1013 2073 1151 2104 coepero
1167 2064 1281 2095 nasci:
1309 2064 1363 2095 Sic
1383 2063 1471 2094 solus
1486 2071 1600 2094 manes
1615 2063 1705 2104 ipsos

1012 2114 1092 2145 mihi
1109 2114 1187 2144 dico
1204 2113 1423 2153 sepulcrum)

1054 2166 1116 2195 384
1148 2163 1299 2195 Luscinia
1324 2163 1448 2204 planat]
1479 2163 1626 2202 Tempus
1656 2171 1707 2193 se-

1012 2213 1133 2244 cundae
1149 2213 1287 2253 syllabae
1312 2213 1395 2244 vitio
1417 2212 1620 2253 productum
1639 2211 1707 2243 cla-

1011 2261 1164 2302 mabunt,
1179 2262 1236 2303 qui
1254 2262 1426 2293 lusciniam
1444 2262 1568 2293 dictam
1585 2265 1707 2302 putant

1011 2322 1087 2343 cum
1114 2312 1269 2343 Varrone
1297 2311 1372 2353 (alii
1402 2317 1516 2343 tamen
1549 2312 1707 2342 lusciolam

1010 2362 1091 2394 inibi
1119 2362 1255 2403 legunt)
1284 2362 1371 2403 quod
1401 2363 1554 2393 luctuose
1583 2370 1706 2392 cancre

1010 2412 1235 2452 existimetur,
1246 2413 1299 2443 vel
1312 2412 1445 2444 Horatii
1455 2412 1537 2443 illud
1549 2421 1588 2443 11.
1599 2412 1706 2443 serm.

1010 2465 1040 2494 3.
1055 2463 1201 2503 legerint
1216 2473 1225 2501 ;
1251 2465 1260 2481 ‘
1274 2462 1449 2494 Luscinias
1467 2462 1558 2493 soliti
1574 2462 1705 2502 impen-

1010 2522 1046 2543 so
1074 2513 1242 2553 prandere
1272 2511 1445 2550 coemtas,'
1471 2517 1505 2543 et
1534 2511 1702 2542 Martialis

1007 2563 1112 2594 illud:
1137 2565 1146 2580 ‘
1162 2562 1326 2594 Lusciniae
1352 2561 1515 2593 tumulum
1538 2559 1565 2591 si
1581 2560 1705 2590 Thele-

1008 2615 1083 2644 sina
1107 2613 1226 2645 dedit:
1269 2612 1336 2643 Sed
1363 2610 1523 2642 errabunt
1546 2609 1607 2649 illi,
1623 2609 1702 2640 dnm

1006 2663 1222 2694 clamabunt:
1248 2661 1417 2693 doctiores
1443 2664 1630 2700 agnoscant
1657 2659 1701 2690 ihi

1008 2711 1166 2751 συνίζησιν
1190 2713 1242 2743 vel
1267 2711 1450 2751 σνναίρεσιν,
1477 2708 1634 2740 Gifanius
1657 2711 1699 2741 ad

1009 2764 1145 2794 Lucret.
1160 2772 1193 2803 p.
1210 2764 1285 2793 340.
1323 2760 1502 2791 Lambinus
1521 2759 1562 2790 ad
1578 2759 1702 2792 Horat.

1007 2813 1078 2844 Sat.
1113 2822 1136 2843 1.
1164 2816 1196 2844 7.
1234 2811 1406 2850 Heinsius,
1436 2811 1444 2827 ‘
1463 2808 1700 2851 Lusciuiaeque

1008 2861 1146 2902 guttax’
1181 2861 1215 2892 in
1245 2859 1507 2891 Anacreontico.
1545 2857 1700 2891 Andreas
