1889 3194
240 342 323 383 442
757 355 957 386 Josnpm
992 355 1155 386 iscANt

240 445 384 488 Orsus
404 449 478 489 ita.
538 449 643 489 Heu
667 448 862 504 Phrygii,
883 463 991 502 gens
1011 463 1098 491 non
1118 463 1359 504 praemcnsa
1379 453 1537 496 futuri!

240 513 344 564 Quo
364 521 518 558 noster
538 516 754 570 spoliator
775 517 902 557 abit?
934 529 1135 570 quaenam
1156 518 1231 559 illa
1246 521 1411 570 carina,

241 581 354 631 Quae
375 581 550 636 Trojam
571 595 773 623 mensura
792 583 943 623 venit?
969 583 1066 636 jam
1086 584 1233 625 littora
1250 588 1412 640 tangit:

239 648 324 698 Ite,
348 648 498 699 duces,
520 653 696 690 contra:
720 650 785 690 sic
807 650 1046 703 interrupta
1064 650 1281 703 profatus,

240 715 351 755 Plus
372 715 531 756 dubios
552 716 652 766 urit,
674 717 803 769 pleno
823 721 969 757 tamen
990 718 1131 768 arguit
1151 730 1226 758 ore

240 781 537 835 Deiphobum,
554 784 627 824 cui
646 796 817 824 summa
835 783 960 834 fides,
981 787 1027 825 et
1046 784 1142 825 sola
1161 783 1363 826 medendi

239 847 398 901 Copia,
413 849 543 902 jussa
558 850 683 903 sequi
704 849 909 900 Veneris,
930 855 1105 904 raptum
1123 851 1185 891 ire
1208 850 1437 902 Lacaenas,

239 913 462 956 Auctores
478 929 652 969 sperare
675 916 813 957 Deos.
872 916 1091 967 Quaenam
1112 917 1200 958 ista
1218 919 1408 960 nefanda

241 981 386 1034 Spes?
418 983 574 1035 inquit.
635 982 910 1036 Superumne
929 982 1056 1034 fides,
1077 983 1266 1037 coelique
1281 988 1479 1037 potestas

239 1048 458 1090 Incestum
480 1049 709 1103 dispensat
731 1050 844 1090 iter?
876 1050 1178 1103 praedantibus
1200 1050 1349 1092 adsit?

240 1115 405 1165 Macte,
426 1115 572 1165 Paris,
593 1116 794 1167 sceleris,
807 1116 919 1158 alios
933 1117 1083 1158 molite
1104 1117 1342 1168 ministros,

240 1182 296 1223 Et
316 1195 515 1223 somnum
539 1183 620 1223 tibi
640 1182 755 1236 finge
772 1196 966 1224 novum:
996 1195 1082 1224 non
1102 1183 1253 1223 fallere
1273 1188 1437 1224 norunt

240 1249 331 1299 Qui
351 1249 446 1290 salli
465 1253 699 1303 nequeunt.
751 1249 961 1291 Orantem
982 1249 1100 1291 haud
1122 1250 1306 1291 sustinet
1325 1250 1438 1291 ultra

237 1317 430 1366 Troilus,
449 1321 582 1369 utque
603 1317 751 1358 animo
772 1329 989 1371 praeceps,
1011 1317 1200 1370 bellique
1223 1316 1368 1358 sititor

239 1384 299 1424 Et
317 1384 463 1436 gladio
481 1383 714 1424 consultor
734 1388 852 1425 erat:
882 1384 1184 1425 Timidissime
1203 1383 1399 1432 fratrum,

240 1450 385 1500 Vade,
405 1449 525 1504 (ait,)
546 1463 573 1490 o
595 1450 789 1491 tenebris
810 1451 922 1491 antri
938 1451 1145 1491 damnate
1165 1450 1388 1504 loquaciS,

238 1517 382 1566 Vade,
398 1518 596 1571 inquam,
618 1521 663 1558 et
683 1517 860 1570 quoties
881 1518 1025 1559 visum
1041 1517 1125 1558 tibi
1144 1517 1297 1557 fallere
1317 1516 1511 1570 plebem,

244 1584 381 1636 Finge
405 1584 546 1626 Deum
565 1595 575 1623 :
603 1583 734 1624 nobis
751 1584 867 1624 alius
878 1583 973 1637 jam
996 1588 1172 1625 constat
1186 1583 1373 1636 Apollo.

241 1651 331 1692 Ibit
350 1649 623 1691 Alexander:
654 1663 741 1690 non
761 1651 801 1690 si
822 1650 1020 1691 Cumana
1041 1655 1263 1698 senectus,

238 1717 330 1758 Aut
351 1717 466 1758 aries
485 1716 696 1770 Libycus,
713 1720 789 1757 aut
811 1716 1005 1757 Chaonis
1026 1716 1257 1769 obstrepat
1272 1715 1382 1765 ales,

241 1784 271 1825 J
276 1797 429 1825 ussum
449 1783 597 1824 flectet
616 1783 723 1823 iter:
745 1782 841 1832 ibit,
857 1782 1147 1835 miseramque
1168 1782 1361 1830 reducet,

239 1849 373 1900 Quod
393 1850 533 1890 nolles
554 1853 713 1898 tamen,
737 1849 980 1889 Hesionen.
1040 1848 1301 1889 Conclamat
1315 1847 1494 1889 herilem

239 1917 454 1970 Praeceps
476 1916 532 1957 ad
553 1924 708 1956 nutum
729 1914 900 1969 plebeS‚
923 1915 1075 1956 excire
1098 1915 1330 1963 tumultus,

240 1982 364 2033 Quos
379 1988 571 2037 nequeat
589 1983 750 2036 sopire,
772 1985 928 2036 potens
946 1995 956 2021 ε
985 1995 1068 2022 nec
1081 1994 1232 2022 mensa
1251 1981 1457 2029 futurum,

238 2049 401 2101 Audet,
420 2063 521 2091 cum
539 2062 739 2103 praesens
761 2052 927 2089 metuat
941 2048 1077 2089 nihil:
1100 2047 1304 2088 omnibus
1322 2058 1455 2096 arma,

887 2199 1028 2234 NOTAE

239 2283 296 2317 ait,
311 2290 361 2312 ιν.
374 2283 450 2312 273.
473 2282 482 2298 ‘
494 2280 543 2311 Ut
554 2278 726 2319 tripodum
740 2278 880 2318 vulgata
893 2276 932 2307 fi·
986 2274 1104 2306 fallere
1118 2273 1291 2314 prudens.’

1622 655 1679 695 55

1625 985 1681 1026 60

1623 1316 1683 1357 65

242 2332 302 2362 des
316 2331 337 2362 :’
352 2331 462 2361 Statio
479 2329 512 2361 id
529 2334 594 2368 est,
611 2330 619 2346 ⁸
630 2330 720 2360 Deos
738 2326 910 2368 pandere!
1028 2327 1070 2356 64
1096 2325 1246 2354 Orantem
1261 2323 1342 2353 haud
1356 2320 1491 2352 sustinet
1505 2320 1589 2351 ultra
1601 2319 1686 2351 Troi-

279 2384 320 2412 54
340 2381 418 2416 Quae
434 2379 557 2418 Trojam
571 2387 714 2409 mensura
725 2377 825 2417 venit]
839 2376 933 2416 Lego
987 2374 1050 2414 lus]
1074 2373 1168 2404 Talis
1183 2372 1273 2412 apud
1290 2370 1486 2411 Papinum,
1509 2379 1608 2411 quem
1633 2378 1686 2400 se-

237 2440 384 2463 mersura.
433 2429 570 2461 Horatii
586 2427 654 2458 Od.
671 2436 696 2458 1.
715 2426 843 2458 15.nisi
862 2425 933 2466 quis
988 2423 1114 2463 quitur,
1140 2421 1319 2460 Capaneus
1346 2419 1548 2460 Amphiarao
1581 2418 1687 2449 insul·

239 2481 364 2512 referat
380 2480 422 2512 ad
438 2481 495 2511 illa
511 2488 558 2511 νι.
573 2481 648 2510 864.
670 2478 679 2495 ‘
692 2477 871 2519 'l'rojaeque
879 2477 934 2517 ja·
988 2477 1079 2507 tans,
1096 2480 1154 2502 ιιι.
1170 2473 1243 2502 600.
1255 2472 1320 2500 &c.

238 2532 349 2562 centis
364 2530 482 2562 Metiri
492 2530 563 2570 jam
579 2527 652 2559 fata
666 2526 774 2558 lieet.'
1030 2524 1072 2551 70
1095 2519 1161 2550 Ibit
1185 2517 1382 2557 Alexander]
1421 2514 1511 2546 Illud
1543 2514 1684 2545 nominis

279 2583 319 2611 63
346 2581 419 2611 Non
440 2579 555 2618 saliere
577 2581 690 2609 norunt
706 2576 769 2612 Qui
778 2575 859 2614 salli
883 2584 937 2606 ne·
988 2570 1161 2602 consilium
1179 2567 1279 2599 Paris
1301 2564 1448 2597 obtinuit
1470 2562 1593 2604 λῃστὰς
1610 2563 1685 2594 ἆλε-

236 2630 462 2669 queuntWere
472 2633 507 2659 et
516 2629 601 2659 scite
611 2627 753 2658 dictum.
770 2624 937 2656 Pindarus
987 2619 1093 2660 ξήσας,
1109 2623 1145 2650 ut
1161 2618 1208 2649 ait
1225 2615 1382 2657 Apollod.
1399 2623 1455 2646 ιιι.
1473 2616 1544 2644 182.
1580 2612 1684 2645 Ovid.

240 2679 282 2708 de
292 2678 450 2717 Apolline
465 2677 567 2718 Pyth.
585 2676 652 2708 Od.
663 2678 695 2708 3.
716 2673 855 2706 Ψευδέων
866 2673 935 2713 οὐχ’
990 2671 1101 2712 Epist.
1117 2667 1264 2699 Paridis.

240 2728 382 2766 ἅπτεται,
398 2726 526 2758 κλέπτει
542 2726 580 2757 τέ
592 2737 646 2765 μιν
663 2726 708 2756 Οὒ
719 2724 799 2764 θεὸς,
812 2724 847 2755 οὗ
862 2726 935 2764 βρο·
1034 2722 1173 2751 Cumana
1201 2718 1351 2754 senectus,
1372 2712 1443 2753 ξω]
1475 2711 1685 2753 Sibyllinum,

239 2777 306 2814 τὸς,
331 2775 429 2814 ἔργοις
445 2777 514 2807 οὔτε
528 2777 668 2812 βουλαῖς.
711 2775 837 2815 Scalig.
855 2774 935 2814 Epi·
991 2770 1164 2803 Ammonis
1184 2766 1291 2806 Jovis‚
1312 2769 1348 2796 et
1373 2763 1597 2803 Dodouaeum,
1611 2772 1684 2794 ora-

240 2827 337 2865 dorp.
354 2835 379 2856 1.
403 2831 413 2844 ‘
429 2826 508 2866 quid
525 2826 653 2866 turpius
670 2831 733 2865 est,
756 2824 880 2861 fallier,
894 2832 936 2853 an
990 2821 1066 2853 cula
1077 2814 1260 2860 περιφράζει.

242 2875 372 2913 fauere,
385 2874 499 2914 justo?
515 2874 585 2906 falli
597 2874 728 2916 nequit,
741 2878 774 2905 at
791 2873 935 2904 noluerit
