1889 3194
265 344 351 387 584

266 448 351 486 Con,
373 451 409 479 et
432 447 622 489 Calydnas;
646 457 729 489 quas
753 446 882 479 frustra
906 445 960 477 bic

264 497 471 529 intruserant
483 500 708 528 correctores.

310 546 522 578 Thessandrus
539 546 714 586 Polynicis]
739 545 805 577 Hic
819 545 916 577 deest
927 545 961 576 in

267 595 433 636 catalogo
451 595 600 626 Homeri.
633 595 772 633 Noster,
788 594 867 635 quia
884 603 962 625 auc-

265 649 340 677 tore
355 654 416 676 sno
432 644 601 681 deficitur,
624 654 690 676 non
715 644 776 675 sibi
805 648 961 676 constat:

265 704 341 727 nam
354 694 409 726 hic
423 695 471 726 ait
485 694 607 725 Thebis
619 694 750 724 venisse
765 703 841 724 cum
858 703 962 734 supra

263 744 472 783 memoratis,
487 744 549 775 hoc
564 748 613 775 est
627 743 757 775 Boeotis
775 742 962 780 Arcesilan,

263 794 489 830 Prothenore‚
505 793 670 832 Peneleo,
696 793 807 828 Leite‚
831 793 961 824 Clonio.

263 843 313 875 At
330 844 442 884 paullo
456 847 534 874 ante
550 842 641 874 dixit
655 842 788 873 venisse
807 852 850 873 ex
867 841 961 874 AEto-

262 893 328 932 lia3
351 892 439 933 quod
456 893 547 924 nulla
562 893 694 924 ratione
705 892 816 924 fulciri
833 897 962 933 potest,

264 951 341 974 cum
354 942 571 973 Thersander
595 952 658 983 per
673 942 846 983 Epigonos
862 943 961 973 resti-

262 996 357 1024 tutus
373 992 417 1024 sit
440 992 475 1023 in
500 992 690 1023 Thebarum
716 1002 857 1033 regnum
881 997 961 1025 ante

262 1042 516 1083 expeditionem
532 1042 729 1083 Trojanam.
766 1042 815 1074 At
839 1043 874 1073 in
890 1042 962 1074 Ho-

261 1101 356 1123 mero
379 1092 472 1122 nulla
493 1092 565 1132 ejus
581 1091 720 1131 mentio,
736 1092 813 1132 quia
830 1091 962 1123 occisus

262 1147 342 1173 ante
355 1141 415 1178 τὴν
428 1140 601 1180 Ἀχιλλέως
609 1142 711 1179 μῆνιν.
736 1140 844 1172 Addit
858 1141 962 1172 etiam

260 1196 379 1223 noster
388 1191 621 1230 Calchantem,
635 1191 806 1230 Mopsum,
816 1191 962 1231 Epeum,

261 1250 404 1281 quorum
426 1240 520 1271 nulla
541 1239 670 1270 mentio
686 1240 721 1270 in
738 1239 881 1270 Homeri
897 1240 961 1270 Ca-

261 1291 395 1331 talog03
409 1299 474 1321 nec
490 1289 673 1321 verisimile
690 1288 910 1320 Calchantem
925 1293 962 1320 et

260 1341 394 1382 Epeum
412 1344 464 1371 tot
478 1349 581 1371 naves
595 1339 811 1371 instruxisse.
847 1339 961 1379 Mopsi

260 1390 295 1421 in
319 1390 464 1430 Trojana
491 1388 712 1430 expeditione
735 1397 803 1420 non
824 1388 960 1419 memini

260 1439 334 1470 fieri
352 1439 430 1470 alibi
447 1439 674 1470 mentionem:
698 1443 831 1477 contra,
854 1438 961 1469 omnis

260 1488 450 1530 antiquitas
474 1487 647 1519 consentit
672 1487 706 1518 in
736 1486 849 1518 reditu
883 1487 960 1518 Cal-

261 1538 430 1575 chantem,
443 1546 521 1569 curn
547 1537 622 1567 aliis
646 1536 826 1567 comitatus
853 1545 961 1576 appu-

259 1588 357 1619 lisset
375 1587 586 1627 Colophona,
600 1585 658 1617 ubi
675 1586 843 1625 regnabat
860 1587 960 1627 Mop-

261 1647 318 1669 sus
333 1637 473 1668 Mantus
486 1635 740 1675 filius,insignis
753 1635 960 1667 vaticinandi

260 1687 412 1726 solertia,
438 1686 563 1717 victum
592 1696 612 1716 a
641 1686 765 1725 Mopso
795 1692 960 1726 arguente

262 1736 336 1776 ejus
348 1735 531 1774 inscitiam,
543 1735 672 1775 pudore
689 1744 730 1765 an
746 1733 861 1765 dolore
878 1744 959 1766 con-

262 1784 375 1817 susum
402 1785 585 1816 interiisse.
621 1785 631 1802 ‘
650 1783 864 1825 Acarnania,’
892 1794 959 1815 non

264 1841 273 1855 ⁸
290 1834 463 1872 Arcadia:
479 1839 622 1875 uterque
637 1834 705 1865 Ms.

307 1884 562 1918 Necessariorum
585 1884 663 1924 cibi]
689 1884 745 1915 Ita
761 1884 847 1914 liber
867 1887 960 1914 uter-

263 1944 342 1977 que,
359 1936 369 1952 ‘
381 1934 471 1973 cibi‚'
484 1934 542 1965 τοῦ
555 1933 654 1965 σίτου.
689 1933 872 1965 Necessaria
887 1933 961 1973 cibi,

263 1988 302 2016 ut
317 1984 351 2015 in
363 1983 430 2015 fine
446 1984 543 2024 hujus
559 1983 657 2014 libri:
682 1982 692 1999 ‘
704 1983 900 2020 Frumenta,
911 1982 960 2013 vi-

263 2042 358 2074 num,
381 2033 514 2074 aliaque
537 2032 603 2064 cibi
628 2032 821 2063 necessaria
850 2031 958 2062 Anius

263 2084 404 2125 eJusque
419 2082 498 2114 filiae
516 2081 758 2123 praebuerunt!
779 2087 789 2101 ⁸
800 2081 885 2113 Aliis
900 2091 959 2112 ne·

264 2131 512 2172 cessariorum,'
528 2133 595 2164 τοῖς
609 2131 719 2163 ἄλλοις
731 2133 796 2162 τῶν
809 2130 958 2168 ἐπιτηδεί-

265 2193 318 2213 ων.
343 2182 392 2213 Ut
402 2191 501 2222 supra
511 2191 521 2220 ;
533 2182 543 2199 ‘
556 2181 688 2212 interea
700 2182 884 2221 legatorum
898 2181 960 2212 Pa-

264 2230 436 2263 lamedes?
478 2232 545 2263 Τῶν
561 2230 595 2262 δὲ
612 2229 772 2272 πρέσβεων
783 2231 799 2261 ὁ
809 2230 961 2269 Παλαμή·

264 2282 329 2318 δης.
359 2282 416 2312 Sic
429 2280 579 2322 ‘reliqua
596 2281 744 2322 praedae,’
755 2290 806 2312 ιν.
821 2282 832 2298 ‘
843 2290 961 2312 aurum

265 2336 370 2371 atque
387 2331 519 2369 reliqua
534 2330 661 2372 praedae
677 2330 767 2362 inter
782 2340 818 2362 se
831 2330 961 2372 dispar-

265 2380 380 2412 tinnt.'

322 2432 341 2471 ς
371 2432 411 2462 18
449 2429 593 2461 Phalidis
632 2429 833 2460 Sidoniorum
859 2428 961 2469 regis]

266 2482 386 2514 Lectio
408 2481 482 2512 baec
502 2490 522 2511 a
541 2479 793 2512 correctoribus
820 2483 883 2518 est,
905 2479 962 2518 qui

265 2533 421 2572 legerant
436 2529 525 2561 infra
535 2529 595 2560 lib.
606 2537 656 2560 ιν.
678 2528 819 2559 Plialam
830 2527 961 2559 Sidoni·

266 2593 343 2613 um:
367 2581 426 2612 sed
443 2582 469 2612 is
489 2579 647 2611 Sidonius
667 2577 817 2619 quidem,
839 2584 874 2608 at
895 2586 962 2608 non

267 2632 342 2663 Rex
354 2631 502 2669 Sidonis,
514 2628 574 2660 sed
585 2627 704 2660 classis
716 2631 843 2666 rector,
854 2627 962 2657 Mem·

266 2682 374 2720 nonis,
395 2685 433 2710 ut
455 2679 603 2717 videtur,
633 2676 872 2708 mercenarius.
917 2677 964 2707 Et

270 2731 394 2772 alioqui
409 2740 429 2760 a
446 2729 555 2761 Phala
570 2737 636 2759 non
652 2726 691 2758 fit
707 2726 871 2758 Phalidis.
906 2726 962 2757 Li-

268 2781 405 2813 brorum
419 2789 517 2819 unus,
531 2783 541 2798 ⁴
554 2777 680 2818 frigio‚’
694 2778 795 2817 alter,
811 2781 821 2795 ‘
833 2775 964 2818 frigie3'

268 2833 307 2861 ut
322 2829 489 2869 videatur,
505 2829 515 2847 ‘
524 2826 697 2868 Phrygis.'

313 2878 397 2910 miei
412 2877 511 2918 quivit
528 2876 591 2917 uti]
606 2876 662 2908 Ita
676 2874 807 2917 scripsi,
824 2884 899 2906 cum
913 2875 962 2907 in·

436 354 579 386 NOTAE
612 353 878 385 VARIORUM
912 353 963 384 IN

998 352 1189 385 DICTYM
1221 352 1534 385 cRE'rENSEM.

1010 444 1180 477 venissem
1192 445 1227 477 in
1237 449 1381 487 utroque
1393 446 1460 478 Ms.
1469 445 1639 478 ‘inlectus
1648 446 1706 488 qui

1015 495 1148 527 virtutis
1161 495 1382 527 societatem-³

1070 546 1088 586 ξ
1118 548 1159 576 19
1188 545 1282 576 Irane
1301 545 1430 585 alesti,
1450 555 1492 577 an
1514 545 1553 576 ob
1577 545 1706 578 mutati-

1012 605 1099 627 onem
1114 595 1214 635 ae'ris]
1244 595 1391 636 Egregie
1415 604 1459 627 ex
1484 600 1629 637 utroque
1650 604 1705 627 co-

1012 646 1088 677 dice
1111 645 1322 677 restituimus
1336 645 1479 686 priscam
1501 645 1703 685 lectionem;

1011 705 1111 736 quam
1135 695 1222 726 male
1243 699 1470 735 corruperant
1491 694 1606 735 vulgo,
1633 698 1644 713 ’
1656 694 1706 726 ita

1012 744 1130 776 Dianae
1146 744 1190 775 ob
1205 744 1426 776 mutationem
1443 743 1555 776 ae'ris.²
1588 743 1706 776 Innuit

1011 803 1126 839 veram
1140 803 1275 825 causam
1291 792 1394 825 fuisse
1417 794 1636 826 mutationem
1650 793 1706 825 ae-

1012 843 1070 880 ris,
1094 843 1258 875 creditam
1282 844 1382 883 vulgo
1403 843 1486 874 iram
1515 842 1704 875 coelestem.

1013 892 1143 924 Eadem
1179 892 1358 923 locutionis
1390 892 1561 932 elegantia
1590 892 1705 932 paullo

1013 947 1109 983 post:
1134 941 1386 982 ‘Agamemnon
1397 940 1577 973 affectione
1593 946 1707 982 pater-

1013 1001 1064 1023 nae
1081 991 1221 1032 pietatis
1237 995 1360 1028 motus,
1380 1001 1424 1022 an
1439 1000 1483 1023 ne
1499 996 1566 1023 tam
1582 991 1705 1024 illicito

1012 1041 1248 1072 immolationis
1256 1041 1376 1072 sceleri
1387 1040 1590 1074 interesset?
1622 1042 1667 1072 Et
1683 1041 1707 1073 l.

1011 1099 1052 1121 ιι.
1076 1091 1085 1107 ⁶
1097 1090 1298 1121 Pertinacia
1309 1090 1422 1125 animi,
1438 1099 1480 1121 an
1496 1089 1540 1121 ob
1559 1099 1706 1122 amorem

1013 1139 1182 1179 captivae.’
1224 1139 1326 1179 Item,
1341 1140 1351 1156 ‘
1365 1138 1510 1170 taedione
1535 1149 1578 1170 an
1593 1149 1707 1172 recor-

1011 1188 1148 1219 datione
1171 1197 1305 1219 suorum
1327 1188 1570 1221 domuitionem
1592 1189 1708 1230 cupie-

1011 1237 1121 1269 bant.’
1155 1238 1264 1270 Quam
1281 1242 1318 1269 et
1332 1238 1455 1280 ubique
1470 1243 1705 1279 corruperant.

1012 1288 1050 1319 L.
1061 1296 1118 1319 ιιι.
1126 1292 1135 1306 ‘
1143 1287 1175 1318 in
1188 1287 1375 1328 gratiamne
1386 1287 1559 1329 impetrati
1567 1287 1708 1330 funeris,

1011 1345 1054 1367 an
1069 1335 1192 1376 siquid
1215 1335 1331 1376 Trojae
1355 1337 1538 1376 accideret,
1565 1345 1706 1369 securus

1003 1386 1077 1426 jam
1092 1385 1197 1417 ffliaess
1235 1386 1276 1416 L.
1292 1395 1342 1416 ιν.
1358 1387 1367 1403 ‘
1381 1386 1536 1418 Permoti
1557 1386 1706 1428 querelis

1011 1434 1230 1474 Rhodiorum,
1252 1444 1295 1465 an
1317 1434 1476 1475 cupidine
1501 1435 1706 1476 diripienda-

1010 1494 1084 1515 rum
1100 1493 1213 1515 rerum
1231 1493 1312 1525 quas
1336 1494 1449 1515 secum
1473 1484 1706 1517 advexerant!

1011 1534 1081 1565 Ubi
1109 1534 1365 1574 rescripserunt,
1392 1537 1402 1552 ‘
1415 1534 1494 1566 dein
1522 1535 1709 1576 cupidine.'

1010 1584 1184 1625 Frequens
1199 1585 1317 1616 Tacito
1333 1584 1471 1616 locutio.

1052 1633 1227 1674 Promisce]
1240 1634 1298 1664 Ita
1311 1633 1390 1664 libri
1406 1638 1558 1664 veteres:
1582 1633 1615 1664 in
1630 1632 1703 1674 qui-

1010 1682 1072 1713 bus
1094 1684 1197 1714 etiam
1221 1688 1328 1719 recte,
1343 1682 1425 1723 ‘per
1446 1691 1572 1724 pecora
1599 1686 1704 1723 atque

1008 1732 1198 1764 exercitum
1213 1731 1376 1772 grassari!

1053 1781 1266 1821 Palamedem]
1281 1781 1329 1812 At
1343 1790 1420 1812 eum
1436 1781 1469 1812 in
1482 1780 1646 1821 Catalogo
1660 1789 1704 1812 ne

1009 1831 1198 1862 nominavit
1217 1831 1366 1872 quidem,
1391 1831 1470 1871 quia
1485 1839 1550 1861 non
1567 1830 1704 1862 invene·

1010 1885 1064 1912 rat
1085 1880 1119 1911 in
1147 1880 1309 1920 Homero,
1331 1880 1425 1920 cujus
1448 1879 1602 1911 recensio
1625 1882 1704 1919 post

1010 1934 1154 1961 mortem
1170 1929 1382 1968 Palamedis3
1406 1929 1466 1960 sed
1482 1934 1599 1960 noster
1610 1933 1704 1960 certe

1010 1980 1131 2011 debuit
1147 1989 1212 2011 non
1230 1980 1380 2011 omisisse
1397 1980 1450 2011 vel
1471 1979 1505 2010 in
1527 1987 1705 2010 enumera-

1011 2030 1116 2068 tione,
1131 2030 1183 2060 vel
1200 2030 1233 2060 in
1249 2032 1420 2060 conventu
1435 2027 1626 2069 principum
1648 2026 1706 2069 qui

1009 2079 1143 2110 habitus
1156 2078 1272 2119 Argis.

1053 2130 1070 2169 ξ
1081 2131 1123 2160 20
1135 2126 1383 2167 Domnicionem]
1397 2127 1452 2159 Ita
1463 2125 1596 2168 scripsi,
1604 2134 1706 2167 quum

1012 2179 1047 2209 in
1064 2178 1213 2217 vulgatis
1236 2183 1336 2213 esset,
1358 2182 1367 2196 ⁴
1382 2177 1517 2209 domum
1538 2176 1706 2217 demigra-

1013 2226 1163 2267 tionem‚'
1186 2226 1222 2258 in
1247 2226 1399 2266 scriptiS,
1418 2225 1531 2257 ‘domi
1559 2225 1705 2256 mentio-

1010 2275 1114 2307 nem!
1135 2275 1232 2306 Idem
1250 2275 1389 2306 verbnm
1405 2278 1603 2314 corruptum
1618 2272 1706 2305 infra

1010 2326 1071 2357 lib.
1086 2335 1127 2358 ιι.
1143 2327 1152 2342 ‘
1166 2325 1312 2357 taedione
1325 2334 1366 2355 an
1380 2324 1616 2356 recordatione
1629 2333 1707 2355 suo·

1011 2385 1085 2407 rum
1097 2375 1337 2406 domuitionem
1350 2373 1561 2414 cupiebant.'
1579 2375 1706 2406 Domu-

1012 2425 1087 2464 itio,
1117 2423 1241 2456 νόστυς.
1288 2423 1457 2454 Pacuvius
1491 2422 1702 2454 Hermiona:

1011 2474 1022 2491 ‘
1036 2474 1126 2506 Nam
1143 2475 1233 2504 solus
1249 2473 1377 2504 Danais
1391 2473 1447 2504 bic
1462 2471 1705 2504 domuitionem

1012 2523 1131 2554 dedit.'
1164 2522 1394 2555 Philoxenus:
1411 2526 1421 2539 ¹
1432 2521 1702 2560 Domuitionem,

1011 2571 1184 2604 e’uduoaov!

1054 2623 1108 2654 An
1122 2632 1160 2653 ne
1174 2626 1238 2654 tam
1252 2620 1378 2660 illicito]
1393 2619 1448 2651 Its
1463 2623 1556 2651 recte
1572 2618 1663 2651 libri.

1055 2674 1074 2713 ξ
1089 2676 1129 2704 21
1147 2669 1452 2709 Corusca,sulmina]
1467 2669 1524 2700 Ita
1533 2668 1624 2708 libri,
1638 2678 1706 2700 non

1013 2720 1310 2753 ‘coruscationes’
1354 2720 1515 2759 corusca,
1536 2716 1704 2758 ἀστραπαί,

1012 2772 1176 2811 tonitrua,
1202 2768 1342 2811 βρονταί,
1379 2767 1529 2806 fulmina,
1555 2767 1706 2808 κεραυνοί.

1014 2821 1101 2853 Haec
1117 2820 1184 2852 tria
1195 2820 1355 2852 distincta
1366 2822 1403 2849 et
1413 2817 1561 2849 Varroni
1573 2828 1580 2847 :
1595 2818 1606 2835 ‘
1618 2818 1707 2857 Cog-

1012 2871 1094 2903 nitio
1109 2871 1199 2903 enim
1215 2870 1330 2910 trium,
1354 2867 1524 2908 fulgetrae,
1548 2867 1705 2906 tonitrui,
