1889 3194
293 357 376 398 422

805 370 1003 401 ιΙΟΞΕΡΗΙ
1041 370 1206 402 lscANt

292 459 531 514 Virginitas
551 476 620 504 me
638 463 733 504 sola
746 463 888 518 juvat,
916 464 978 504 nil
998 476 1135 516 passa
1154 463 1415 517 pudendum,

290 526 396 569 Non
416 529 574 571 laesura
595 534 725 580 toros,
751 543 837 571 non
859 530 1124 584 deprensura
1143 531 1336 572 maritos.

288 594 450 644 Macte,
471 596 613 648 Paris,
641 610 739 638 mea
764 598 879 638 bella
900 598 996 646 viri,
1017 610 1114 637 mea
1134 610 1273 650 pensa
1297 598 1474 651 puellae,

286 661 346 702 Et
365 675 462 703 mea.
480 663 682 717 laurigeri
702 664 962 704 meditantur
983 664 1179 704 carmina
1198 668 1349 705 vates:

285 728 360 769 Sic
381 730 555 782 populis
575 731 771 784 utrisque
789 731 922 780 fruor,
945 731 1011 771 sic
1031 734 1153 783 grata
1172 744 1252 784 per
1271 743 1436 772 omnes.

1640 731 1726 771 345

284 793 371 834 Sed
393 796 496 848 quid
518 810 600 849 ego
621 797 748 838 haec‘?
779 796 884 850 quid
906 797 961 837 ad
979 797 1072 838 haec
1089 798 1343 839 subnectere
1357 801 1484 851 plura
1496 797 1690 838 laborem
1704 797 1724 836 ‘l

282 859 488 902 Moribus
510 863 746 915 indignum,
766 863 920 912 fateor,
943 864 1195 917 studiisque
1218 864 1406 917 pudicis,

283 926 522 969 Ostentare
544 942 695 970 suum:
725 930 918 982 propriae
938 943 1040 971 nam
1056 931 1256 972 venditor
1276 931 1381 972 artis

281 993 501 1035 Detitulat
520 995 682 1045 titulos,
699 1008 815 1048 quos
836 997 1005 1049 ingerit,
1026 1001 1071 1038 at
1091 997 1199 1050 quia
1217 1010 1410 1051 praesens

279 1059 463 1101 Viribus
485 1066 531 1101 et
552 1062 670 1102 vitiis
691 1067 884 1104 armatur
902 1076 1053 1112 causa,
1076 1063 1321 1104 Minervam

1637 1062 1723 1103 350

278 1125 452 1179 Accipe
474 1128 573 1180 plus
590 1129 722 1169 tacite
741 1130 953 1179 meritam,
969 1142 1103 1184 quam
1124 1143 1234 1171 voce
1256 1133 1466 1171 secutam.

278 1191 388 1232 Cum
412 1197 539 1234 vetus
559 1194 751 1236 efflueret
770 1195 813 1235 in
830 1209 1004 1248 regnum
1023 1197 1182 1237 mobile
1203 1196 1407 1245 mundus,

276 1259 596 1314 Terrarumque
616 1264 741 1302 notas
760 1262 895 1303 ultrix
913 1262 1151 1315 detergeret
1171 1263 1305 1312 unda,

275 1324 465 1367 Emersit
485 1340 586 1368 cum
602 1328 694 1368 sole
714 1328 843 1378 fides,
862 1341 969 1370 mox
990 1334 1136 1371 cetera
1156 1329 1321 1370 dudum

277 1391 426 1434 Nacta
445 1393 591 1446 fugam
613 1395 753 1436 virtus
774 1395 900 1436 terris
921 1395 1087 1436 offensa
1107 1396 1309 1449 profanis

1634 1396 1720 1437 355

925 1516 1065 1548 NOTAE

318 1589 380 1617 347
404 1587 547 1618 Moribus
571 1588 746 1627 indignum,
767 1590 886 1630 fateor,
907 1594 971 1621 stu-

275 1636 395 1676 diisque
415 1637 546 1676 pudicis,
572 1639 738 1670 Ostentare
762 1649 869 1670 suum:
899 1650 971 1680 pro-

271 1687 353 1726 prioe
378 1697 450 1718 nam
464 1689 606 1720 venditor
620 1691 700 1721 artis
714 1691 875 1722 Detitulut
896 1691 971 1721 titu-

274 1736 330 1771 los,
344 1746 417 1776 quos
431 1737 563 1777 ingerit]
588 1739 596 1755 ‘
612 1739 716 1770 Suum
728 1739 737 1752 '
751 1740 805 1771 hic
818 1744 870 1770 est
883 1740 971 1780 ἴδιον,

275 1785 316 1816 τὰ
330 1786 398 1826 περὶ
413 1787 517 1818 αὑτοῦ.
553 1787 563 1804 ‘
582 1789 778 1825 Detitulat,’
796 1794 834 1821 ut
849 1799 873 1821 Ι.
890 1789 899 1806 ‘
913 1790 971 1821 de-

274 1836 409 1876 potui1‚'
429 1839 503 1868 281.
520 1837 577 1868 ubi
595 1839 694 1878 plura
712 1839 755 1870 de
777 1839 839 1870 hac
864 1839 970 1870 συνθέ-

274 1896 334 1917 σει.
360 1886 497 1918 Gaudet
513 1887 567 1918 hic
585 1888 687 1927 poe'ta
702 1887 876 1928 καινολεξίᾳ
891 1898 971 1928 qua-

273 1935 348 1966 dam
359 1945 368 1973 ;
380 1935 546 1976 potuisset
556 1937 644 1968 enim
654 1938 719 1968 levi
728 1948 864 1969 versura
875 1948 882 1968 :
894 1940 902 1955 ‘
912 1938 971 1969 im·

273 1984 419 2023 minuit‚'
437 1986 445 2002 ‘
463 1985 633 2026 iut'uscat‚’
648 1987 713 2023 vel,
727 1992 764 2018 ut
779 1988 850 2027 ipse
868 1986 970 2026 infra,

271 2035 280 2051 ‘
298 2035 447 2075 Virginis
465 2035 559 2066 elidit
576 2036 737 2067 titulum.'
767 2037 967 2068 Tei-tullian.

273 2088 393 2114 contra
407 2084 544 2116 Judaeos
560 2094 612 2116 ιΧ.
629 2089 702 2117 100.
724 2087 734 2103 ‘
751 2087 872 2127 Magos
887 2097 968 2128 quo-

273 2142 339 2173 que
355 2133 641 2166 Samaritanorum
666 2137 898 2176 appellatione
926 2137 967 2168 ti-

272 2183 427 2215 tulavitz'
441 2188 476 2215 et
492 2184 630 2216 Judicio
646 2186 806 2218 Domini:
824 2188 833 2204 ‘
848 2190 883 2218 et
896 2196 969 2217 ver-

271 2232 323 2262 nis
354 2241 468 2264 roseas
498 2234 650 2265 titulabit
678 2233 817 2266 floribus
848 2235 969 2267 auras!

271 2282 378 2320 Γνώμη
392 2288 502 2314 sumta
515 2288 565 2315 est
578 2293 620 2314 ex
635 2285 768 2324 passivo
782 2285 855 2316 illo:
873 2285 882 2301 ‘
895 2285 966 2316 laus

270 2332 305 2362 in
322 2341 382 2363 sno
398 2332 561 2373 cujusque
578 2342 636 2364 ore
652 2333 842 2365 sordescit)
874 2335 968 2366 Salo-

270 2391 350 2412 mon
380 2382 548 2413 Proverb.
572 2385 626 2413 27.
649 2383 867 2423 ἐγκωμιαζέτω
892 2395 928 2415 σε
951 2384 968 2414 ὃ

272 2429 383 2470 πέλας,
399 2430 449 2461 καὶ
463 2431 507 2469 μὴ
527 2430 565 2461 τὸ
588 2430 645 2462 σὸν
658 2432 769 2470 στόμα·
790 2432 967 2475 ἀλλότριος,

270 2480 376 2519 καὶμὴ
390 2481 429 2511 τὰ
440 2481 481 2512 σὰ
492 2482 600 2520 χείλη.
631 2483 725 2514 Plut.
741 2484 915 2524 eleganter
930 2484 965 2515 in

271 2531 357 2562 libro
381 2531 424 2562 de
452 2532 501 2562 sui
530 2532 651 2562 laude:
675 2532 763 2571 αὑτῷ
782 2531 841 2570 μὲν
862 2531 923 2572 ’γὰρ
949 2533 966 2562 ὅ

270 2580 340 2619 παρ’
361 2580 468 2611 ἄλλων
484 2579 606 2612 ἔπαινος
620 2582 745 2619 ἥδιστος
765 2581 966 2621 ἀκουσμάτων

272 2630 370 2671 ἐστὶν,
385 2631 499 2671 ἑτέροις
522 2631 554 2663 δὲ
570 2633 587 2662 ὁ
600 2632 668 2672 περὶ
684 2634 779 2663 αὑτοῦ
791 2632 966 2674 λυπηρότα-

270 2693 338 2712 τον.
391 2683 572 2713 Geminum
602 2688 656 2714 est
684 2684 766 2714 illud
792 2684 966 2715 Themistii

273 2732 477 2770 Euffluradae,
497 2732 586 2763 οὐδὲν
599 2733 678 2764 οὕτω
692 2733 841 2773 φορτικὸν
854 2732 965 2764 ἄκουσ-

273 2791 326 2817 μα,
341 2780 378 2810 ὡς
393 2781 409 2810 ὁ
424 2782 487 2811 καθ’
500 2783 593 2813 αὑτοῦ
608 2781 739 2814 ἔπαινος.
783 2784 882 2815 Orat.
898 2782 966 2823 περὶ

273 2829 504 2868 φιλοστοργίας.
549 2831 589 2861 Id
615 2832 769 2871 cogitans
791 2832 963 2864 AEschines

273 2877 409 2908 dicebat
426 2878 569 2910 virorum
586 2880 687 2911 etiam
700 2881 964 2914 clarissimorum

1025 1591 1144 1622 landes
1174 1601 1248 1622 esse
1277 1590 1448 1629 molestas,
1477 1589 1584 1620 multo
1613 1590 1720 1631 magis

1024 1642 1283 1680 Demosthenis,
1299 1640 1375 1671 ὅταν
1391 1639 1435 1678 δὲ,
1448 1640 1556 1678 addit,
1567 1638 1722 1680 ἄνθρωπος

1025 1690 1159 1732 αἰσχύνῃ
1178 1693 1235 1728 τῆς
1249 1689 1372 1721 πόλεως
1386 1690 1524 1729 ’γεγονὼς
1539 1689 1650 1720 ἑαυτὸν
1665 1691 1720 1727 ἐ-γ-

1023 1739 1180 1780 κωμίαζει,
1194 1739 1241 1772 τίς
1255 1740 1293 1771 ἂν
1307 1740 1437 1770 τοιαῦτα
1456 1738 1672 1780 καρτερήσειεν
1687 1739 1722 1769 ἇ-

1022 1789 1134 1829 κούων;
1143 1791 1389 1821 Demosthenes
1400 1789 1433 1820 id
1445 1788 1718 1819 animadvertens

1022 1839 1175 1880 obliquat
1185 1839 1324 1870 exordio
1335 1848 1445 1869 aureae
1457 1838 1544 1868 illius
1556 1838 1597 1869 de
1613 1838 1717 1869 Coro-

1024 1898 1067 1920 na
1082 1889 1244 1920 orationis
1258 1899 1266 1920 :
1291 1887 1383 1927 φύσει
1399 1889 1492 1918 πᾶσιν
1507 1886 1637 1927 ὑπάρχει
1655 1889 1718 1919 τῶν

1021 1937 1079 1977 μὲν
1089 1939 1247 1978 λοιδοριῶν
1257 1938 1308 1969 καὶ
1319 1940 1381 1969 τῶν
1392 1940 1584 1978 κατηγοριῶν
1597 1937 1718 1969 ἀκούειν

1022 1986 1127 2026 ἡδέως,
1142 1989 1208 2019 τοῖς
1223 1988 1380 2018 ἐπαινοῦσι
1394 1988 1419 2018 δ’
1435 1987 1543 2019 αὑτοὺς
1557 1987 1718 2026 ἄχθεσθαι.

1022 2037 1151 2069 Eadem
1168 2042 1218 2068 est
1230 2038 1460 2077 Chrysostomi
1472 2036 1562 2076 χρεία
1572 2037 1604 2068 in
1618 2046 1658 2068 ιι.
1672 2037 1716 2068 ad

1023 2086 1176 2117 Corinth.
1192 2086 1293 2118 Hom.
1303 2089 1357 2118 22.
1371 2096 1405 2127 p.
1418 2089 1492 2117 894.
1517 2085 1606 2117 οὐδὲν
1620 2086 1716 2118 οὕτως

1021 2136 1206 2177 προΐσταται
1229 2137 1296 2168 τοῖς
1316 2137 1450 2167 πολλοῖς
1462 2138 1525 2167 τῶν
1544 2137 1715 2177 ἀκροατῶν,

1021 2186 1061 2217 ὡς
1075 2186 1112 2217 τὸ
1127 2184 1238 2217 ἑαυτόν
1251 2197 1320 2216 τινα
1335 2184 1550 2226 ἐγκωμιάζειν.
1586 2187 1716 2217 Eadem

1021 2235 1123 2267 habes
1140 2246 1173 2276 p.
1183 2238 1258 2267 896.
1266 2235 1385 2266 eadem
1397 2235 1523 2267 Homil.
1531 2236 1651 2276 Synes.
1661 2237 1714 2267 De

1022 2284 1112 2316 dono
1123 2284 1251 2316 Astrol.
1272 2283 1434 2325 κηρύττειν
1446 2283 1556 2315 ἑαυτὸν
1571 2283 1622 2315 καὶ
1637 2284 1714 2315 πάν-

1021 2346 1062 2365 τα
1070 2336 1168 2365 ποιεῖν
1180 2333 1253 2375 ὅπερ
1262 2333 1441 2375 ἐπιδείξεως,
1449 2333 1485 2365 οὔ
1496 2332 1715 2373 σοφίας,ἆλλὰ

1021 2384 1201 2425 σοφιστείας
1215 2384 1313 2423 ἐστὶν,
1330 2393 1362 2424 p.
1375 2386 1450 2415 30⁷.
1496 2384 1595 2415 Nilus
1609 2384 1713 2415 etiam

1021 2435 1109 2466 bene
1121 2445 1130 2466 ι
1153 2435 1250 2475 φεῦγε
1264 2433 1338 2466 τοὺς
1352 2433 1501 2474 ἐπαίνους,
1517 2433 1665 2474 αἰσχύναν
1679 2434 1713 2466 δὲ

1019 2483 1092 2515 τοὺς
1116 2483 1242 2524 ψόγους,
1267 2493 1395 2524 paraen.
1411 2487 1463 2514 27.
1507 2485 1594 2515 Vide
1609 2485 1712 2516 etiam

1019 2534 1166 2565 Plinium
1181 2533 1291 2574 Epist.
1308 2542 1330 2564 1.
1347 2535 1378 2563 8.
1391 2537 1426 2564 et
1442 2533 1663 2565 Plutarchum
1677 2534 1711 2564 in

1020 2583 1197 2615 Cicerone.

1062 2635 1125 2663 352
1150 2633 1229 2663 Cum
1243 2635 1330 2663 vetus
1357 2632 1493 2672 efflueret
1521 2631 1555 2661 in
1581 2640 1712 2670 regnum

1018 2682 1128 2712 mobile
1139 2681 1285 2720 mundus]
1310 2681 1462 2719 Regnum
1473 2680 1596 2711 mobile
1609 2690 1711 2722 prop-

1020 2737 1072 2762 ter
1087 2728 1316 2767 κατακλυσμόν.
1360 2729 1448 2760 Vide
1465 2738 1491 2760 1.
1507 2732 1582 2760 406.

1060 2783 1122 2811 355
1169 2780 1274 2810 Nacta
1298 2777 1416 2816 fugam
1446 2776 1562 2816 virtus]
1607 2778 1711 2812 Ovid.

1017 2830 1027 2848 ‘
1039 2829 1169 2860 Ultima
1189 2829 1371 2860 Coelestum
1388 2831 1495 2857 terras
1512 2826 1645 2859 Astraea
1658 2838 1710 2859 re-

1018 2878 1141 2921 liquit.’
1164 2878 1220 2910 lta
1233 2877 1490 2918 Chrysostomus
1501 2876 1534 2908 in
1550 2877 1710 2910 Matthae-
