1889 3194
243 310 326 350 416

771 322 974 351 Josm’fll
1008 321 1171 350 lSCAN!

245 415 353 455 Sola
373 415 498 462 viret,
519 414 711 466 nullique
734 425 840 454 suas
862 413 1153 454 communicat
1177 413 1377 453 umbras:

244 480 400 522 Cetera
420 480 673 534 Cyrrhaeam
693 484 922 521 veneratur
944 480 1068 532 sylva
1086 478 1330 531 juventam,

245 546 424 588 Celsum
445 547 721 588 summittens
741 547 927 599 apicem,
948 545 1167 599 longeque
1189 545 1370 586 reducta

245 613 464 667 Majorem
486 618 649 654 temere
670 615 905 666 poscentes
927 611 1034 652 a'era
1053 612 1229 653 frondes

1597 612 1684 653 220

244 680 464 731 Castigat,
484 680 727 732 metuitque
747 679 887 719 sacris
909 690 1134 718 occurrere
1152 680 1301 720 ramis.

245 747 351 787 Huc
374 746 512 796 Deus,
532 750 608 787 aut
630 759 775 794 casus,
798 750 913 786 certe
933 745 1213 800 gratissimus
1234 758 1362 795 error,

245 813 442 862 Pertulit,
462 816 660 866 ereptum
684 812 816 852 sociis
834 827 844 861 3
866 812 948 852 hac
968 811 1099 853 laetus
1123 812 1167 852 in
1189 813 1343 852 umbra

245 879 443 920 Mirabar
461 881 632 920 laurum
651 879 822 920 vivacis
843 879 938 931 lege
951 879 1146 932 juventae

244 945 324 986 Nil
341 945 458 987 Jove
477 949 643 986 mutato
663 958 871 998 passam:
901 945 1093 986 mirabar
1114 950 1158 986 et
1179 944 1341 986 Eurum

245 1012 469 1053 Murmure
491 1012 741 1052 adulantem
761 1011 899 1061 soliis,
920 1016 964 1052 et
984 1011 1215 1052 frondibus
1237 1024 1387 1052 auram

244 1078 471 1118 Secretum
492 1079 658 1131 spirare
680 1091 833 1129 suum;
860 1091 958 1118 cum
980 1078 1189 1130 languida
1210 1079 1376 1118 sensim

246 1143 335 1184 Fur
355 1145 471 1185 oculi
492 1157 669 1185 somnus
688 1144 882 1184 invitans
906 1144 1011 1194 otia,
1034 1144 1246 1185 blandum

244 1209 449 1251 Pectoris
471 1211 604 1251 elusit
625 1211 832 1260 studium,
851 1223 1069 1263 curasque
1088 1210 1252 1251 fefellit.

243 1276 319 1316 Sic
340 1283 473 1331 caput
490 1277 679 1318 herboso
701 1277 950 1330 projectum
971 1277 1140 1330 cespite
1161 1277 1316 1325 fultuS,

1603 1275 1690 1317 2:30

246 1341 449 1383 Delicias
470 1343 597 1384 hausi
619 1344 859 1396 Superum:
890 1356 970 1384 nec
991 1343 1150 1384 frivola
1172 1348 1325 1383 suctus

246 1408 299 1448 In
322 1409 494 1461 plebem
512 1410 675 1450 lusisse
692 1422 840 1462 sopor,
859 1409 938 1451 sed
954 1410 1124 1450 somnia
1142 1423 1286 1461 regum

247 1474 467 1526 Dignatus
484 1477 644 1517 subiit:
675 1477 821 1528 magni
841 1489 948 1517 mox
966 1481 1105 1529 nupta
1122 1476 1346 1524 Tonantis,

249 1539 303 1581 Et
323 1539 494 1591 Venus,
517 1546 561 1583 et
583 1542 733 1584 Pallas
754 1555 852 1584 sese
871 1543 1177 1596 languentibus
1199 1543 1313 1584 ultro

898 1694 1041 1726 NOTAE

290 1781 354 1810 222
370 1778 578 1810 Gratissimus
587 1780 689 1820 error]
702 1780 743 1811 In
755 1779 849 1812 libris
865 1785 941 1812 erat

248 1833 257 1846 ¹
270 1828 507 1868 gravissimus.'
542 1829 666 1860 Horat.
690 1830 800 1871 Epist.
816 1839 857 1862 11.
871 1831 880 1848 ‘
897 1832 940 1862 Et

248 1877 382 1909 demtus
406 1888 467 1919 per
492 1879 559 1909 vim
581 1879 704 1910 mentis
731 1880 941 1920 gratissimus

248 1928 366 1960 error.’

289 1980 354 2008 226
373 1977 535 2009 Murmure
550 1979 724 2009 adulantem
733 1977 841 2017 foliis]
884 1979 941 2011 Sic

244 2027 254 2044 ‘
265 2027 413 2067 Zephyri
424 2027 615 2067 motantes‚’
624 2027 713 2067 apud
722 2028 816 2068 Virg.
827 2029 942 2068 Eclog.

248 2086 283 2109 v.
305 2075 548 2108 ὑπαικᾶλλοντες
571 2076 769 2116 μελίσδονται
782 2078 942 2108 Theocri-

249 2131 284 2156 to
297 2137 304 2156 :
330 2126 419 2157 unde
432 2131 467 2157 et
482 2126 529 2157 ait
541 2126 649 2158 ὕδατος
657 2126 832 2167 ψιθύρισμα.
849 2127 943 2159 Aris-

248 2176 341 2215 topll.
355 2176 442 2209 Nub.
459 2179 552 2208 1008.
565 2176 722 2208 πλάτανος
733 2176 851 2218 πτελέᾳ
859 2179 942 2217 ψιθυ-

250 2223 326 2266 ρίζῃ.
352 2224 436 2257 Ans.
452 2226 461 2242 ‘
472 2226 623 2266 Cumque
636 2227 703 2256 suis
716 2227 864 2267 loquitur
877 2232 943 2257 tre-

246 2275 374 2306 mulum
389 2285 484 2307 coma
499 2275 599 2316 pinea
613 2275 747 2307 ventis.’
788 2276 943 2307 Terenti-

251 2334 334 2355 anus
368 2324 520 2365 Maurus,
543 2326 552 2342 ‘
567 2325 675 2356 Pinea
696 2325 838 2356 brachia
863 2325 943 2357 dum

250 2373 439 2414 trepidant,
454 2373 567 2405 Audio
589 2375 791 2406 canticulam
809 2374 942 2415 Zephy-

254 2423 305 2454 ι·”ι.’
326 2425 448 2462 καινῶς,
463 2424 537 2455 ἀλλ’
556 2424 592 2455 οὐ
607 2427 712 2456 κενῶς.
745 2425 801 2456 Ita
818 2425 942 2456 Catuli.

251 2478 287 2504 et
298 2474 418 2506 Claud.
432 2476 440 2491 ‘
454 2480 610 2506 nutantes
621 2475 756 2505 Platani
766 2474 789 2506 :'
803 2475 812 2493 ‘
822 2478 945 2506 nutant

255 2523 297 2553 ad
314 2528 430 2554 mutua
447 2525 566 2564 palmae
581 2524 726 2556 Foedera
740 2523 762 2555 :’
779 2524 829 2556 ita
841 2534 944 2556 canes

253 2573 343 2612 apud
374 2575 513 2606 Lucret.
550 2575 561 2592 ‘
574 2575 715 2615 gannitu
746 2575 836 2606 vocis
864 2574 945 2606 adu-

251 2622 345 2652 lant?
387 2623 490 2655 Ovid.
513 2633 592 2655 xw.
619 2625 762 2655 Metam.
792 2625 801 2640 ‘
817 2632 945 2664 perque

251 2669 395 2701 ferarum
411 2671 542 2712 Agmen
559 2673 779 2704 adulantum?
803 2674 945 2705 Homer.

254 2718 387 2759 Οὗρῇσιν
399 2722 530 2761 μακρῇσι
542 2722 790 2763 περισσαίνοντες
800 2721 944 2754 ἀνέσταν.

253 2767 376 2799 Similis
401 2776 574 2802 ventorum
597 2771 673 2802 lene
702 2773 944 2803 susurrantium

994 1780 1181 1821 descriptio
1205 1784 1257 1811 est
1281 1779 1371 1819 apud
1396 1779 1515 1820 Chrys.
1532 1779 1564 1810 in
1588 1778 1689 1819 Acta,

996 1829 1098 1860 Hom.
1117 1839 1168 1860 VI.
1192 1832 1268 1860 495.
1292 1829 1328 1859 οὔ
1350 1827 1412 1868 ’γὰρ
1438 1828 1552 1868 ὄρνιθες
1575 1828 1691 1867 fiamus,

994 1882 1059 1910 διο.
1081 1879 1256 1919 Synesium
1276 1879 1339 1918 Ep.
1353 1880 1426 1909 114.
1450 1877 1578 1908 Eodem
1591 1878 1691 1908 modo

994 1929 1119 1959 Catuli.
1132 1928 1175 1959 de
1192 1926 1372 1958 fluctibus:
1396 1927 1521 1967 ‘ipsius
1537 1930 1616 1958 ante
1632 1936 1691 1967 pe-

996 1977 1055 2008 des
1064 1976 1187 2009 flnctus
1200 1977 1276 2008 salis
1285 1975 1503 2007 alludebant!
1526 1975 1646 2007 Ovid.‘
1657 1979 1693 2007 et

997 2027 1030 2057 in
1047 2027 1277 2058 alludentibus
1293 2026 1413 2057 undis?

1039 2081 1102 2108 228
1118 2079 1184 2109 Fur
1192 2078 1274 2109 oculi
1281 2076 1418 2117 somnus]
1431 2076 1567 2113 Cicero,
1579 2076 1589 2094 ‘
1600 2076 1694 2107 Som-

997 2137 1057 2158 nus
1072 2127 1264 2169 perfugium
1280 2126 1454 2168 laborum‚'
1469 2135 1510 2158 11.
1532 2126 1693 2158 Divinat.

997 2177 1166 2208 Pindarus
1224 2176 1318 2208 ὕπνος
1355 2174 1475 2216 ’γλυκὺς
1516 2174 1694 2215 σύγκοιτος.

998 2226 1100 2267 Pylii.
1125 2226 1194 2258 Od.
1210 2229 1242 2258 9.
1268 2227 1445 2262 Cotuthus,
1471 2224 1523 2266 νὺξ
1544 2224 1578 2256 δὲ
1594 2224 1695 2257 πόνων

997 2275 1155 2316 ἄμπαυμα,
1171 2286 1237 2308 nox
1253 2276 1443 2317 perfugium
1455 2274 1694 2307 laborantium.

996 2326 1055 2357 Sil.
1078 2328 1087 2343 ‘
1103 2327 1182 2357 Nox
1197 2326 1302 2357 somni
1318 2323 1488 2366 genitrix!

1038 2378 1101 2406 232
1124 2375 1254 2406 Somnia
1276 2385 1386 2414 regum
1401 2375 1562 2414 Dignatus
1582 2371 1695 2412 subiit]

996 2425 1084 2456 Vide
1104 2424 1355 2456 Artemidorum
1380 2424 1587 2456 Daldianum
1613 2432 1640 2454 1.
1660 2424 1694 2454 3.

997 2479 1032 2505 et
1047 2477 1079 2505 7.
1094 2474 1176 2504 item
1193 2483 1251 2504 ιιι.
1273 2477 1329 2505 61.
1352 2474 1508 2514 apposite
1533 2472 1614 2503 item
1630 2472 1694 2504 Ni-

997 2523 1181 2564 cephorum
1205 2523 1395 2563 Gregoram
1418 2525 1636 2553 commentar.
1658 2520 1694 2552 iu

997 2573 1131 2613 Synesii
1149 2573 1270 2604 librum
1285 2572 1329 2603 de
1347 2571 1527 2602 Insomniia
1544 2571 1694 2602 355.&c.

1000 2627 1036 2654 et
1061 2623 1248 2663 Rigaltium
1272 2621 1306 2652 in
1331 2619 1540 2652 Artemidori
1571 2618 1692 2650 librum

999 2672 1157 2712 primum.
1182 2671 1293 2702 Recte
1309 2679 1390 2701 vero
1401 2669 1501 2700 Philo
1517 2669 1570 2700 De
1584 2668 1693 2700 Abra-

999 2721 1088 2752 hami
1115 2721 1251 2761 migrat.
1287 2719 1405 2758 τυφλδς
1432 2718 1534 2755 ὕπνος,
1564 2716 1695 2758 ὄξυωπὸς

1003 2770 1197 2811 ἐγρήγορσις,
1210 2780 1242 2811 p.
1257 2772 1330 2800 530.
