<?xml version="1.0" encoding="UTF-8"?>
<!DOCTYPE html PUBLIC "-//W3C//DTD XHTML 1.0 Transitional//EN"
    "http://www.w3.org/TR/xhtml1/DTD/xhtml1-transitional.dtd">
<html xmlns="http://www.w3.org/1999/xhtml" xml:lang="en" lang="en">
 <head>
  <title>
</title>
<meta http-equiv="Content-Type" content="text/html;charset=utf-8" />
  <meta name='ocr-system' content='tesseract 3.04.00' />
  <meta name='ocr-capabilities' content='ocr_page ocr_carea ocr_par ocr_line ocrx_word'/>
</head>
<body>
  <div class='ocr_page' id='page_1' title='image "./dictyscretensise02dictuoft_0041.png"; bbox 0 0 1889 3194; ppageno 0'>
   <div class='ocr_carea' id='block_1_1' title="bbox 450 338 1153 370">
    <p class='ocr_par' dir='ltr' id='par_1_1' title="bbox 450 338 1153 370">
     <span class='ocr_line' id='line_1_1' title="bbox 450 338 1153 370; baseline -0.003 -1"><span class='ocrx_word' id='word_1_1' title='bbox 450 340 512 369; x_wconf 89' lang='lat' dir='ltr'><strong>DE</strong></span> <span class='ocrx_word' id='word_1_2' title='bbox 550 339 704 369; x_wconf 82' lang='lat' dir='ltr'><strong>BELLO</strong></span> <span class='ocrx_word' id='word_1_3' title='bbox 738 338 960 369; x_wconf 82' lang='lat' dir='ltr'><strong>&#39;l&#39;ROJANO</strong></span> <span class='ocrx_word' id='word_1_4' title='bbox 996 338 1089 370; x_wconf 76' lang='lat' dir='ltr'><strong>[AB.</strong></span> <span class='ocrx_word' id='word_1_5' title='bbox 1123 340 1153 368; x_wconf 88' lang='lat'><strong>1.</strong></span> 
     </span>
    </p>
   </div>
   <div class='ocr_carea' id='block_1_2' title="bbox 80 435 1016 490">
    <p class='ocr_par' dir='ltr' id='par_1_2' title="bbox 80 435 1016 490">
     <span class='ocr_line' id='line_1_2' title="bbox 80 435 1016 490; baseline -0.002 -13"><span class='ocrx_word' id='word_1_6' title='bbox 80 436 137 478; x_wconf 90' lang='lat' dir='ltr'><strong>Et</strong></span> <span class='ocrx_word' id='word_1_7' title='bbox 155 435 271 477; x_wconf 86' lang='lat' dir='ltr'><strong>Jove</strong></span> <span class='ocrx_word' id='word_1_8' title='bbox 293 437 543 490; x_wconf 80' lang='lat' dir='ltr'><strong>proscripto</strong></span> <span class='ocrx_word' id='word_1_9' title='bbox 565 436 738 478; x_wconf 81' lang='lat' dir='ltr'><strong>Saturni</strong></span> <span class='ocrx_word' id='word_1_10' title='bbox 759 435 893 477; x_wconf 84' lang='lat' dir='ltr'><strong>leniet</strong></span> <span class='ocrx_word' id='word_1_11' title='bbox 911 435 1016 476; x_wconf 90' lang='lat' dir='ltr'><strong>iras.</strong></span> 
     </span>
    </p>
   </div>
   <div class='ocr_carea' id='block_1_3' title="bbox 1439 328 1525 474">
    <p class='ocr_par' dir='ltr' id='par_1_3' title="bbox 1439 328 1525 474">
     <span class='ocr_line' id='line_1_3' title="bbox 1439 328 1524 369; baseline -0.012 0"><span class='ocrx_word' id='word_1_12' title='bbox 1439 328 1524 369; x_wconf 80' lang='lat'><strong>385</strong></span> 
     </span>
     <span class='ocr_line' id='line_1_4' title="bbox 1440 433 1525 474; baseline 0 0"><span class='ocrx_word' id='word_1_13' title='bbox 1440 433 1525 474; x_wconf 72' lang='lat'><strong>235</strong></span> 
     </span>
    </p>
   </div>
   <div class='ocr_carea' id='block_1_4' title="bbox 79 501 1286 756">
    <p class='ocr_par' dir='ltr' id='par_1_4' title="bbox 79 501 1286 756">
     <span class='ocr_line' id='line_1_5' title="bbox 135 501 1191 556; baseline -0.002 -13"><span class='ocrx_word' id='word_1_14' title='bbox 135 503 211 543; x_wconf 89' lang='lat' dir='ltr'><strong>Sic</strong></span> <span class='ocrx_word' id='word_1_15' title='bbox 228 502 357 552; x_wconf 85' lang='lat' dir='ltr'><strong>fatur,</strong></span> <span class='ocrx_word' id='word_1_16' title='bbox 377 502 557 556; x_wconf 91' lang='lat' dir='ltr'><strong>diroque</strong></span> <span class='ocrx_word' id='word_1_17' title='bbox 573 504 763 543; x_wconf 84' lang='lat' dir='ltr'><strong>animam</strong></span> <span class='ocrx_word' id='word_1_18' title='bbox 781 501 1045 555; x_wconf 86' lang='lat' dir='ltr'><strong>depascitur</strong></span> <span class='ocrx_word' id='word_1_19' title='bbox 1063 505 1191 550; x_wconf 81' lang='lat' dir='ltr'><strong>aestu,</strong></span> 
     </span>
     <span class='ocr_line' id='line_1_6' title="bbox 79 568 1259 623; baseline -0.002 -12"><span class='ocrx_word' id='word_1_20' title='bbox 79 569 181 611; x_wconf 87' lang='lat' dir='ltr'><strong>Has</strong></span> <span class='ocrx_word' id='word_1_21' title='bbox 202 573 356 620; x_wconf 77' lang='lat' dir='ltr'><strong>tamen,</strong></span> <span class='ocrx_word' id='word_1_22' title='bbox 377 570 458 611; x_wconf 87' lang='lat' dir='ltr'><strong>has</strong></span> <span class='ocrx_word' id='word_1_23' title='bbox 477 571 624 611; x_wconf 89' lang='lat' dir='ltr'><strong>cordis</strong></span> <span class='ocrx_word' id='word_1_24' title='bbox 646 583 788 623; x_wconf 85' lang='lat' dir='ltr'><strong>rugas,</strong></span> <span class='ocrx_word' id='word_1_25' title='bbox 809 570 907 610; x_wconf 85' lang='lat' dir='ltr'><strong>haec</strong></span> <span class='ocrx_word' id='word_1_26' title='bbox 929 568 1085 622; x_wconf 81' lang='lat' dir='ltr'><strong>praelia</strong></span> <span class='ocrx_word' id='word_1_27' title='bbox 1102 568 1259 609; x_wconf 86' lang='lat' dir='ltr'><strong>mentis</strong></span> 
     </span>
     <span class='ocr_line' id='line_1_7' title="bbox 80 635 1286 690; baseline -0.002 -13"><span class='ocrx_word' id='word_1_28' title='bbox 80 637 256 678; x_wconf 87' lang='lat' dir='ltr'><strong>Frontis</strong></span> <span class='ocrx_word' id='word_1_29' title='bbox 277 637 394 678; x_wconf 86' lang='lat' dir='ltr'><strong>oliva</strong></span> <span class='ocrx_word' id='word_1_30' title='bbox 413 638 584 679; x_wconf 87' lang='lat' dir='ltr'><strong>domat:</strong></span> <span class='ocrx_word' id='word_1_31' title='bbox 615 638 835 690; x_wconf 82' lang='lat' dir='ltr'><strong>faciesque</strong></span> <span class='ocrx_word' id='word_1_32' title='bbox 855 636 1012 677; x_wconf 86' lang='lat' dir='ltr'><strong>dolosa</strong></span> <span class='ocrx_word' id='word_1_33' title='bbox 1037 635 1286 688; x_wconf 85' lang='lat' dir='ltr'><strong>sophistam</strong></span> 
     </span>
     <span class='ocr_line' id='line_1_8' title="bbox 81 701 1258 756; baseline -0.003 -11"><span class='ocrx_word' id='word_1_34' title='bbox 81 703 309 744; x_wconf 88' lang='lat' dir='ltr'><strong>Mendicat</strong></span> <span class='ocrx_word' id='word_1_35' title='bbox 328 704 511 754; x_wconf 91' lang='lat' dir='ltr'><strong>vultum,</strong></span> <span class='ocrx_word' id='word_1_36' title='bbox 533 708 575 745; x_wconf 87' lang='lat' dir='ltr'><strong>et</strong></span> <span class='ocrx_word' id='word_1_37' title='bbox 593 703 783 744; x_wconf 89' lang='lat' dir='ltr'><strong>blandos</strong></span> <span class='ocrx_word' id='word_1_38' title='bbox 804 702 1053 756; x_wconf 86' lang='lat' dir='ltr'><strong>peregrinat</strong></span> <span class='ocrx_word' id='word_1_39' title='bbox 1071 701 1116 741; x_wconf 90' lang='lat' dir='ltr'><strong>in</strong></span> <span class='ocrx_word' id='word_1_40' title='bbox 1136 714 1258 742; x_wconf 90' lang='lat' dir='ltr'><strong>usus.</strong></span> 
     </span>
    </p>
   </div>
   <div class='ocr_carea' id='block_1_5' title="bbox 137 767 1258 890">
    <p class='ocr_par' dir='ltr' id='par_1_5' title="bbox 137 767 1258 890">
     <span class='ocr_line' id='line_1_9' title="bbox 137 767 1258 823; baseline -0.003 -12"><span class='ocrx_word' id='word_1_41' title='bbox 137 769 317 811; x_wconf 85' lang='lat' dir='ltr'><strong>Gaudia</strong></span> <span class='ocrx_word' id='word_1_42' title='bbox 338 771 480 823; x_wconf 90' lang='lat' dir='ltr'><strong>prima</strong></span> <span class='ocrx_word' id='word_1_43' title='bbox 500 770 676 818; x_wconf 90' lang='lat' dir='ltr'><strong>ducum,</strong></span> <span class='ocrx_word' id='word_1_44' title='bbox 698 769 870 810; x_wconf 85' lang='lat' dir='ltr'>solenni</span> <span class='ocrx_word' id='word_1_45' title='bbox 892 781 1044 809; x_wconf 88' lang='lat' dir='ltr'><strong>mensa</strong></span> <span class='ocrx_word' id='word_1_46' title='bbox 1065 767 1258 809; x_wconf 85' lang='lat' dir='ltr'><strong>tumultu</strong></span> 
     </span>
     <span class='ocr_line' id='line_1_10' title="bbox 334 835 1172 890; baseline -0.002 -13"><span class='ocrx_word' id='word_1_47' title='bbox 334 836 398 877; x_wconf 90' lang='lat' dir='ltr'><strong>At</strong></span> <span class='ocrx_word' id='word_1_48' title='bbox 420 836 524 878; x_wconf 86' lang='lat' dir='ltr'><strong>coeli</strong></span> <span class='ocrx_word' id='word_1_49' title='bbox 546 835 698 890; x_wconf 79' lang='lat' dir='ltr'><strong>praedo</strong></span> <span class='ocrx_word' id='word_1_50' title='bbox 719 839 931 888; x_wconf 86' lang='lat' dir='ltr'><strong>terraeque</strong></span> <span class='ocrx_word' id='word_1_51' title='bbox 952 835 1172 888; x_wconf 86' lang='lat' dir='ltr'><strong>marisque</strong></span> 
     </span>
    </p>
   </div>
   <div class='ocr_carea' id='block_1_6' title="bbox 78 837 276 891">
    <p class='ocr_par' dir='ltr' id='par_1_6' title="bbox 78 837 276 891">
     <span class='ocr_line' id='line_1_11' title="bbox 78 837 276 891; baseline -0.005 -13"><span class='ocrx_word' id='word_1_52' title='bbox 78 837 276 891; x_wconf 81' lang='lat' dir='ltr'>Excipit.</span> 
     </span>
    </p>
   </div>
   <div class='ocr_carea' id='block_1_7' title="bbox 1440 767 1526 808">
    <p class='ocr_par' dir='ltr' id='par_1_7' title="bbox 1440 767 1526 808">
     <span class='ocr_line' id='line_1_12' title="bbox 1440 767 1526 808; baseline 0 0"><span class='ocrx_word' id='word_1_53' title='bbox 1440 767 1526 808; x_wconf 77' lang='lat'><strong>240</strong></span> 
     </span>
    </p>
   </div>
   <div class='ocr_carea' id='block_1_8' title="bbox 78 902 1318 1091">
    <p class='ocr_par' dir='ltr' id='par_1_8' title="bbox 78 902 1318 1091">
     <span class='ocr_line' id='line_1_13' title="bbox 80 902 1092 956; baseline -0.003 -11"><span class='ocrx_word' id='word_1_54' title='bbox 80 904 290 945; x_wconf 82' lang='lat' dir='ltr'><strong>Ambitus</strong></span> <span class='ocrx_word' id='word_1_55' title='bbox 309 908 522 956; x_wconf 86' lang='lat' dir='ltr'><strong>acceptas</strong></span> <span class='ocrx_word' id='word_1_56' title='bbox 540 908 726 944; x_wconf 82' lang='lat' dir='ltr'><strong>venatur</strong></span> <span class='ocrx_word' id='word_1_57' title='bbox 746 902 922 954; x_wconf 86' lang='lat' dir='ltr'><strong>regibus</strong></span> <span class='ocrx_word' id='word_1_58' title='bbox 943 914 1092 942; x_wconf 84' lang='lat' dir='ltr'><strong>escas:</strong></span> 
     </span>
     <span class='ocr_line' id='line_1_14' title="bbox 78 969 1318 1025; baseline -0.003 -14"><span class='ocrx_word' id='word_1_59' title='bbox 78 971 108 1012; x_wconf 88' lang='lat' dir='ltr'><strong>J</strong></span> <span class='ocrx_word' id='word_1_60' title='bbox 113 984 197 1012; x_wconf 91' lang='lat' dir='ltr'><strong>uno</strong></span> <span class='ocrx_word' id='word_1_61' title='bbox 217 971 357 1025; x_wconf 86' lang='lat' dir='ltr'><strong>lyram</strong></span> <span class='ocrx_word' id='word_1_62' title='bbox 378 970 605 1012; x_wconf 85' lang='lat' dir='ltr'><strong>volucrum</strong></span> <span class='ocrx_word' id='word_1_63' title='bbox 624 971 903 1022; x_wconf 82' lang='lat' dir='ltr'><strong>languescere</strong></span> <span class='ocrx_word' id='word_1_64' title='bbox 926 969 1059 1010; x_wconf 88' lang='lat' dir='ltr'><strong>sentit</strong></span> <span class='ocrx_word' id='word_1_65' title='bbox 1079 982 1087 1007; x_wconf 92' lang='lat'><strong>:</strong></span> <span class='ocrx_word' id='word_1_66' title='bbox 1120 969 1318 1009; x_wconf 84' lang='lat' dir='ltr'><strong>alumnos</strong></span> 
     </span>
     <span class='ocr_line' id='line_1_15' title="bbox 79 1036 1216 1091; baseline -0.003 -12"><span class='ocrx_word' id='word_1_67' title='bbox 79 1039 290 1091; x_wconf 87' lang='lat' dir='ltr'><strong>AEquoris</strong></span> <span class='ocrx_word' id='word_1_68' title='bbox 311 1038 488 1090; x_wconf 83' lang='lat' dir='ltr'><strong>emungi</strong></span> <span class='ocrx_word' id='word_1_69' title='bbox 506 1037 669 1091; x_wconf 86' lang='lat' dir='ltr'><strong>Tethys</strong></span> <span class='ocrx_word' id='word_1_70' title='bbox 690 1036 836 1078; x_wconf 89' lang='lat' dir='ltr'><strong>dolet:</strong></span> <span class='ocrx_word' id='word_1_71' title='bbox 866 1048 1024 1090; x_wconf 83' lang='lat' dir='ltr'><strong>aspera</strong></span> <span class='ocrx_word' id='word_1_72' title='bbox 1045 1036 1216 1077; x_wconf 87' lang='lat' dir='ltr'><strong>Phoebe</strong></span> 
     </span>
    </p>
   </div>
   <div class='ocr_carea' id='block_1_9' title="bbox 82 1103 1012 1157">
    <p class='ocr_par' dir='ltr' id='par_1_9' title="bbox 82 1103 1012 1157">
     <span class='ocr_line' id='line_1_16' title="bbox 82 1103 1012 1157; baseline -0.003 -11"><span class='ocrx_word' id='word_1_73' title='bbox 82 1105 313 1157; x_wconf 84' lang='lat' dir='ltr'><strong>Indignata</strong></span> <span class='ocrx_word' id='word_1_74' title='bbox 334 1105 405 1145; x_wconf 89' lang='lat' dir='ltr'><strong>sui</strong></span> <span class='ocrx_word' id='word_1_75' title='bbox 420 1117 641 1145; x_wconf 87' lang='lat' dir='ltr'><strong>numerum</strong></span> <span class='ocrx_word' id='word_1_76' title='bbox 661 1115 878 1145; x_wconf 86' lang='lat' dir='ltr'><strong>rarescere</strong></span> <span class='ocrx_word' id='word_1_77' title='bbox 900 1103 1012 1144; x_wconf 87' lang='lat' dir='ltr'><strong>civis</strong></span> 
     </span>
    </p>
   </div>
   <div class='ocr_carea' id='block_1_10' title="bbox 77 1168 1322 1290">
    <p class='ocr_par' dir='ltr' id='par_1_10' title="bbox 77 1168 1322 1290">
     <span class='ocr_line' id='line_1_17' title="bbox 77 1168 1322 1223; baseline -0.003 -11"><span class='ocrx_word' id='word_1_78' title='bbox 77 1171 298 1221; x_wconf 86' lang='lat' dir='ltr'><strong>Excubat,</strong></span> <span class='ocrx_word' id='word_1_79' title='bbox 322 1172 586 1223; x_wconf 89' lang='lat' dir='ltr'><strong>ultoremque</strong></span> <span class='ocrx_word' id='word_1_80' title='bbox 604 1171 796 1211; x_wconf 86' lang='lat' dir='ltr'><strong>humeris</strong></span> <span class='ocrx_word' id='word_1_81' title='bbox 822 1168 1130 1210; x_wconf 87' lang='lat' dir='ltr'><strong>accommodat</strong></span> <span class='ocrx_word' id='word_1_82' title='bbox 1153 1180 1322 1217; x_wconf 87' lang='lat' dir='ltr'><strong>arcum,</strong></span> 
     </span>
     <span class='ocr_line' id='line_1_18' title="bbox 80 1236 1170 1290; baseline -0.004 -11"><span class='ocrx_word' id='word_1_83' title='bbox 80 1237 306 1279; x_wconf 81' lang='lat' dir='ltr'><strong>venantes</strong></span> <span class='ocrx_word' id='word_1_84' title='bbox 327 1241 488 1279; x_wconf 83' lang='lat' dir='ltr'><strong>venata</strong></span> <span class='ocrx_word' id='word_1_85' title='bbox 508 1238 644 1287; x_wconf 85' lang='lat' dir='ltr'><strong>viros,</strong></span> <span class='ocrx_word' id='word_1_86' title='bbox 666 1236 948 1290; x_wconf 77' lang='lat' dir='ltr'><strong>praedamque</strong></span> <span class='ocrx_word' id='word_1_87' title='bbox 969 1238 1170 1290; x_wconf 86' lang='lat' dir='ltr'><strong>petentes</strong></span> 
     </span>
    </p>
   </div>
   <div class='ocr_carea' id='block_1_11' title="bbox 727 1389 867 1422">
    <p class='ocr_par' dir='ltr' id='par_1_11' title="bbox 727 1389 867 1422">
     <span class='ocr_line' id='line_1_19' title="bbox 727 1389 867 1422; baseline -0.007 0"><span class='ocrx_word' id='word_1_88' title='bbox 727 1389 867 1422; x_wconf 86' lang='lat' dir='ltr'>NOTAE</span> 
     </span>
    </p>
   </div>
   <div class='ocr_carea' id='block_1_12' title="bbox 75 1462 774 2906">
    <p class='ocr_par' dir='ltr' id='par_1_12' title="bbox 75 1462 773 1603">
     <span class='ocr_line' id='line_1_20' title="bbox 120 1462 773 1503; baseline -0.003 -7"><span class='ocrx_word' id='word_1_89' title='bbox 120 1467 182 1496; x_wconf 78' lang='lat'><strong>237</strong></span> <span class='ocrx_word' id='word_1_90' title='bbox 209 1464 277 1495; x_wconf 84' lang='lat' dir='ltr'><strong>Has</strong></span> <span class='ocrx_word' id='word_1_91' title='bbox 304 1467 416 1501; x_wconf 76' lang='lat' dir='ltr'><strong>tamen,</strong></span> <span class='ocrx_word' id='word_1_92' title='bbox 447 1465 503 1495; x_wconf 81' lang='lat' dir='ltr'><strong>lms</strong></span> <span class='ocrx_word' id='word_1_93' title='bbox 530 1464 633 1495; x_wconf 72' lang='lat' dir='ltr'><strong>cordis</strong></span> <span class='ocrx_word' id='word_1_94' title='bbox 662 1462 773 1503; x_wconf 79' lang='lat' dir='ltr'><strong>rugas]</strong></span> 
     </span>
     <span class='ocr_line' id='line_1_21' title="bbox 79 1513 773 1554; baseline -0.004 -8"><span class='ocrx_word' id='word_1_95' title='bbox 79 1515 169 1546; x_wconf 86' lang='lat' dir='ltr'><strong>Vide</strong></span> <span class='ocrx_word' id='word_1_96' title='bbox 199 1524 234 1546; x_wconf 89' lang='lat' dir='ltr'><strong>v.</strong></span> <span class='ocrx_word' id='word_1_97' title='bbox 266 1517 316 1545; x_wconf 78' lang='lat'><strong>10.</strong></span> <span class='ocrx_word' id='word_1_98' title='bbox 347 1514 453 1554; x_wconf 85' lang='lat' dir='ltr'><strong>‘ruga</strong></span> <span class='ocrx_word' id='word_1_99' title='bbox 481 1513 634 1554; x_wconf 81' lang='lat' dir='ltr'><strong>leviore,&#39;</strong></span> <span class='ocrx_word' id='word_1_100' title='bbox 662 1520 697 1544; x_wconf 88' lang='lat' dir='ltr'><strong>et</strong></span> <span class='ocrx_word' id='word_1_101' title='bbox 722 1522 773 1543; x_wconf 81' lang='lat' dir='ltr'><strong>vl.</strong></span> 
     </span>
     <span class='ocr_line' id='line_1_22' title="bbox 75 1562 722 1603; baseline -0.006 -6"><span class='ocrx_word' id='word_1_102' title='bbox 75 1565 249 1597; x_wconf 83' lang='lat' dir='ltr'><strong>‘imbelles</strong></span> <span class='ocrx_word' id='word_1_103' title='bbox 266 1564 392 1595; x_wconf 85' lang='lat' dir='ltr'><strong>audent</strong></span> <span class='ocrx_word' id='word_1_104' title='bbox 404 1563 587 1595; x_wconf 85' lang='lat' dir='ltr'><strong>certamina</strong></span> <span class='ocrx_word' id='word_1_105' title='bbox 603 1562 722 1603; x_wconf 60' lang='lat' dir='ltr'><strong>rugae!</strong></span> 
     </span>
    </p>

    <p class='ocr_par' dir='ltr' id='par_1_13' title="bbox 75 1604 774 2547">
     <span class='ocr_line' id='line_1_23' title="bbox 118 1604 773 1654; baseline -0.003 -9"><span class='ocrx_word' id='word_1_106' title='bbox 118 1616 183 1645; x_wconf 80' lang='lat'><strong>238</strong></span> <span class='ocrx_word' id='word_1_107' title='bbox 200 1614 369 1654; x_wconf 69' lang='lat' dir='ltr'><strong>faciesque</strong></span> <span class='ocrx_word' id='word_1_108' title='bbox 379 1615 482 1644; x_wconf 80' lang='lat' dir='ltr'><strong>dolosa</strong></span> <span class='ocrx_word' id='word_1_109' title='bbox 496 1604 664 1654; x_wconf 63' lang='lat' dir='ltr'><strong>sophistam</strong></span> <span class='ocrx_word' id='word_1_110' title='bbox 682 1612 773 1643; x_wconf 86' lang='lat' dir='ltr'><strong>Men-</strong></span> 
     </span>
     <span class='ocr_line' id='line_1_24' title="bbox 75 1662 773 1704; baseline -0.006 -7"><span class='ocrx_word' id='word_1_111' title='bbox 75 1665 158 1697; x_wconf 79' lang='lat' dir='ltr'><strong>dicat</strong></span> <span class='ocrx_word' id='word_1_112' title='bbox 173 1664 307 1704; x_wconf 80' lang='lat' dir='ltr'><strong>vultum]</strong></span> <span class='ocrx_word' id='word_1_113' title='bbox 322 1664 455 1704; x_wconf 85' lang='lat' dir='ltr'><strong>Virgilii</strong></span> <span class='ocrx_word' id='word_1_114' title='bbox 475 1663 556 1694; x_wconf 89' lang='lat' dir='ltr'><strong>illud</strong></span> <span class='ocrx_word' id='word_1_115' title='bbox 573 1667 637 1702; x_wconf 87' lang='lat' dir='ltr'><strong>est,</strong></span> <span class='ocrx_word' id='word_1_116' title='bbox 652 1662 773 1702; x_wconf 80' lang='lat' dir='ltr'><strong>‘Spem</strong></span> 
     </span>
     <span class='ocr_line' id='line_1_25' title="bbox 78 1713 773 1749; baseline -0.004 -3"><span class='ocrx_word' id='word_1_117' title='bbox 78 1715 174 1746; x_wconf 93' lang='lat' dir='ltr'><strong>vultu</strong></span> <span class='ocrx_word' id='word_1_118' title='bbox 191 1713 349 1749; x_wconf 85' lang='lat' dir='ltr'><strong>simulat,’</strong></span> <span class='ocrx_word' id='word_1_119' title='bbox 366 1716 430 1745; x_wconf 83' lang='lat' dir='ltr'><strong>&amp;c.</strong></span> <span class='ocrx_word' id='word_1_120' title='bbox 472 1713 639 1748; x_wconf 88' lang='lat' dir='ltr'><strong>Pacuvio,</strong></span> <span class='ocrx_word' id='word_1_121' title='bbox 656 1714 665 1730; x_wconf 89' lang='lat'>‘</span> <span class='ocrx_word' id='word_1_122' title='bbox 681 1722 773 1743; x_wconf 87' lang='lat' dir='ltr'><strong>man-</strong></span> 
     </span>
     <span class='ocr_line' id='line_1_26' title="bbox 76 1762 773 1805; baseline -0.006 -9"><span class='ocrx_word' id='word_1_123' title='bbox 76 1763 237 1804; x_wconf 84' lang='lat' dir='ltr'><strong>ticulari,&#39;</strong></span> <span class='ocrx_word' id='word_1_124' title='bbox 252 1764 347 1805; x_wconf 85' lang='lat' dir='ltr'><strong>quasi</strong></span> <span class='ocrx_word' id='word_1_125' title='bbox 369 1763 520 1795; x_wconf 88' lang='lat' dir='ltr'><strong>obducta</strong></span> <span class='ocrx_word' id='word_1_126' title='bbox 541 1763 690 1794; x_wconf 83' lang='lat' dir='ltr'><strong>mantica</strong></span> <span class='ocrx_word' id='word_1_127' title='bbox 715 1762 773 1793; x_wconf 93' lang='lat' dir='ltr'><strong>do-</strong></span> 
     </span>
     <span class='ocr_line' id='line_1_27' title="bbox 78 1814 774 1856; baseline -0.004 -8"><span class='ocrx_word' id='word_1_128' title='bbox 78 1817 149 1848; x_wconf 87' lang='lat' dir='ltr'><strong>lose</strong></span> <span class='ocrx_word' id='word_1_129' title='bbox 179 1825 294 1856; x_wconf 85' lang='lat' dir='ltr'><strong>agere.</strong></span> <span class='ocrx_word' id='word_1_130' title='bbox 349 1816 478 1847; x_wconf 87' lang='lat' dir='ltr'><strong>Tertul.</strong></span> <span class='ocrx_word' id='word_1_131' title='bbox 510 1814 679 1846; x_wconf 88' lang='lat' dir='ltr'><strong>Proverb.</strong></span> <span class='ocrx_word' id='word_1_132' title='bbox 710 1819 774 1854; x_wconf 85' lang='lat' dir='ltr'><strong>est,</strong></span> 
     </span>
     <span class='ocr_line' id='line_1_28' title="bbox 78 1865 774 1906; baseline -0.001 -9"><span class='ocrx_word' id='word_1_133' title='bbox 78 1865 229 1897; x_wconf 80' lang='grc' dir='ltr'>πλάττειν</span> <span class='ocrx_word' id='word_1_134' title='bbox 256 1865 431 1906; x_wconf 82' lang='grc' dir='ltr'>πρόσωπον,</span> <span class='ocrx_word' id='word_1_135' title='bbox 456 1865 583 1896; x_wconf 89' lang='lat' dir='ltr'><strong>vultum</strong></span> <span class='ocrx_word' id='word_1_136' title='bbox 615 1874 711 1895; x_wconf 86' lang='lat' dir='ltr'><strong>suere</strong></span> <span class='ocrx_word' id='word_1_137' title='bbox 739 1869 774 1896; x_wconf 82' lang='lat' dir='ltr'><strong>et</strong></span> 
     </span>
     <span class='ocr_line' id='line_1_29' title="bbox 77 1913 774 1957; baseline -0.004 -10"><span class='ocrx_word' id='word_1_138' title='bbox 77 1926 292 1957; x_wconf 86' lang='lat' dir='ltr'><strong>componere.</strong></span> <span class='ocrx_word' id='word_1_139' title='bbox 316 1916 371 1947; x_wconf 86' lang='lat' dir='ltr'><strong>Ita</strong></span> <span class='ocrx_word' id='word_1_140' title='bbox 383 1914 571 1946; x_wconf 88' lang='lat' dir='ltr'><strong>Simonides</strong></span> <span class='ocrx_word' id='word_1_141' title='bbox 588 1915 683 1954; x_wconf 86' lang='lat' dir='ltr'><strong>Eleg.</strong></span> <span class='ocrx_word' id='word_1_142' title='bbox 699 1913 774 1954; x_wconf 76' lang='grc' dir='ltr'>πρὸς</span> 
     </span>
     <span class='ocr_line' id='line_1_30' title="bbox 78 1963 773 2006; baseline -0.001 -9"><span class='ocrx_word' id='word_1_143' title='bbox 78 1965 201 2003; x_wconf 78' lang='grc' dir='ltr'>ἀπάτην</span> <span class='ocrx_word' id='word_1_144' title='bbox 226 1965 313 2006; x_wconf 82' lang='grc' dir='ltr'>ὅρκος</span> <span class='ocrx_word' id='word_1_145' title='bbox 341 1964 495 2005; x_wconf 80' lang='grc' dir='ltr'>σοφιστὴς</span> <span class='ocrx_word' id='word_1_146' title='bbox 523 1963 696 2004; x_wconf 81' lang='grc' dir='ltr'>ἀξιόχρεως,</span> <span class='ocrx_word' id='word_1_147' title='bbox 735 1969 773 1996; x_wconf 87' lang='lat' dir='ltr'><strong>ut</strong></span> 
     </span>
     <span class='ocr_line' id='line_1_31' title="bbox 76 2014 772 2055; baseline -0.003 -8"><span class='ocrx_word' id='word_1_148' title='bbox 76 2016 160 2047; x_wconf 91' lang='lat' dir='ltr'><strong>illud</strong></span> <span class='ocrx_word' id='word_1_149' title='bbox 172 2016 330 2047; x_wconf 84' lang='lat' dir='ltr'><strong>Pacuvii:</strong></span> <span class='ocrx_word' id='word_1_150' title='bbox 348 2014 608 2055; x_wconf 80' lang='lat' dir='ltr'><strong>‘Jusjurandum</strong></span> <span class='ocrx_word' id='word_1_151' title='bbox 619 2019 670 2045; x_wconf 88' lang='lat' dir='ltr'><strong>est</strong></span> <span class='ocrx_word' id='word_1_152' title='bbox 680 2024 772 2045; x_wconf 84' lang='lat' dir='ltr'><strong>man-</strong></span> 
     </span>
     <span class='ocr_line' id='line_1_32' title="bbox 77 2066 771 2107; baseline -0.004 -10"><span class='ocrx_word' id='word_1_153' title='bbox 77 2066 150 2105; x_wconf 89' lang='lat' dir='ltr'><strong>tile,</strong></span> <span class='ocrx_word' id='word_1_154' title='bbox 162 2075 229 2107; x_wconf 89' lang='lat' dir='ltr'><strong>quo</strong></span> <span class='ocrx_word' id='word_1_155' title='bbox 241 2066 447 2107; x_wconf 86' lang='lat' dir='ltr'><strong>quotidianae</strong></span> <span class='ocrx_word' id='word_1_156' title='bbox 463 2074 560 2096; x_wconf 80' lang='lat' dir='ltr'><strong>noxae</strong></span> <span class='ocrx_word' id='word_1_157' title='bbox 572 2068 771 2104; x_wconf 79' lang='lat' dir='ltr'><strong>extergean-</strong></span> 
     </span>
     <span class='ocr_line' id='line_1_33' title="bbox 78 2114 772 2155; baseline 0.001 -10"><span class='ocrx_word' id='word_1_158' title='bbox 78 2120 134 2146; x_wconf 86' lang='lat' dir='ltr'><strong>tur</strong></span> <span class='ocrx_word' id='word_1_159' title='bbox 148 2115 170 2145; x_wconf 92' lang='lat'><strong>:&#39;</strong></span> <span class='ocrx_word' id='word_1_160' title='bbox 193 2115 260 2154; x_wconf 88' lang='lat' dir='ltr'><strong>vel,</strong></span> <span class='ocrx_word' id='word_1_161' title='bbox 275 2119 312 2146; x_wconf 92' lang='lat' dir='ltr'><strong>ut</strong></span> <span class='ocrx_word' id='word_1_162' title='bbox 335 2115 512 2153; x_wconf 86' lang='lat' dir='ltr'><strong>Laberius,</strong></span> <span class='ocrx_word' id='word_1_163' title='bbox 529 2116 538 2131; x_wconf 94' lang='lat'>‘</span> <span class='ocrx_word' id='word_1_164' title='bbox 551 2114 772 2155; x_wconf 83' lang='lat' dir='ltr'><strong>emplastrum</strong></span> 
     </span>
     <span class='ocr_line' id='line_1_34' title="bbox 79 2164 773 2203; baseline -0.003 -7"><span class='ocrx_word' id='word_1_165' title='bbox 79 2165 156 2196; x_wconf 83' lang='lat' dir='ltr'><strong>aeris</strong></span> <span class='ocrx_word' id='word_1_166' title='bbox 169 2164 295 2196; x_wconf 65' lang='lat' dir='ltr'><strong>alieni!</strong></span> <span class='ocrx_word' id='word_1_167' title='bbox 325 2164 773 2203; x_wconf 83' lang='lat' dir='ltr'><strong>VideScaliger.inFestum</strong></span> 
     </span>
     <span class='ocr_line' id='line_1_35' title="bbox 79 2212 773 2246; baseline 0.001 -2"><span class='ocrx_word' id='word_1_168' title='bbox 79 2216 133 2246; x_wconf 81' lang='lat'><strong>86.</strong></span> <span class='ocrx_word' id='word_1_169' title='bbox 157 2214 212 2245; x_wconf 86' lang='lat' dir='ltr'><strong>Ita</strong></span> <span class='ocrx_word' id='word_1_170' title='bbox 227 2212 440 2244; x_wconf 81' lang='grc' dir='ltr'>σαλακωνείαν</span> <span class='ocrx_word' id='word_1_171' title='bbox 455 2212 558 2244; x_wconf 84' lang='lat' dir='ltr'><strong>Arist.</strong></span> <span class='ocrx_word' id='word_1_172' title='bbox 569 2213 602 2244; x_wconf 91' lang='lat' dir='ltr'><strong>in</strong></span> <span class='ocrx_word' id='word_1_173' title='bbox 616 2213 773 2245; x_wconf 86' lang='lat' dir='ltr'><strong>Rhetori-</strong></span> 
     </span>
     <span class='ocr_line' id='line_1_36' title="bbox 78 2263 771 2300; baseline -0.003 -5"><span class='ocrx_word' id='word_1_174' title='bbox 78 2264 127 2295; x_wconf 84' lang='lat' dir='ltr'><strong>cis</strong></span> <span class='ocrx_word' id='word_1_175' title='bbox 158 2269 262 2295; x_wconf 90' lang='lat' dir='ltr'><strong>vocat</strong></span> <span class='ocrx_word' id='word_1_176' title='bbox 291 2265 438 2295; x_wconf 83' lang='lat' dir='ltr'><strong>soloecon</strong></span> <span class='ocrx_word' id='word_1_177' title='bbox 467 2263 611 2294; x_wconf 87' lang='lat' dir='ltr'><strong>hominis</strong></span> <span class='ocrx_word' id='word_1_178' title='bbox 644 2263 771 2300; x_wconf 81' lang='lat' dir='ltr'><strong>divitis,</strong></span> 
     </span>
     <span class='ocr_line' id='line_1_37' title="bbox 78 2312 772 2354; baseline -0.003 -9"><span class='ocrx_word' id='word_1_179' title='bbox 78 2313 287 2354; x_wconf 78' lang='grc' dir='ltr'>ἀπειροκάλως</span> <span class='ocrx_word' id='word_1_180' title='bbox 302 2322 385 2354; x_wconf 86' lang='lat' dir='ltr'><strong>opes</strong></span> <span class='ocrx_word' id='word_1_181' title='bbox 402 2312 616 2351; x_wconf 81' lang='lat' dir='ltr'><strong>ostentantis,</strong></span> <span class='ocrx_word' id='word_1_182' title='bbox 632 2312 681 2343; x_wconf 88' lang='lat' dir='ltr'><strong>ita</strong></span> <span class='ocrx_word' id='word_1_183' title='bbox 691 2312 772 2343; x_wconf 84' lang='lat' dir='ltr'><strong>Ter-</strong></span> 
     </span>
     <span class='ocr_line' id='line_1_38' title="bbox 79 2361 772 2396; baseline -0.006 0"><span class='ocrx_word' id='word_1_184' title='bbox 79 2366 220 2396; x_wconf 84' lang='lat' dir='ltr'><strong>tulliano</strong></span> <span class='ocrx_word' id='word_1_185' title='bbox 250 2363 424 2395; x_wconf 86' lang='lat' dir='ltr'><strong>Miltiades</strong></span> <span class='ocrx_word' id='word_1_186' title='bbox 464 2361 690 2393; x_wconf 83' lang='lat' dir='ltr'><strong>Ecclesiarum</strong></span> <span class='ocrx_word' id='word_1_187' title='bbox 718 2366 772 2393; x_wconf 85' lang='lat' dir='ltr'><strong>est</strong></span> 
     </span>
     <span class='ocr_line' id='line_1_39' title="bbox 78 2411 770 2456; baseline -0.007 -10"><span class='ocrx_word' id='word_1_188' title='bbox 78 2414 251 2456; x_wconf 89' lang='lat' dir='ltr'><strong>Sophista,</strong></span> <span class='ocrx_word' id='word_1_189' title='bbox 273 2414 330 2445; x_wconf 90' lang='lat' dir='ltr'><strong>lib.</strong></span> <span class='ocrx_word' id='word_1_190' title='bbox 353 2412 485 2444; x_wconf 84' lang='lat' dir='ltr'><strong>advers.</strong></span> <span class='ocrx_word' id='word_1_191' title='bbox 499 2411 770 2451; x_wconf 85' lang='lat' dir='ltr'><strong>Valentinianos,</strong></span> 
     </span>
     <span class='ocr_line' id='line_1_40' title="bbox 78 2462 771 2506; baseline -0.006 -10"><span class='ocrx_word' id='word_1_192' title='bbox 78 2468 111 2496; x_wconf 84' lang='lat'><strong>5.</strong></span> <span class='ocrx_word' id='word_1_193' title='bbox 135 2465 214 2506; x_wconf 86' lang='lat' dir='ltr'><strong>quia</strong></span> <span class='ocrx_word' id='word_1_194' title='bbox 237 2465 324 2505; x_wconf 90' lang='lat' dir='ltr'><strong>stylo</strong></span> <span class='ocrx_word' id='word_1_195' title='bbox 351 2462 551 2504; x_wconf 85' lang='lat' dir='ltr'><strong>elegantiori</strong></span> <span class='ocrx_word' id='word_1_196' title='bbox 575 2470 646 2493; x_wconf 87' lang='lat' dir='ltr'><strong>rem</strong></span> <span class='ocrx_word' id='word_1_197' title='bbox 675 2462 771 2503; x_wconf 80' lang='lat' dir='ltr'><strong>quasi</strong></span> 
     </span>
     <span class='ocr_line' id='line_1_41' title="bbox 76 2514 220 2547; baseline 0.007 -1"><span class='ocrx_word' id='word_1_198' title='bbox 76 2514 220 2547; x_wconf 84' lang='lat' dir='ltr'><strong>fucarat.</strong></span> 
     </span>
    </p>

    <p class='ocr_par' dir='ltr' id='par_1_14' title="bbox 77 2561 770 2656">
     <span class='ocr_line' id='line_1_42' title="bbox 119 2561 770 2605; baseline -0.005 -9"><span class='ocrx_word' id='word_1_199' title='bbox 119 2568 183 2596; x_wconf 82' lang='lat'><strong>239</strong></span> <span class='ocrx_word' id='word_1_200' title='bbox 198 2565 340 2596; x_wconf 74' lang='lat' dir='ltr'><strong>Blandus</strong></span> <span class='ocrx_word' id='word_1_201' title='bbox 345 2563 525 2605; x_wconf 77' lang='lat' dir='ltr'><strong>peregrinat</strong></span> <span class='ocrx_word' id='word_1_202' title='bbox 536 2563 570 2594; x_wconf 79' lang='lat' dir='ltr'><strong>in</strong></span> <span class='ocrx_word' id='word_1_203' title='bbox 581 2561 669 2603; x_wconf 84' lang='lat' dir='ltr'><strong>usus]</strong></span> <span class='ocrx_word' id='word_1_204' title='bbox 682 2561 770 2594; x_wconf 89' lang='lat' dir='ltr'><strong>Vide</strong></span> 
     </span>
     <span class='ocr_line' id='line_1_43' title="bbox 77 2617 248 2656; baseline -0.006 -9"><span class='ocrx_word' id='word_1_205' title='bbox 77 2624 181 2656; x_wconf 83' lang='lat' dir='ltr'><strong>supra</strong></span> <span class='ocrx_word' id='word_1_206' title='bbox 194 2617 248 2646; x_wconf 81' lang='lat'><strong>74.</strong></span> 
     </span>
    </p>

    <p class='ocr_par' dir='ltr' id='par_1_15' title="bbox 75 2661 770 2906">
     <span class='ocr_line' id='line_1_44' title="bbox 119 2661 769 2705; baseline -0.005 -9"><span class='ocrx_word' id='word_1_207' title='bbox 119 2667 182 2696; x_wconf 78' lang='lat'><strong>241</strong></span> <span class='ocrx_word' id='word_1_208' title='bbox 211 2664 289 2696; x_wconf 78' lang='lat' dir='ltr'><strong>Coeli</strong></span> <span class='ocrx_word' id='word_1_209' title='bbox 309 2665 416 2705; x_wconf 83' lang='lat' dir='ltr'><strong>proedo</strong></span> <span class='ocrx_word' id='word_1_210' title='bbox 439 2667 591 2704; x_wconf 76' lang='lat' dir='ltr'><strong>terraeque</strong></span> <span class='ocrx_word' id='word_1_211' title='bbox 616 2661 769 2703; x_wconf 83' lang='lat' dir='ltr'><strong>marisque</strong></span> 
     </span>
     <span class='ocr_line' id='line_1_45' title="bbox 79 2713 770 2756; baseline -0.004 -10"><span class='ocrx_word' id='word_1_212' title='bbox 79 2714 240 2755; x_wconf 82' lang='lat' dir='ltr'><strong>Ambitus]</strong></span> <span class='ocrx_word' id='word_1_213' title='bbox 269 2715 342 2746; x_wconf 89' lang='lat' dir='ltr'><strong>Lib.</strong></span> <span class='ocrx_word' id='word_1_214' title='bbox 372 2724 406 2746; x_wconf 83' lang='lat' dir='ltr'><strong>x.</strong></span> <span class='ocrx_word' id='word_1_215' title='bbox 430 2717 502 2746; x_wconf 89' lang='lat'>155.</span> <span class='ocrx_word' id='word_1_216' title='bbox 525 2713 637 2756; x_wconf 83' lang='lat' dir='ltr'><strong>‘quod</strong></span> <span class='ocrx_word' id='word_1_217' title='bbox 667 2718 770 2752; x_wconf 82' lang='lat' dir='ltr'><strong>terra,</strong></span> 
     </span>
     <span class='ocr_line' id='line_1_46' title="bbox 77 2764 767 2806; baseline -0.003 -11"><span class='ocrx_word' id='word_1_218' title='bbox 77 2765 167 2806; x_wconf 90' lang='lat' dir='ltr'><strong>quod</strong></span> <span class='ocrx_word' id='word_1_219' title='bbox 198 2764 267 2801; x_wconf 70' lang='lat' dir='ltr'><strong>aer,</strong></span> <span class='ocrx_word' id='word_1_220' title='bbox 295 2765 394 2798; x_wconf 82' lang='lat' dir='ltr'><strong>Quod</strong></span> <span class='ocrx_word' id='word_1_221' title='bbox 422 2765 574 2806; x_wconf 85' lang='lat' dir='ltr'><strong>pelagus,</strong></span> <span class='ocrx_word' id='word_1_222' title='bbox 604 2764 767 2804; x_wconf 87' lang='lat' dir='ltr'><strong>littusque</strong></span> 
     </span>
     <span class='ocr_line' id='line_1_47' title="bbox 75 2812 766 2856; baseline -0.003 -11"><span class='ocrx_word' id='word_1_223' title='bbox 75 2814 183 2854; x_wconf 85' lang='lat' dir='ltr'><strong>dedit,</strong></span> <span class='ocrx_word' id='word_1_224' title='bbox 207 2813 295 2856; x_wconf 92' lang='lat' dir='ltr'><strong>quod</strong></span> <span class='ocrx_word' id='word_1_225' title='bbox 324 2815 423 2845; x_wconf 85' lang='lat' dir='ltr'><strong>luxus</strong></span> <span class='ocrx_word' id='word_1_226' title='bbox 451 2814 541 2845; x_wconf 87' lang='lat' dir='ltr'><strong>inani</strong></span> <span class='ocrx_word' id='word_1_227' title='bbox 569 2812 766 2844; x_wconf 85' lang='lat' dir='ltr'><strong>Ambitione</strong></span> 
     </span>
     <span class='ocr_line' id='line_1_48' title="bbox 75 2861 762 2906; baseline -0.004 -11"><span class='ocrx_word' id='word_1_228' title='bbox 75 2864 190 2896; x_wconf 84' lang='lat' dir='ltr'><strong>furens</strong></span> <span class='ocrx_word' id='word_1_229' title='bbox 206 2869 277 2896; x_wconf 90' lang='lat' dir='ltr'><strong>toto</strong></span> <span class='ocrx_word' id='word_1_230' title='bbox 286 2864 444 2906; x_wconf 88' lang='lat' dir='ltr'><strong>quaesivit</strong></span> <span class='ocrx_word' id='word_1_231' title='bbox 455 2865 487 2895; x_wconf 89' lang='lat' dir='ltr'><strong>in</strong></span> <span class='ocrx_word' id='word_1_232' title='bbox 503 2862 609 2896; x_wconf 86' lang='lat' dir='ltr'><strong>orbe.’</strong></span> <span class='ocrx_word' id='word_1_233' title='bbox 633 2861 762 2894; x_wconf 89' lang='lat' dir='ltr'><strong>Eadem</strong></span> 
     </span>
    </p>
   </div>
   <div class='ocr_carea' id='block_1_13' title="bbox 162 2918 518 2959">
    <p class='ocr_par' dir='ltr' id='par_1_16' title="bbox 162 2918 518 2959">
     <span class='ocr_line' id='line_1_49' title="bbox 162 2918 518 2959; baseline -0.003 -10"><span class='ocrx_word' id='word_1_234' title='bbox 162 2918 319 2959; x_wconf 73' lang='lat' dir='ltr'><strong>Delplt.et</strong></span> <span class='ocrx_word' id='word_1_235' title='bbox 339 2918 414 2950; x_wconf 79' lang='lat' dir='ltr'><strong>Var.</strong></span> <span class='ocrx_word' id='word_1_236' title='bbox 434 2918 518 2949; x_wconf 84' lang='lat' dir='ltr'><strong>Clas.</strong></span> 
     </span>
    </p>
   </div>
   <div class='ocr_carea' id='block_1_14' title="bbox 672 2916 930 2955">
    <p class='ocr_par' dir='ltr' id='par_1_17' title="bbox 672 2916 930 2955">
     <span class='ocr_line' id='line_1_50' title="bbox 672 2916 930 2955; baseline 0 -8"><span class='ocrx_word' id='word_1_237' title='bbox 672 2916 761 2948; x_wconf 77' lang='lat' dir='ltr'><strong>Dice.</strong></span> <span class='ocrx_word' id='word_1_238' title='bbox 778 2916 865 2948; x_wconf 80' lang='lat' dir='ltr'><strong>Cret.</strong></span> <span class='ocrx_word' id='word_1_239' title='bbox 878 2917 930 2955; x_wconf 68' lang='grc' dir='ltr'><strong>ᾅτ.</strong></span> 
     </span>
    </p>
   </div>
   <div class='ocr_carea' id='block_1_15' title="bbox 819 1458 1526 2854">
    <p class='ocr_par' dir='ltr' id='par_1_18' title="bbox 825 1458 1526 2097">
     <span class='ocr_line' id='line_1_51' title="bbox 828 1458 1526 1493; baseline -0.003 0"><span class='ocrx_word' id='word_1_240' title='bbox 828 1462 982 1493; x_wconf 86' lang='lat' dir='ltr'><strong>Lucanus</strong></span> <span class='ocrx_word' id='word_1_241' title='bbox 1000 1470 1024 1492; x_wconf 90' lang='lat'><strong>1.</strong></span> <span class='ocrx_word' id='word_1_242' title='bbox 1043 1463 1115 1492; x_wconf 83' lang='grc'><strong>160.</strong></span> <span class='ocrx_word' id='word_1_243' title='bbox 1132 1462 1195 1491; x_wconf 80' lang='lat' dir='ltr'><strong>&amp;c.</strong></span> <span class='ocrx_word' id='word_1_244' title='bbox 1209 1459 1218 1476; x_wconf 87' lang='lat'>‘</span> <span class='ocrx_word' id='word_1_245' title='bbox 1230 1458 1370 1490; x_wconf 81' lang='lat' dir='ltr'><strong>Arbiter</strong></span> <span class='ocrx_word' id='word_1_246' title='bbox 1386 1458 1420 1490; x_wconf 91' lang='lat' dir='ltr'><strong>in</strong></span> <span class='ocrx_word' id='word_1_247' title='bbox 1437 1459 1526 1491; x_wconf 88' lang='lat' dir='ltr'><strong>bello</strong></span> 
     </span>
     <span class='ocr_line' id='line_1_52' title="bbox 827 1510 1526 1550; baseline -0.003 -8"><span class='ocrx_word' id='word_1_248' title='bbox 827 1511 939 1542; x_wconf 87' lang='lat' dir='ltr'><strong>civili.&#39;</strong></span> <span class='ocrx_word' id='word_1_249' title='bbox 961 1511 1084 1543; x_wconf 85' lang='lat' dir='ltr'><strong>Juveu.</strong></span> <span class='ocrx_word' id='word_1_250' title='bbox 1100 1511 1172 1541; x_wconf 90' lang='lat' dir='ltr'><strong>Sat.</strong></span> <span class='ocrx_word' id='word_1_251' title='bbox 1189 1519 1213 1541; x_wconf 87' lang='lat'><strong>1.</strong></span> <span class='ocrx_word' id='word_1_252' title='bbox 1229 1515 1237 1527; x_wconf 90' lang='lat'><em>‘</em></span> <span class='ocrx_word' id='word_1_253' title='bbox 1251 1514 1367 1550; x_wconf 83' lang='lat' dir='ltr'><strong>gustus</strong></span> <span class='ocrx_word' id='word_1_254' title='bbox 1379 1510 1526 1540; x_wconf 85' lang='lat' dir='ltr'><strong>elemen-</strong></span> 
     </span>
     <span class='ocr_line' id='line_1_53' title="bbox 828 1558 1526 1602; baseline -0.003 -10"><span class='ocrx_word' id='word_1_255' title='bbox 828 1566 863 1592; x_wconf 84' lang='lat' dir='ltr'><strong>ta</strong></span> <span class='ocrx_word' id='word_1_256' title='bbox 873 1570 935 1602; x_wconf 88' lang='lat' dir='ltr'><strong>per</strong></span> <span class='ocrx_word' id='word_1_257' title='bbox 946 1560 1056 1592; x_wconf 89' lang='lat' dir='ltr'><strong>omnia</strong></span> <span class='ocrx_word' id='word_1_258' title='bbox 1070 1558 1250 1600; x_wconf 84' lang='lat' dir='ltr'><strong>quaerunt.&#39;</strong></span> <span class='ocrx_word' id='word_1_259' title='bbox 1285 1558 1413 1590; x_wconf 86' lang='lat' dir='ltr'><strong>Eadem</strong></span> <span class='ocrx_word' id='word_1_260' title='bbox 1421 1559 1526 1590; x_wconf 87' lang='lat' dir='ltr'><strong>Sene-</strong></span> 
     </span>
     <span class='ocr_line' id='line_1_54' title="bbox 828 1609 1525 1649; baseline -0.003 -7"><span class='ocrx_word' id='word_1_261' title='bbox 828 1620 867 1642; x_wconf 87' lang='lat' dir='ltr'><strong>ca</strong></span> <span class='ocrx_word' id='word_1_262' title='bbox 877 1611 1013 1642; x_wconf 87' lang='lat' dir='ltr'><strong>Consol.</strong></span> <span class='ocrx_word' id='word_1_263' title='bbox 1026 1609 1068 1641; x_wconf 91' lang='lat' dir='ltr'><strong>ad</strong></span> <span class='ocrx_word' id='word_1_264' title='bbox 1080 1610 1251 1648; x_wconf 85' lang='lat' dir='ltr'><strong>Helviam,</strong></span> <span class='ocrx_word' id='word_1_265' title='bbox 1265 1618 1315 1640; x_wconf 81' lang='lat' dir='ltr'><strong>lx.</strong></span> <span class='ocrx_word' id='word_1_266' title='bbox 1325 1611 1401 1640; x_wconf 83' lang='grc'><strong>634.</strong></span> <span class='ocrx_word' id='word_1_267' title='bbox 1414 1613 1448 1640; x_wconf 87' lang='lat' dir='ltr'><strong>et</strong></span> <span class='ocrx_word' id='word_1_268' title='bbox 1460 1610 1525 1649; x_wconf 86' lang='lat' dir='ltr'><strong>Ep.</strong></span> 
     </span>
     <span class='ocr_line' id='line_1_55' title="bbox 827 1657 1525 1691; baseline 0 0"><span class='ocrx_word' id='word_1_269' title='bbox 827 1663 880 1691; x_wconf 88' lang='grc'><strong>90.</strong></span> <span class='ocrx_word' id='word_1_270' title='bbox 905 1660 1026 1691; x_wconf 82' lang='lat' dir='ltr'><strong>Manil.</strong></span> <span class='ocrx_word' id='word_1_271' title='bbox 1039 1669 1072 1690; x_wconf 89' lang='lat' dir='ltr'><strong>v.</strong></span> <span class='ocrx_word' id='word_1_272' title='bbox 1087 1662 1159 1690; x_wconf 87' lang='lat'>115.</span> <span class='ocrx_word' id='word_1_273' title='bbox 1172 1664 1207 1690; x_wconf 87' lang='lat' dir='ltr'><strong>et</strong></span> <span class='ocrx_word' id='word_1_274' title='bbox 1224 1661 1296 1690; x_wconf 84' lang='lat'><strong>120.</strong></span> <span class='ocrx_word' id='word_1_275' title='bbox 1311 1657 1413 1690; x_wconf 86' lang='lat' dir='ltr'><strong>Ovid.</strong></span> <span class='ocrx_word' id='word_1_276' title='bbox 1430 1659 1525 1691; x_wconf 86' lang='lat' dir='ltr'><strong>Fast.</strong></span> 
     </span>
     <span class='ocr_line' id='line_1_56' title="bbox 830 1708 1524 1748; baseline -0.004 -6"><span class='ocrx_word' id='word_1_277' title='bbox 830 1720 882 1742; x_wconf 87' lang='lat' dir='ltr'><strong>v1.</strong></span> <span class='ocrx_word' id='word_1_278' title='bbox 896 1712 970 1741; x_wconf 83' lang='lat'><strong>153.</strong></span> <span class='ocrx_word' id='word_1_279' title='bbox 1010 1710 1065 1740; x_wconf 88' lang='lat' dir='ltr'><strong>De</strong></span> <span class='ocrx_word' id='word_1_280' title='bbox 1081 1709 1213 1740; x_wconf 84' lang='lat' dir='ltr'><strong>luxuria</strong></span> <span class='ocrx_word' id='word_1_281' title='bbox 1241 1709 1301 1740; x_wconf 87' lang='lat' dir='ltr'><strong>tali</strong></span> <span class='ocrx_word' id='word_1_282' title='bbox 1328 1708 1524 1748; x_wconf 84' lang='lat' dir='ltr'><strong>Drepanius</strong></span> 
     </span>
     <span class='ocr_line' id='line_1_57' title="bbox 828 1757 1524 1799; baseline -0.006 -7"><span class='ocrx_word' id='word_1_283' title='bbox 828 1761 978 1792; x_wconf 82' lang='lat' dir='ltr'><strong>Pacatus</strong></span> <span class='ocrx_word' id='word_1_284' title='bbox 992 1759 1025 1790; x_wconf 91' lang='lat' dir='ltr'><strong>in</strong></span> <span class='ocrx_word' id='word_1_285' title='bbox 1050 1758 1276 1799; x_wconf 80' lang='lat' dir='ltr'><strong>Panegyrico,</strong></span> <span class='ocrx_word' id='word_1_286' title='bbox 1321 1759 1373 1789; x_wconf 85' lang='lat' dir='ltr'><strong>De</strong></span> <span class='ocrx_word' id='word_1_287' title='bbox 1393 1757 1524 1789; x_wconf 88' lang='lat' dir='ltr'><strong>Psitta-</strong></span> 
     </span>
     <span class='ocr_line' id='line_1_58' title="bbox 827 1809 1524 1851; baseline -0.004 -9"><span class='ocrx_word' id='word_1_288' title='bbox 827 1821 944 1842; x_wconf 88' lang='lat' dir='ltr'><strong>corum</strong></span> <span class='ocrx_word' id='word_1_289' title='bbox 971 1810 1092 1851; x_wconf 84' lang='lat' dir='ltr'><strong>linguis</strong></span> <span class='ocrx_word' id='word_1_290' title='bbox 1109 1819 1230 1849; x_wconf 77' lang='lat' dir='ltr'><strong>niagno</strong></span> <span class='ocrx_word' id='word_1_291' title='bbox 1254 1809 1335 1839; x_wconf 88' lang='lat' dir='ltr'><strong>luxu</strong></span> <span class='ocrx_word' id='word_1_292' title='bbox 1352 1809 1524 1849; x_wconf 85' lang='lat' dir='ltr'><strong>comestis,</strong></span> 
     </span>
     <span class='ocr_line' id='line_1_59' title="bbox 827 1857 1525 1901; baseline -0.007 -8"><span class='ocrx_word' id='word_1_293' title='bbox 827 1861 905 1893; x_wconf 87' lang='lat' dir='ltr'><strong>vide</strong></span> <span class='ocrx_word' id='word_1_294' title='bbox 922 1862 1055 1901; x_wconf 85' lang='lat' dir='ltr'><strong>insigne</strong></span> <span class='ocrx_word' id='word_1_295' title='bbox 1072 1860 1266 1900; x_wconf 88' lang='lat' dir='ltr'><strong>exemplum</strong></span> <span class='ocrx_word' id='word_1_296' title='bbox 1290 1857 1379 1899; x_wconf 90' lang='lat' dir='ltr'><strong>apud</strong></span> <span class='ocrx_word' id='word_1_297' title='bbox 1398 1857 1525 1889; x_wconf 89' lang='lat' dir='ltr'><strong>Hadri-</strong></span> 
     </span>
     <span class='ocr_line' id='line_1_60' title="bbox 826 1908 1523 1943; baseline -0.004 -2"><span class='ocrx_word' id='word_1_298' title='bbox 826 1921 925 1942; x_wconf 84' lang='lat' dir='ltr'><strong>anum</strong></span> <span class='ocrx_word' id='word_1_299' title='bbox 941 1911 1080 1943; x_wconf 73' lang='lat' dir='ltr'><strong>sunium</strong></span> <span class='ocrx_word' id='word_1_300' title='bbox 1099 1909 1279 1941; x_wconf 83' lang='lat' dir='ltr'><strong>Animadv.</strong></span> <span class='ocrx_word' id='word_1_301' title='bbox 1295 1918 1347 1939; x_wconf 92' lang='lat' dir='ltr'><strong>1v.</strong></span> <span class='ocrx_word' id='word_1_302' title='bbox 1365 1911 1396 1939; x_wconf 89' lang='grc'><strong>8.</strong></span> <span class='ocrx_word' id='word_1_303' title='bbox 1435 1908 1523 1939; x_wconf 89' lang='lat' dir='ltr'><strong>Con-</strong></span> 
     </span>
     <span class='ocr_line' id='line_1_61' title="bbox 827 1960 1524 2002; baseline -0.004 -7"><span class='ocrx_word' id='word_1_304' title='bbox 827 1969 878 1995; x_wconf 88' lang='lat' dir='ltr'><strong>tra</strong></span> <span class='ocrx_word' id='word_1_305' title='bbox 906 1964 980 1994; x_wconf 85' lang='lat' dir='ltr'><strong>illos</strong></span> <span class='ocrx_word' id='word_1_306' title='bbox 1008 1961 1259 2002; x_wconf 69' lang='grc' dir='ltr'>Ὑαστριμάργους</span> <span class='ocrx_word' id='word_1_307' title='bbox 1285 1960 1399 1991; x_wconf 85' lang='lat' dir='ltr'><strong>divine</strong></span> <span class='ocrx_word' id='word_1_308' title='bbox 1437 1960 1524 1992; x_wconf 84' lang='lat' dir='ltr'><strong>dixit</strong></span> 
     </span>
     <span class='ocr_line' id='line_1_62' title="bbox 827 2010 1521 2054; baseline -0.004 -9"><span class='ocrx_word' id='word_1_309' title='bbox 827 2014 1001 2054; x_wconf 69' lang='lat' dir='ltr'><strong>Chi-ysost.</strong></span> <span class='ocrx_word' id='word_1_310' title='bbox 1017 2013 1117 2045; x_wconf 88' lang='lat' dir='ltr'><strong>Orat.</strong></span> <span class='ocrx_word' id='word_1_311' title='bbox 1133 2015 1165 2044; x_wconf 88' lang='grc'><strong>6.</strong></span> <span class='ocrx_word' id='word_1_312' title='bbox 1191 2012 1234 2043; x_wconf 92' lang='lat' dir='ltr'><strong>de</strong></span> <span class='ocrx_word' id='word_1_313' title='bbox 1250 2010 1322 2043; x_wconf 87' lang='lat' dir='ltr'><strong>fato</strong></span> <span class='ocrx_word' id='word_1_314' title='bbox 1338 2015 1372 2042; x_wconf 91' lang='lat' dir='ltr'><strong>et</strong></span> <span class='ocrx_word' id='word_1_315' title='bbox 1389 2011 1521 2052; x_wconf 85' lang='lat' dir='ltr'><strong>provid.</strong></span> 
     </span>
     <span class='ocr_line' id='line_1_63' title="bbox 825 2067 900 2097; baseline -0.04 0"><span class='ocrx_word' id='word_1_316' title='bbox 825 2067 900 2097; x_wconf 83' lang='lat'><strong>838.</strong></span> 
     </span>
    </p>

    <p class='ocr_par' dir='ltr' id='par_1_19' title="bbox 821 2111 1523 2702">
     <span class='ocr_line' id='line_1_64' title="bbox 868 2111 1523 2154; baseline -0.005 -9"><span class='ocrx_word' id='word_1_317' title='bbox 868 2116 930 2146; x_wconf 73' lang='lat'><strong>243</strong></span> <span class='ocrx_word' id='word_1_318' title='bbox 941 2114 966 2144; x_wconf 87' lang='lat' dir='ltr'><em>J</em></span> <span class='ocrx_word' id='word_1_319' title='bbox 968 2123 1026 2144; x_wconf 82' lang='lat' dir='ltr'><strong>uno</strong></span> <span class='ocrx_word' id='word_1_320' title='bbox 1037 2115 1138 2154; x_wconf 78' lang='lat' dir='ltr'><strong>lyram</strong></span> <span class='ocrx_word' id='word_1_321' title='bbox 1148 2112 1320 2152; x_wconf 77' lang='lat' dir='ltr'><strong>volucrum]</strong></span> <span class='ocrx_word' id='word_1_322' title='bbox 1331 2111 1352 2144; x_wconf 91' lang='lat' dir='ltr'>J</span> <span class='ocrx_word' id='word_1_323' title='bbox 1356 2121 1420 2142; x_wconf 91' lang='lat' dir='ltr'><strong>uno</strong></span> <span class='ocrx_word' id='word_1_324' title='bbox 1432 2111 1523 2143; x_wconf 89' lang='lat' dir='ltr'><strong>enim</strong></span> 
     </span>
     <span class='ocr_line' id='line_1_65' title="bbox 825 2163 1521 2206; baseline -0.004 -10"><span class='ocrx_word' id='word_1_325' title='bbox 825 2170 879 2197; x_wconf 84' lang='lat' dir='ltr'><strong>est</strong></span> <span class='ocrx_word' id='word_1_326' title='bbox 894 2165 966 2204; x_wconf 52' lang='lat' dir='ltr'><strong>abr,</strong></span> <span class='ocrx_word' id='word_1_327' title='bbox 991 2175 1058 2206; x_wconf 88' lang='lat' dir='ltr'><strong>qua</strong></span> <span class='ocrx_word' id='word_1_328' title='bbox 1080 2165 1123 2196; x_wconf 90' lang='lat' dir='ltr'><strong>de</strong></span> <span class='ocrx_word' id='word_1_329' title='bbox 1139 2174 1175 2195; x_wconf 91' lang='lat' dir='ltr'><strong>re</strong></span> <span class='ocrx_word' id='word_1_330' title='bbox 1193 2164 1270 2195; x_wconf 89' lang='lat' dir='ltr'><strong>vide</strong></span> <span class='ocrx_word' id='word_1_331' title='bbox 1289 2163 1465 2203; x_wconf 86' lang='lat' dir='ltr'><strong>Orpheum</strong></span> <span class='ocrx_word' id='word_1_332' title='bbox 1487 2163 1521 2193; x_wconf 90' lang='lat' dir='ltr'><strong>in</strong></span> 
     </span>
     <span class='ocr_line' id='line_1_66' title="bbox 825 2212 1522 2256; baseline -0.004 -10"><span class='ocrx_word' id='word_1_333' title='bbox 825 2215 962 2256; x_wconf 85' lang='lat' dir='ltr'><strong>Hymno</strong></span> <span class='ocrx_word' id='word_1_334' title='bbox 986 2215 1141 2254; x_wconf 85' lang='lat' dir='ltr'><strong>Junonis,</strong></span> <span class='ocrx_word' id='word_1_335' title='bbox 1163 2223 1262 2255; x_wconf 88' lang='lat' dir='ltr'><strong>quem</strong></span> <span class='ocrx_word' id='word_1_336' title='bbox 1285 2213 1442 2245; x_wconf 88' lang='lat' dir='ltr'><strong>Latinum</strong></span> <span class='ocrx_word' id='word_1_337' title='bbox 1468 2212 1522 2252; x_wconf 82' lang='grc' dir='ltr'><strong>ἆρ-</strong></span> 
     </span>
     <span class='ocr_line' id='line_1_67' title="bbox 825 2261 1522 2303; baseline -0.003 -9"><span class='ocrx_word' id='word_1_338' title='bbox 825 2263 981 2303; x_wconf 76' lang='grc' dir='ltr'>χαΐζοντσι</span> <span class='ocrx_word' id='word_1_339' title='bbox 1002 2263 1107 2294; x_wconf 86' lang='lat' dir='ltr'><strong>habes</strong></span> <span class='ocrx_word' id='word_1_340' title='bbox 1136 2263 1302 2294; x_wconf 86' lang='lat' dir='ltr'><strong>beneficio</strong></span> <span class='ocrx_word' id='word_1_341' title='bbox 1321 2262 1432 2302; x_wconf 85' lang='lat' dir='ltr'><strong>magni</strong></span> <span class='ocrx_word' id='word_1_342' title='bbox 1447 2261 1522 2293; x_wconf 87' lang='lat' dir='ltr'><strong>Jos.</strong></span> 
     </span>
     <span class='ocr_line' id='line_1_68' title="bbox 824 2311 1520 2354; baseline -0.004 -10"><span class='ocrx_word' id='word_1_343' title='bbox 824 2314 986 2354; x_wconf 86' lang='lat' dir='ltr'><strong>Scaliger.</strong></span> <span class='ocrx_word' id='word_1_344' title='bbox 1022 2313 1113 2346; x_wconf 88' lang='lat' dir='ltr'><strong>Juno</strong></span> <span class='ocrx_word' id='word_1_345' title='bbox 1127 2313 1238 2353; x_wconf 86' lang='lat' dir='ltr'><strong>posita</strong></span> <span class='ocrx_word' id='word_1_346' title='bbox 1253 2312 1350 2343; x_wconf 78' lang='lat' dir='ltr'><strong>estin</strong></span> <span class='ocrx_word' id='word_1_347' title='bbox 1365 2311 1520 2342; x_wconf 88' lang='lat' dir='ltr'><strong>similitu-</strong></span> 
     </span>
     <span class='ocr_line' id='line_1_69' title="bbox 825 2361 1520 2394; baseline -0.004 -1"><span class='ocrx_word' id='word_1_348' title='bbox 825 2363 937 2393; x_wconf 83' lang='lat' dir='ltr'><strong>dinem</strong></span> <span class='ocrx_word' id='word_1_349' title='bbox 951 2362 1048 2394; x_wconf 72' lang='lat' dir='ltr'><strong>aeris.</strong></span> <span class='ocrx_word' id='word_1_350' title='bbox 1071 2362 1231 2393; x_wconf 84' lang='lat' dir='ltr'><strong>Albricus</strong></span> <span class='ocrx_word' id='word_1_351' title='bbox 1247 2361 1304 2391; x_wconf 88' lang='lat' dir='ltr'><strong>lib.</strong></span> <span class='ocrx_word' id='word_1_352' title='bbox 1314 2361 1355 2391; x_wconf 88' lang='lat' dir='ltr'><strong>de</strong></span> <span class='ocrx_word' id='word_1_353' title='bbox 1368 2361 1520 2392; x_wconf 87' lang='lat' dir='ltr'><strong>Deorum</strong></span> 
     </span>
     <span class='ocr_line' id='line_1_70' title="bbox 825 2410 1518 2453; baseline -0.004 -10"><span class='ocrx_word' id='word_1_354' title='bbox 825 2411 1042 2453; x_wconf 83' lang='lat' dir='ltr'><strong>imaginibus,</strong></span> <span class='ocrx_word' id='word_1_355' title='bbox 1085 2411 1307 2443; x_wconf 89' lang='lat' dir='ltr'><strong>Germanicus</strong></span> <span class='ocrx_word' id='word_1_356' title='bbox 1337 2410 1455 2441; x_wconf 83' lang='lat' dir='ltr'><strong>Caesar</strong></span> <span class='ocrx_word' id='word_1_357' title='bbox 1484 2410 1518 2441; x_wconf 92' lang='lat' dir='ltr'><strong>in</strong></span> 
     </span>
     <span class='ocr_line' id='line_1_71' title="bbox 825 2460 1519 2501; baseline -0.001 -8"><span class='ocrx_word' id='word_1_358' title='bbox 825 2462 1002 2494; x_wconf 87' lang='lat' dir='ltr'><strong>Phaenom.</strong></span> <span class='ocrx_word' id='word_1_359' title='bbox 1032 2461 1130 2493; x_wconf 84' lang='lat' dir='ltr'><strong>Arati</strong></span> <span class='ocrx_word' id='word_1_360' title='bbox 1156 2461 1216 2501; x_wconf 87' lang='lat' dir='ltr'><strong>ait,</strong></span> <span class='ocrx_word' id='word_1_361' title='bbox 1241 2461 1361 2493; x_wconf 87' lang='lat' dir='ltr'><strong>Jovem</strong></span> <span class='ocrx_word' id='word_1_362' title='bbox 1390 2460 1519 2492; x_wconf 87' lang='lat' dir='ltr'><strong>dictum</strong></span> 
     </span>
     <span class='ocr_line' id='line_1_72' title="bbox 825 2511 1519 2553; baseline -0.004 -9"><span class='ocrx_word' id='word_1_363' title='bbox 825 2513 968 2552; x_wconf 88' lang='lat' dir='ltr'><strong>coelum;</strong></span> <span class='ocrx_word' id='word_1_364' title='bbox 996 2513 1119 2553; x_wconf 90' lang='lat' dir='ltr'><strong>Lyram</strong></span> <span class='ocrx_word' id='word_1_365' title='bbox 1135 2521 1213 2543; x_wconf 83' lang='lat' dir='ltr'><strong>vero</strong></span> <span class='ocrx_word' id='word_1_366' title='bbox 1227 2512 1400 2543; x_wconf 87' lang='lat' dir='ltr'><strong>volucrum</strong></span> <span class='ocrx_word' id='word_1_367' title='bbox 1417 2511 1519 2551; x_wconf 87' lang='lat' dir='ltr'><strong>dixit,</strong></span> 
     </span>
     <span class='ocr_line' id='line_1_73' title="bbox 823 2560 1520 2604; baseline -0.003 -10"><span class='ocrx_word' id='word_1_368' title='bbox 823 2567 862 2594; x_wconf 91' lang='lat' dir='ltr'><strong>ut</strong></span> <span class='ocrx_word' id='word_1_369' title='bbox 887 2563 1061 2604; x_wconf 78' lang='lat' dir='ltr'><strong>Chrysost.</strong></span> <span class='ocrx_word' id='word_1_370' title='bbox 1091 2562 1206 2601; x_wconf 77' lang='grc' dir='ltr'>ᾠδικῶν</span> <span class='ocrx_word' id='word_1_371' title='bbox 1236 2560 1355 2602; x_wconf 78' lang='grc' dir='ltr'>ὀρνίθων</span> <span class='ocrx_word' id='word_1_372' title='bbox 1381 2561 1398 2591; x_wconf 86' lang='grc' dir='ltr'><strong><em>ὁ</em></strong></span> <span class='ocrx_word' id='word_1_373' title='bbox 1424 2560 1520 2601; x_wconf 73' lang='grc' dir='ltr'>χορὸς</span> 
     </span>
     <span class='ocr_line' id='line_1_74' title="bbox 821 2610 1516 2653; baseline -0.001 -9"><span class='ocrx_word' id='word_1_374' title='bbox 821 2613 969 2652; x_wconf 85' lang='grc' dir='ltr'>μουσικῆς</span> <span class='ocrx_word' id='word_1_375' title='bbox 982 2613 1039 2643; x_wconf 83' lang='grc' dir='ltr'><strong>τὸν</strong></span> <span class='ocrx_word' id='word_1_376' title='bbox 1047 2611 1120 2653; x_wconf 79' lang='grc' dir='ltr'>ἀέρα</span> <span class='ocrx_word' id='word_1_377' title='bbox 1131 2610 1232 2642; x_wconf 78' lang='grc' dir='ltr'>πάντα</span> <span class='ocrx_word' id='word_1_378' title='bbox 1247 2610 1391 2652; x_wconf 80' lang='grc' dir='ltr'><strong>ἐπλήρου.</strong></span> <span class='ocrx_word' id='word_1_379' title='bbox 1417 2611 1516 2643; x_wconf 82' lang='lat' dir='ltr'><strong>Orat.</strong></span> 
     </span>
     <span class='ocr_line' id='line_1_75' title="bbox 822 2662 1240 2702; baseline 0 -8"><span class='ocrx_word' id='word_1_380' title='bbox 822 2668 941 2694; x_wconf 86' lang='lat' dir='ltr'><strong>contra</strong></span> <span class='ocrx_word' id='word_1_381' title='bbox 957 2662 1148 2702; x_wconf 83' lang='lat' dir='ltr'><strong>Anomaeos,</strong></span> <span class='ocrx_word' id='word_1_382' title='bbox 1163 2665 1240 2695; x_wconf 88' lang='grc'><strong>789.</strong></span> 
     </span>
    </p>

    <p class='ocr_par' dir='ltr' id='par_1_20' title="bbox 819 2710 1517 2854">
     <span class='ocr_line' id='line_1_76' title="bbox 863 2710 1517 2752; baseline -0.002 -9"><span class='ocrx_word' id='word_1_383' title='bbox 863 2714 926 2743; x_wconf 82' lang='grc'><strong>247</strong></span> <span class='ocrx_word' id='word_1_384' title='bbox 949 2712 1104 2743; x_wconf 80' lang='lat' dir='ltr'><strong>Venuntes</strong></span> <span class='ocrx_word' id='word_1_385' title='bbox 1114 2714 1226 2743; x_wconf 78' lang='lat' dir='ltr'><strong>venata</strong></span> <span class='ocrx_word' id='word_1_386' title='bbox 1241 2710 1341 2752; x_wconf 74' lang='lat' dir='ltr'><strong>viros]</strong></span> <span class='ocrx_word' id='word_1_387' title='bbox 1359 2710 1460 2743; x_wconf 89' lang='lat' dir='ltr'><strong>Ovid.</strong></span> <span class='ocrx_word' id='word_1_388' title='bbox 1475 2719 1517 2742; x_wconf 84' lang='grc' dir='ltr'><strong>ιῐ.</strong></span> 
     </span>
     <span class='ocr_line' id='line_1_77' title="bbox 821 2762 1516 2804; baseline 0 -11"><span class='ocrx_word' id='word_1_389' title='bbox 821 2762 964 2794; x_wconf 88' lang='lat' dir='ltr'><strong>Metam.</strong></span> <span class='ocrx_word' id='word_1_390' title='bbox 996 2762 1251 2804; x_wconf 86' lang='lat' dir='ltr'><strong>‘Venatrixque</strong></span> <span class='ocrx_word' id='word_1_391' title='bbox 1275 2767 1368 2794; x_wconf 87' lang='lat' dir='ltr'><strong>metu</strong></span> <span class='ocrx_word' id='word_1_392' title='bbox 1390 2771 1516 2794; x_wconf 87' lang='lat' dir='ltr'><strong>venan-</strong></span> 
     </span>
     <span class='ocr_line' id='line_1_78' title="bbox 819 2811 1152 2854; baseline 0.003 -10"><span class='ocrx_word' id='word_1_393' title='bbox 819 2815 892 2844; x_wconf 90' lang='lat' dir='ltr'><strong>tum</strong></span> <span class='ocrx_word' id='word_1_394' title='bbox 906 2812 1026 2845; x_wconf 87' lang='lat' dir='ltr'><strong>territa</strong></span> <span class='ocrx_word' id='word_1_395' title='bbox 1041 2811 1152 2854; x_wconf 87' lang='lat' dir='ltr'><strong>fugit.&#39;</strong></span> 
     </span>
    </p>
   </div>
   <div class='ocr_carea' id='block_1_16' title="bbox 1355 2915 1428 2946">
    <p class='ocr_par' dir='ltr' id='par_1_21' title="bbox 1355 2915 1428 2946">
     <span class='ocr_line' id='line_1_79' title="bbox 1355 2915 1428 2946; baseline 0 0"><span class='ocrx_word' id='word_1_396' title='bbox 1355 2915 1428 2946; x_wconf 79' lang='lat'><strong>213</strong></span> 
     </span>
    </p>
   </div>
  </div>
 </body>
</html>
