1889 3194
350 302 436 347 626

344 406 467 439 Florus
484 415 509 438 1.
524 406 558 438 in
574 416 715 447 prooem.
744 406 754 423 ‘
771 406 860 438 Nam
877 410 929 437 tot
944 403 1039 436 labo-

343 457 438 489 ribus
453 457 840 498 periculisquejactatus
857 455 930 486 est.’

386 506 657 547 Deprecabarztur]
683 506 759 536 Hoc
773 510 838 543 est,
856 504 951 535 valde
965 512 1040 544 pre-

344 556 520 588 cabantur.
537 556 628 587 Gell.
645 556 748 587 Noct.
764 554 839 586 Att.
855 554 913 585 lib.
931 563 982 585 Vl.
998 553 1040 583 de

342 616 446 638 versu
475 606 620 648 quodam
655 605 803 636 Catulli:
839 608 847 622 ⁴
865 605 1041 644 Deprecor

341 657 408 688 hoc
425 657 458 687 in
474 657 548 687 loco
565 655 615 686 vir
629 655 733 686 bonus
750 654 799 684 ita
814 653 942 684 dictum
966 663 1040 684 esse

341 707 497 747 putabat,
519 711 557 737 ut
581 706 779 746 plerumque
804 713 823 734 a
846 704 942 743 vulgo
960 703 1041 735 uici-

342 762 412 796 tur,
433 757 521 798 quod
538 754 708 795 significat
735 753 831 784 valde
853 762 985 792 precor,
1006 757 1041 784 et

343 816 417 847 oro,
430 811 465 837 et
479 806 647 846 supplico,
657 805 690 834 in
703 813 767 844 quo
779 803 788 819 ‘
800 803 843 833 de
853 801 860 814 ’
879 812 947 843 prae
955 802 1040 842 posi-

341 857 393 888 tio
405 857 447 888 ad
465 855 655 895 augendum
674 859 710 885 et
732 853 967 884 cumulandum
985 862 1040 883 va-

342 906 417 938 let.'
437 906 564 938 Justin.
580 907 686 935 Vll-6.
701 905 710 921 ‘
723 902 817 934 Adeo
830 906 866 933 ut
879 902 1039 942 interjec-

344 956 389 987 tis
402 956 518 986 diebus
536 964 654 995 pacem
666 953 927 994 deprecantibus
937 952 1040 983 dede-

343 1005 427 1037 rit:’
451 1010 486 1036 et
506 1014 570 1036 xri.
596 1014 671 1044 cap.
686 1007 719 1035 2.
744 1004 753 1021 ‘
772 1002 898 1034 auxilia
921 1001 1040 1033 adver-

343 1067 399 1088 sus
417 1057 571 1087 Bruttios
590 1052 875 1095 deprecantibus!

387 1107 443 1137 Ex
454 1115 578 1137 numero
589 1104 728 1143 nuvium]
744 1103 818 1134 Hoc
833 1107 899 1140 est,
911 1111 972 1142 pro
982 1112 1041 1133 nu-

342 1165 436 1187 mero
452 1157 597 1186 navium.
640 1154 696 1185 Ita
714 1153 848 1184 Sallust.
862 1150 933 1183 fere
949 1152 1040 1182 iocu-

343 1210 400 1237 tus
418 1206 494 1237 Cat.
509 1208 562 1236 26.
575 1206 584 1222 ‘
602 1213 742 1244 sperans
759 1202 858 1233 facile
876 1212 911 1233 se
927 1212 970 1233 ex
987 1212 1041 1233 vo-

342 1256 473 1287 luntate
485 1255 635 1287 Antonio
647 1252 808 1295 usurum,'
824 1253 887 1284 hoc
901 1257 966 1294 est,
981 1263 1041 1294 pro

343 1307 534 1338 voluntate.

390 1356 454 1391 Qui
482 1356 619 1396 inspecta
638 1354 727 1394 cura]
758 1352 906 1385 Omnino
926 1353 1042 1392 legen-

345 1404 424 1436 dnm
445 1411 548 1446 puto:
574 1405 584 1421 ‘
602 1405 756 1445 inspecto
779 1413 876 1435 crure
893 1402 916 1434 :'
931 1404 1041 1444 sequi-

347 1460 402 1487 tur
417 1457 564 1496 quippe3
580 1460 588 1473 ‘
599 1464 743 1495 propere
760 1458 838 1494 apta
854 1453 961 1484 dolori
976 1462 1042 1483 me·

345 1506 514 1537 dicamina
535 1503 735 1545 imponunt)
780 1503 928 1534 Achilles
945 1503 1043 1544 quip-

344 1564 388 1595 pe
417 1554 528 1585 femur
545 1555 716 1585 sinistrum
743 1553 831 1593 Regi
853 1553 922 1584 telo
938 1558 1042 1583 trans·

345 1604 480 1635 fixerat.

390 1655 407 1694 ς
424 1656 443 1683 8
464 1653 657 1684 Autlwribus
673 1651 807 1692 nuntiis]
828 1649 1041 1692 Superfluum

345 1702 398 1733 hic
415 1707 479 1742 est,
500 1702 508 1718 ‘
521 1700 755 1733 Antinoi-ibus!

399 1752 530 1791 Tempus
570 1750 768 1791 profectionis
811 1749 1041 1790 antecaperent]

346 1803 428 1834 Sall.
446 1803 547 1833 Catil.
569 1804 578 1819 ‘
593 1802 704 1832 omnia
718 1802 799 1832 luxu
816 1800 1044 1840 antecapere‚’

348 1856 385 1884 et
408 1855 460 1884 32.
493 1853 502 1869 ‘
514 1851 707 1892 priusquam
739 1851 887 1890 legiones
917 1849 1044 1880 scribe-

348 1906 478 1940 rentur‚
494 1901 599 1931 multa
615 1898 844 1940 antecape1·e.’
880 1898 1045 1938 Vid.cap.

349 1953 402 1981 55.
415 1954 450 1980 et
467 1949 509 1980 al.

391 2000 409 2039 ξ
427 2002 466 2029 12
491 1998 569 2029 Tuto
579 1997 740 2038 collocant]
762 1997 844 2036 Leg.
861 1996 913 2027 ‘in
932 1995 1031 2027 tuto!

521 312 664 346 NOTAE
695 313 921 345 VARIORU
931 314 964 342 M
1000 313 1051 343 ΙΝ

394 2050 533 2089 Cygnus,
562 2049 649 2088 cujus
677 2047 759 2078 haud
779 2047 885 2087 procul
909 2057 928 2077 a
953 2046 1046 2085 Troja

348 2098 493 2142 regumn]
523 2098 592 2128 Hic
623 2102 675 2128 est
705 2097 761 2127 ille
793 2106 892 2137 quem
921 2096 1045 2126 Strabo

350 2147 481 2184 Κύκνον,
510 2148 618 2188 Θρᾷκα
644 2146 682 2176 τὸ
710 2145 814 2185 γένος,
840 2144 959 2185 πατέρα
988 2146 1046 2177 τοῦ

349 2197 473 2238 Τέννου,
484 2196 619 2233 βασιλέα
635 2196 666 2227 δὲ
684 2198 846 2237 Κολωνῶν,
861 2200 960 2226 vocat
976 2205 999 2227 1.
1012 2206 1044 2237 p.

350 2251 426 2280 604.
451 2249 517 2278 Per
529 2247 539 2264 ⁶
552 2256 693 2286 regnum
708 2246 816 2286 Cygni
826 2245 834 2259 '
855 2245 945 2285 apud
958 2246 1045 2276 Nos-

351 2305 439 2332 trum
454 2299 605 2339 intellige
623 2299 777 2337 Celonas,
795 2297 921 2328 Acbaeo
936 2297 1044 2328 conti-

353 2359 457 2390 guas;
480 2348 583 2390 (alias
607 2349 753 2380 Colonas
768 2347 931 2378 coloniam
949 2347 1045 2377 Mile-

351 2400 475 2431 siorum
484 2408 584 2439 supra
595 2399 813 2438 Lampsacum
825 2397 857 2427 in
869 2396 938 2436 agri
950 2397 1046 2427 Lam-

354 2449 491 2491 psaceni
529 2447 785 2480 mediterraneis
816 2446 850 2477 in
880 2446 1046 2486 Phocide,

353 2500 433 2531 etin
446 2499 617 2530 Thessalia
639 2497 761 2528 Strabo
782 2499 936 2527 recenset
952 2496 1045 2537 589.)

354 2549 412 2580 sed
424 2549 561 2580 Colonae
573 2547 681 2588 Cygni
694 2546 734 2576 ad
749 2550 902 2577 exterum
913 2545 1047 2576 Helles—

355 2598 452 2638 ponti
476 2607 568 2628 mare
594 2596 689 2627 fuere
718 2596 760 2627 ab
786 2595 851 2626 Ilio
880 2594 1047 2626 distantes

353 2647 465 2679 stadia
484 2649 555 2678 140.

399 2700 417 2739 ς
435 2700 474 2728 13
500 2697 599 2728 Paulo
611 2699 680 2737 post
689 2694 791 2736 fidum
811 2694 887 2734 sibi]
911 2693 1047 2726 Adden-

356 2747 435 2778 dum
459 2746 652 2778 ‘futurann’

402 2797 481 2827 Cum
499 2806 571 2836 pace
584 2797 624 2827 ad
642 2797 768 2826 Groecos
781 2794 978 2836 conveniunt]
995 2795 1047 2827 Ita

359 2848 410 2877 16.
434 2847 443 2862 ‘
462 2845 544 2877 Cum
562 2855 646 2887 pace
660 2845 859 2877 accurrere.'

1088 312 1277 343 DICTYM
1311 311 1624 343 CRETENSEM·

1133 406 1151 445 ξ
1169 407 1208 435 14
1229 404 1361 435 Centum
1373 403 1583 444 victimarum]
1595 402 1786 443 *Εκατόμβψ

1133 457 1299 487 Praeeunte
1318 456 1451 496 Chryse]
1469 456 1518 487 Ut
1534 456 1623 496 apud
1642 456 1784 496 Livium,

1088 510 1098 524 ‘
1114 510 1288 544 praeeunte
1305 504 1425 536 verba'
1446 504 1630 542 Pontifice,
1652 505 1705 536 vel
1729 514 1785 536 au-

1090 564 1185 596 gure.

1134 604 1270 644 Quisque
1278 603 1416 645 partium
1424 604 1464 634 ad
1475 613 1542 635 eum
1550 603 1691 644 venerat]
1704 605 1786 646 Leg.

1090 658 1101 673 ‘
1113 660 1151 685 ut
1170 655 1311 695 quisque
1329 654 1472 694 partium
1490 653 1657 686 venerat.’

1132 706 1150 745 ξ
1181 707 1219 734 15
1252 704 1384 735 lnvidiae
1414 704 1549 744 plenum,
1575 703 1645 744 Sym]
1675 704 1786 736 Insita

1090 755 1217 795 quippe
1243 753 1440 786 mortalibus
1467 758 1588 784 natura
1613 759 1784 785 recentem

1089 805 1229 836 alioruin
1254 804 1453 835 felicitatem
1480 804 1580 842 aegris
1603 803 1709 834 oculis
1734 804 1784 835 in-

1089 855 1290 895 trospicere,
1304 853 1505 894 modumque
1522 852 1666 884 fortunae
1681 863 1700 884 a
1713 855 1786 885 nul-

1087 905 1128 935 lis
1145 905 1250 945 magis
1263 904 1411 945 exigere,
1424 913 1522 946 quam
1539 913 1622 945 quos
1638 903 1671 935 in
1686 913 1785 946 aequo

1087 954 1219 986 vident.

1131 1004 1278 1044 Arreptis
1292 1003 1379 1035 saxis
1389 1002 1536 1042 obruunt]
1554 1004 1661 1035 Dares
1677 1002 1785 1044 Phry-

1089 1053 1163 1092 gius
1181 1054 1397 1085 Palamedem
1413 1063 1432 1084 a
1447 1053 1573 1084 Paride
1594 1051 1721 1093 sagitta
1737 1053 1786 1084 ic-

1091 1109 1161 1135 tum
1178 1111 1304 1135 narrat.

1131 1153 1340 1194 Acceptusque
1364 1154 1397 1184 in
1421 1151 1578 1192 exercitu]
1600 1151 1682 1191 Leg.
1702 1151 1712 1169 ‘
1729 1160 1786 1183 ac-

1091 1209 1210 1244 ceptus
1233 1204 1410 1244 exercitu,'
1435 1213 1495 1244 pro
1518 1201 1698 1240 exercitui,
1720 1211 1785 1242 quo

1091 1253 1190 1283 modo
1219 1253 1307 1284 hunc
1332 1262 1445 1284 casum
1472 1251 1590 1292 optimi
1614 1250 1786 1282 Autbores

1090 1307 1224 1333 veteres
1268 1307 1509 1342 expresserunt
1527 1312 1536 1333 t
1582 1302 1631 1332 ita
1668 1301 1786 1340 magis-

1090 1356 1178 1384 trata
1194 1352 1282 1392 apud
1300 1353 1387 1383 Caes.
1403 1352 1492 1383 Bell.
1510 1351 1598 1382 Gall.
1611 1359 1635 1381 1.
1647 1354 1680 1382 6.

1141 1402 1244 1433 Veluti
1253 1402 1408 1442 publicum
1414 1401 1690 1442 funus]Publicis
1700 1410 1787 1432 sum-

1091 1451 1194 1492 tibus,
1211 1457 1248 1483 ut
1265 1452 1353 1492 apud
1372 1452 1555 1483 Romanos.

1134 1502 1238 1532 Aureo
1262 1502 1383 1532 vasculo
1409 1500 1576 1541 sepultum]
1601 1500 1647 1531 Et
1674 1508 1709 1531 v.
1733 1502 1786 1532 15.

1090 1551 1354 1591 ‘Reliquiasque
1381 1560 1473 1581 urnae
1496 1559 1607 1581 aureae
1632 1548 1786 1581 conditas

1092 1600 1125 1631 in
1135 1600 1263 1631 ereteo
1272 1599 1482 1640 sepeliendas
1494 1599 1676 1640 procurat.’
1685 1599 1787 1630 Hom.

1093 1649 1134 1680 11.
1148 1654 1187 1681 Ψ.
1201 1649 1318 1681 Ὀστέα
1330 1648 1620 1690 Πατρόκλοιο...Καὶ
1636 1648 1678 1679 τὰ
1687 1647 1744 1687 μὲν
1754 1650 1788 1681 ἐν

1092 1698 1209 1740 χρυσέῃ
1226 1698 1324 1741 φιάλῃ
1336 1699 1386 1730 καὶ
1400 1699 1523 1730 δίπλακι
1537 1699 1621 1736 δημῷ
1633 1697 1771 1737 Θείομεν.

1137 1750 1154 1789 ς
1173 1752 1212 1780 16
1227 1749 1383 1789 Phyrum]
1402 1747 1553 1788 Legend.
1575 1750 1584 1765 ‘
1596 1747 1787 1788 Pyrrham,'

1093 1798 1191 1839 πύῤῥα
1211 1799 1382 1838 Straboni,
1411 1808 1487 1840 quae
1510 1803 1661 1839 tempore
1684 1797 1787 1838 ipsius

1095 1858 1211 1879 eversa
1227 1853 1311 1879 erat.

1137 1900 1154 1939 ξ
1171 1902 1208 1929 17
1238 1898 1405 1936 Interfecto
1430 1898 1567 1932 Eetione,
1582 1898 1635 1937 qui
1650 1898 1698 1929 his
1713 1898 1787 1929 locis

1094 1948 1307 1988 imperitabat]
1343 1948 1464 1978 Strabo
1480 1957 1565 1980 xul.
1581 1946 1722 1989 διῄρηντο
1745 1947 1788 1980 εἷς

1094 1998 1147 2029 δύο
1163 1998 1342 2029 δυναπείας
1357 1998 1386 2028 οἱ
1401 1998 1538 2039 Κίλικες,
1555 1997 1690 2038 καθάπερ
1703 1999 1788 2029 εἵπο·

1094 2060 1162 2087 μεν,
1177 2048 1234 2086 τήν
1245 2061 1282 2080 τε
1299 2047 1355 2080 ὑπὸ
1369 2049 1413 2088 τῷ
1425 2047 1576 2088 Ἠετίωνι,
1595 2047 1645 2079 καὶ
1655 2047 1714 2086 τὴν
1730 2046 1789 2079 ὑπὸ

1094 2101 1138 2139 τῷ
1148 2099 1278 2137 Μύνητι.

1137 2151 1155 2190 ᾧ
1184 2152 1225 2181 18
1264 2149 1379 2181 Multis
1412 2147 1671 2188 execrationibus]
1706 2148 1788 2189 Leg-

1093 2202 1103 2218 ⁴
1117 2199 1320 2240 multisque.'

1141 2250 1360 2281 Teuthrantem
1374 2247 1530 2280 dominum
1551 2247 1701 2288 locorum]
1716 2247 1788 2278 Sci-

1094 2299 1174 2330 licet
1190 2299 1361 2340 Plirygiae.
1405 2297 1455 2329 At
1471 2297 1633 2328 Historiae
1649 2296 1722 2327 aliae
1738 2295 1790 2327 fe-

1095 2354 1185 2388 runt,
1205 2349 1449 2380 Teuthrantem
1465 2346 1609 2379 Cilicum
1624 2350 1660 2377 et
1675 2346 1790 2387 Myso-

1095 2408 1167 2429 rum
1182 2407 1296 2438 regem
1312 2396 1426 2428 fuisse.

1138 2449 1155 2489 ξ
1170 2450 1209 2478 19
1233 2447 1342 2478 Ramis
1355 2447 1428 2477 oleoe
1442 2445 1636 2486 coronavere]
1658 2444 1704 2476 Et
1727 2443 1789 2476 lioc

1095 2497 1241 2538 ingentis
1265 2496 1393 2536 praemii
1408 2506 1417 2526 ι
1449 2496 1497 2526 sic
1525 2493 1614 2535 apud
1642 2493 1788 2524 Plinium

1096 2557 1160 2578 xv.
1175 2550 1225 2579 14.
1241 2548 1251 2565 ⁴
1265 2547 1360 2578 Oleae
1376 2546 1536 2576 honorem
1553 2545 1702 2576 Romana
1715 2544 1790 2574 Ma-

1093 2597 1199 2637 jestas
1216 2605 1371 2637 magnum
1385 2594 1541 2635 praebuit,
1556 2598 1682 2624 turmas
1697 2592 1790 2633 equi-

1097 2651 1169 2678 tum
1184 2646 1293 2676 idibus
1307 2645 1329 2677 J
1334 2644 1408 2675 uliis
1423 2653 1466 2674 ex
1480 2651 1521 2674 ea
1535 2640 1748 2673 coronando?

1145 2696 1195 2726 Ex
1216 2695 1298 2725 omni
1315 2694 1434 2734 praeda,
1455 2691 1524 2732 ξω]
1545 2691 1663 2721 Totam
1679 2690 1788 2730 perio-

1098 2745 1177 2776 dum
1201 2744 1247 2774 ita
1270 2743 1435 2774 restituo:
1459 2742 1469 2758 ‘
1483 2741 1534 2771 Ex
1555 2739 1644 2770 omni
1661 2738 1789 2780 praeda,

1098 2803 1198 2834 quam
1219 2792 1366 2824 Achilles
1388 2793 1642 2831 apportaverat,
1663 2798 1788 2830 excep-

1100 2850 1168 2875 tam
1195 2841 1344 2874 Eetionis
1367 2841 1542 2882 conjugem
1566 2838 1789 2880 Astynomen,
