1889 3194
518 329 578 357 DE
612 329 765 358 BELLO
797 328 1022 358 TROJANO
1061 329 1153 359 [ΑΒ.
1188 330 1218 358 l.

145 421 257 461 Mox
278 421 413 461 ierant
430 421 472 460 in
494 427 598 462 vota
617 422 718 469 Dei,
740 420 1017 473 gaudentque
1038 423 1186 462 vocari
1207 436 1216 462 :

142 488 234 529 Hic
255 487 410 528 faciles
430 489 646 540 proclinat
666 501 821 541 aquaS,
842 487 913 527 hic
935 494 1093 528 evocat
1113 494 1239 528 antro

143 553 235 603 Qui
256 553 356 594 vela
375 554 631 607 impraegnet
651 554 918 607 Zephyrum,
938 554 1015 606 qui
1036 559 1192 607 purget
1212 555 1374 594 abacta

142 620 277 661 Nube
300 620 415 660 diem
435 634 445 661 ε
476 634 607 661 cursu
629 621 806 662 tandem
828 620 1050 673 producta
1073 633 1246 669 sereno,

143 687 330 727 Labitur
350 688 392 726 in
414 692 567 739 portus
587 687 805 740 Phrygios
826 687 959 727 ratis:
990 688 1187 740 improba
1207 688 1350 740 pubes

139 753 330 802 Emicat,
353 758 399 793 et
416 755 546 794 vetita
568 758 740 795 certant
758 754 913 795 tellure
935 754 1085 806 potiri.

1504 755 1589 795 110

198 819 336 861 Fama
357 833 523 861 nocens
546 821 736 861 subitum
759 820 893 873 Sigea
913 821 958 860 in
979 834 1113 873 regna
1133 821 1362 861 tumultum

139 885 333 939 Spargit,
354 891 396 927 et
416 886 600 927 insidias
618 887 784 939 populo
806 887 988 940 regique
1010 888 1216 936 minatur,

137 945 350 995 Dardana
370 954 407 993 si
427 953 590 994 coeant
611 954 849 1006 peregrinae
872 954 929 994 ad
949 954 1101 994 littora
1123 955 1308 995 classes.

138 1019 277 1060 Plebs
299 1021 449 1060 excita
467 1019 595 1060 furit:
629 1032 710 1059 nec
733 1021 872 1067 abest,
892 1021 967 1073 qui
990 1020 1341 1061 Laomedontem

138 1085 327 1127 Intentet
348 1086 537 1134 Danais,
559 1086 674 1125 ultro
695 1085 739 1125 ni
760 1085 905 1125 littore
927 1086 1102 1126 cedant.

1504 1088 1588 1128 115

195 1152 234 1192 Ο
259 1153 444 1206 Superis
465 1152 611 1192 invisa
632 1151 808 1191 manus!
840 1151 904 1191 sic
927 1152 1107 1204 pignora
1128 1153 1245 1201 coeli,

136 1216 485 1272 Crescentesque
508 1219 629 1259 Deos
652 1217 695 1256 in
719 1217 871 1270 Syrtes
891 1218 1048 1270 cogis?
1081 1231 1134 1258 an
1157 1231 1290 1258 unam

136 1284 368 1326 Extimeas
387 1297 492 1337 gens
513 1287 634 1324 tanta
653 1284 821 1324 ratem?
855 1283 944 1334 sed,
967 1297 1111 1332 coeca,
1128 1285 1232 1337 quid
1255 1286 1404 1326 horres
1423 1288 1440 1326 ’ἒ

135 1351 243 1392 Huc
263 1351 442 1404 hospes,
463 1364 550 1391 non
572 1350 716 1390 hostis
739 1349 880 1398 adest,
902 1351 972 1390 cui
994 1355 1186 1391 monstra
1202 1354 1367 1404 potenti

137 1418 366 1458 Debentur
384 1417 623 1470 frangenda
646 1430 801 1457 manu:
830 1429 1023 1457 reverere
1044 1421 1281 1466 tonantem,

1500 1419 1584 1461 120

134 1482 222 1525 Vel
241 1484 397 1525 saltem
419 1496 638 1535 cognosce
662 1482 893 1523 hominem.
953 1482 1001 1523 Si
1027 1482 1258 1535 pendimus
1281 1496 1473 1537 aequum,

739 1602 855 1614 eeeeee

176 1671 238 1700 105
267 1668 376 1701 Vocati
393 1668 459 1699 Ms.
476 1678 583 1709 marg.

860 1602 975 1613 eeeeee

787 1760 931 1805 NOTAE

175 1850 237 1880 105
262 1848 342 1879 Mox
362 1847 465 1879 ierant
483 1848 518 1878 in
536 1850 608 1878 vola
627 1847 706 1889 Dei]
733 1847 829 1879 Allu-

132 1896 185 1928 dit
201 1898 428 1928 Romanorum
445 1906 584 1936 morem,
606 1897 662 1938 qui
688 1897 829 1937 pedibus

131 1945 168 1977 in
190 1947 394 1977 sententiam
416 1946 523 1977 ibant.
572 1946 676 1978 Ovid.
693 1946 726 1976 id
747 1947 829 1978 dici-

131 2000 205 2028 tur:
229 1997 239 2014 ‘
251 1997 341 2028 Vota
359 2004 437 2027 suos
455 1995 606 2027 habuere
617 1996 712 2027 Deos
728 1995 749 2034 ;’
773 1997 829 2028 Ci—

132 2055 203 2078 cer.
231 2045 289 2076 ‘in
306 2046 372 2077 alia
398 2046 507 2077 omnia
530 2045 579 2076 ire
591 2045 612 2084 ;’
641 2046 722 2075 nihil
748 2055 829 2076 vero

132 2095 222 2126 aliud
246 2096 306 2135 ait,
327 2105 427 2136 quam
445 2095 534 2136 quod
548 2094 663 2126 Graeci
680 2095 712 2133 ἐξ
728 2093 830 2135 οὐρίας

135 2145 261 2186 φέρεται
276 2146 359 2177 ναῦς.

175 2199 236 2227 107
262 2196 327 2232 Qui
350 2196 418 2226 vela
432 2196 618 2235 impraegnet
634 2195 828 2236 Zephyrum]

132 2247 250 2280 Sinum
263 2246 417 2284 effusum,
434 2248 568 2288 plenum
584 2248 760 2278 nominant
774 2247 829 2278 Ti-

132 2297 202 2329 bul.
219 2298 272 2328 ΕΙ.
289 2306 314 2328 ι.
351 2297 512 2337 Propert.
524 2305 580 2327 ιιι.
597 2296 696 2329 Varr.
714 2297 768 2327 De
781 2297 831 2327 Re

132 2347 278 2379 Rustica
297 2351 417 2385 ‘poma
439 2343 677 2385 praegnatia!
715 2345 830 2376 Plaut.

129 2397 140 2414 ‘
150 2401 365 2437 praeguantes
380 2393 515 2435 plagae!
534 2394 692 2426 Juvenal.
703 2396 712 2411 ‘
723 2404 830 2434 praeg-

130 2452 269 2478 nantem
287 2445 433 2477 stamine
448 2443 583 2483 fusum,’
604 2449 642 2475 ut
662 2448 696 2474 et
713 2444 829 2475 Sidon.

129 2496 247 2538 Apoll.
268 2495 391 2535 Virgil.
404 2494 507 2535 Cyri:
524 2493 695 2533 ‘gravidos
712 2492 830 2532 fusos‚’

130 2551 170 2578 ut
186 2545 306 2578 Manil.
322 2544 333 2562 ‘
351 2545 508 2584 gravidas
523 2543 653 2574 nnbes.'
677 2543 736 2574 Sil.
749 2543 829 2574 Ital.

130 2604 212 2628 x111.
227 2598 302 2627 494.
319 2595 328 2611 ‘
340 2594 388 2626 At
401 2593 543 2635 gravida
559 2593 689 2624 arcanis
704 2593 825 2633 Cymes

130 2646 238 2678 anus.’
268 2645 413 2683 Plinius,
431 2647 440 2661 ⁴
455 2642 652 2675 thuriferam
670 2643 825 2673 arborem

129 2693 390 2737 praegnantem‚'
414 2703 482 2726 xn.
499 2696 551 2725 14.
589 2693 698 2724 Immo
715 2694 825 2726 Cicer.

128 2751 241 2778 ‘terra
249 2744 430 2775 seminibus
447 2742 610 2784 gravida!
636 2744 764 2775 Noster
776 2743 825 2774 in-

128 2796 182 2828 fra
192 2798 267 2827 514.
289 2796 299 2813 ‘
317 2794 435 2825 aristas
448 2793 692 2834 praegnantes.'
714 2793 827 2834 Virgi-

129 2847 193 2878 lius
222 2845 270 2876 ita
293 2843 413 2875 ‘loca'
435 2842 521 2874 dixit
537 2848 545 2861 ‘
560 2841 672 2874 foetaz'
694 2843 825 2875 Tertul.

1166 1848 1222 1879 Ita
1245 1846 1444 1888 frequenter
1468 1848 1583 1880 Gra-ci

1466 1898 1582 1930 Xeno·

884 1848 992 1888 ‘ignis
1009 1847 1120 1880 foetu.'

884 1898 1050 1937 ἐγκύμονα,
1085 1899 1226 1929 Nounus
1258 1898 1411 1930 maxime.

884 1949 987 1988 phou,
1021 1948 1108 1988 ψυχὴ
1137 1947 1254 1979 κύουσα
1288 1945 1380 1987 θόρην
1413 1946 1584 1987 ἐγκύμονος

881 1998 987 2030 ἵππου.
1024 1998 1292 2039 Tryphiodorus‚
1307 1996 1404 2037 λόγος
1420 1997 1506 2029 θείων
1519 1998 1583 2038 φώ-

883 2060 946 2080 των
961 2047 1111 2088 ἐγκύμων.
1149 2049 1248 2079 Philo
1265 2047 1378 2088 Alleg.
1395 2057 1433 2078 ιι.
1449 2051 1503 2080 01.

927 2101 989 2130 109
1012 2099 1157 2138 Improba
1172 2098 1266 2138 pubes
1284 2097 1424 2137 Emicat]
1447 2097 1580 2136 Ἀκάμα-

882 2160 950 2189 τος,
974 2147 1112 2179 νεανικὸν
1136 2149 1302 2189 φρονοῦσα,
1319 2148 1582 2179 Demosthenes.

883 2199 1063 2239 VirgiliuS,
1085 2199 1278 2238 ‘juvenum
1307 2207 1426 2228 manus
1456 2198 1583 2229 emicat

883 2248 1005 2279 ardens
1016 2248 1126 2278 Littus
1143 2248 1175 2278 in
1189 2246 1415 2288 Hesperium!
1429 2247 1581 2287 Oppian.

882 2296 967 2337 ῥίμφ’
984 2296 1098 2337 ἔθορεν,
1115 2298 1251 2328 emicat.
1298 2297 1353 2327 De
1369 2306 1452 2327 voce
1468 2297 1582 2337 impro-

883 2347 939 2378 bus
966 2348 1039 2378 vide
1065 2348 1163 2387 plura
1186 2345 1277 2386 apud
1302 2346 1409 2377 Clem.
1431 2346 1581 2377 Musam-

883 2396 1030 2428 bertium
1051 2396 1093 2428 ad
1112 2395 1289 2427 Ramiresii
1315 2396 1450 2436 putidas
1475 2405 1580 2437 nugas

882 2454 907 2477 1.
924 2448 977 2477 22.

925 2498 985 2526 115
1010 2495 1151 2526 Intentet
1176 2494 1313 2535 Danais]
1343 2494 1401 2525 Ita
1425 2504 1480 2526 ιιι.
1507 2498 1580 2528 195.

882 2544 937 2575 ‘si
966 2544 1110 2575 reddere
1150 2548 1281 2585 raptam
1312 2544 1407 2575 Velle
1440 2551 1580 2585 negent,

881 2594 1005 2625 bellum
1021 2593 1189 2625 intentet!
1234 2594 1356 2626 Horat.
1374 2604 1465 2631 vero,
1482 2597 1491 2612 ⁴
1505 2597 1579 2637 qui-

880 2643 942 2675 bus
959 2644 1133 2675 Intentata
1148 2643 1260 2675 nites?

922 2697 984 2725 117
1010 2695 1249 2733 Crescentesque
1271 2693 1371 2734 Deos]
1403 2693 1575 2726 Festivum

879 2753 922 2775 ex
934 2743 1120 2775 Gentilium
1132 2742 1300 2774 ἀποθεώσει
1311 2754 1319 2774 :
1332 2743 1342 2759 ‘
1351 2753 1492 2785 quorum
1504 2754 1577 2776 car-

880 2794 1026 2825 minibus
1049 2794 1131 2825 nihil
1148 2799 1199 2826 est
1218 2794 1281 2825 nisi
1303 2793 1415 2826 fabula
1431 2794 1578 2827 coelum?

880 2844 1052 2876 Manilius.
