1889 3194
306 323 391 363 514

309 426 414 467 Rex
436 425 598 475 avium,
620 437 672 465 ac
692 424 788 466 viso
810 425 1040 464 cunctatur
1059 420 1225 467 funere,
1245 418 1407 459 fulmen

826 328 1029 359 JOSEPH!
1063 325 1227 357 lSCANI

1661 420 1747 462 390

308 493 561 545 Deponens,
582 491 779 544 aliasque
800 490 924 530 faces
944 489 1208 540 incensaque
1227 486 1358 527 thura

307 559 512 612 Corripit,
534 563 578 600 et
596 559 732 599 sacris
754 557 921 597 solatur
941 554 1149 595 odoribus
1171 565 1282 594 aras.

306 627 336 668 J
341 640 410 667 am
431 625 619 666 flammae
643 625 788 678 sopita
807 623 964 672 fameS‚
981 621 1078 675 jam
1097 621 1230 674 plena
1251 619 1400 660 soluto

309 693 431 733 Urna
453 692 559 741 viro,
580 691 762 732 redeunt
783 690 996 738 volucres,
1018 689 1295 740 mulcentque
1316 690 1550 740 parentem,

310 760 468 800 Annua
493 758 748 799 Memnonio
769 760 914 809 pactae
935 755 1133 797 solennia
1152 755 1302 795 busto.

1663 750 1749 792 395

360 826 494 867 Parte
515 826 602 865 alia
623 824 737 864 natis
758 822 924 863 flendos
945 823 1162 863 instaurat
1181 821 1370 862 honores

309 892 472 932 Infelix
492 891 701 940 Hecuba,
719 890 800 931 heu
820 894 1010 943 quantos
1031 888 1166 930 enixa
1185 886 1382 928 dolores!

306 958 335 999 J
340 971 411 999 am
432 959 621 999 tumulos
641 970 863 998 numerare
884 958 1002 1007 licet,
1018 956 1114 1011 jam
1131 955 1265 996 tertia
1283 952 1453 1008 plangit

310 1026 506 1067 Funera:
539 1026 604 1066 sic
627 1024 787 1071 Niobe,
807 1024 992 1078 geminis
1014 1026 1168 1066 orbata
1190 1021 1419 1076 pharetriS‚

308 1091 455 1143 Quem
475 1091 661 1145 peperit,
685 1091 900 1145 populum
918 1090 1055 1140 flevit,
1073 1103 1150 1130 nec
1173 1089 1345 1143 parcior
1367 1088 1434 1128 ira

1667 1081 1751 1122 400

306 1159 521 1201 Junonis:
552 1159 695 1211 gravis
716 1159 818 1199 huic
841 1158 1058 1206 Saturnia,
1080 1157 1240 1198 Delius
1256 1156 1334 1197 illi.

363 1225 581 1267 Aruerant
596 1227 821 1280 lacrymae,
841 1224 1185 1277 deploratusque
1209 1220 1405 1276 sepulcri

307 1292 336 1332 J
341 1304 411 1333 am
432 1292 608 1342 tacitus,
624 1291 719 1346 jam
736 1291 884 1332 siccus
904 1290 1046 1331 honos
1064 1303 1074 1332 ε
1108 1294 1154 1331 at
1175 1290 1300 1330 solus
1316 1290 1358 1330 in
1381 1288 1497 1329 altas

309 1358 540 1400 Maternus
562 1359 723 1400 crescit
743 1371 871 1399 curas
893 1358 1034 1408 dolor,
1053 1357 1219 1399 excitat
1239 1369 1403 1409 aegrum

309 1424 527 1467 Anxietas
549 1426 755 1475 animum,
776 1425 1039 1478 fraudesque
1059 1425 1104 1466 in
1121 1428 1224 1466 vota
1245 1424 1467 1464 ministras

1666 1415 1751 1458 405

307 1490 438 1533 Ultor
457 1492 588 1533 habet
607 1492 818 1543 gemitus:
851 1492 1026 1533 stabant
1045 1490 1264 1532 radiantia
1285 1488 1457 1529 Phoebo

307 1558 493 1612 Templa
510 1560 775 1608 suburbano,
796 1571 1042 1611 nomenque
1063 1562 1246 1598 auctura
1263 1555 1437 1608 tegebat

310 1624 493 1677 Lanugo
515 1625 781 1679 Thymbraea
806 1626 966 1674 Deum,
988 1624 1241 1677 circumque
1262 1633 1482 1675 supraque

958 1730 1100 1765 NOTAE

308 1795 471 1828 merarius
483 1796 646 1837 problem-
655 1800 687 1829 2.
698 1798 825 1829 Decur.
834 1806 891 1829 ιιι.
904 1795 1004 1829 Diod.

307 1846 375 1877 Sic.
386 1855 418 1877 v.
433 1855 466 1885 p.
479 1848 554 1877 327.
577 1846 810 1878 Nazianzenus
826 1847 860 1877 in
871 1847 936 1887 Ep.
949 1849 1004 1877 61.

309 1895 482 1934 Gyraldus
500 1895 540 1926 de
558 1896 631 1927 Diis
648 1897 798 1937 gentium
815 1897 957 1937 Syntag.
975 1899 1005 1927 1.

308 1944 396 1976 Vide
410 1944 510 1976 etiam
526 1946 653 1977 Bonav.
675 1946 880 1978 Vulcanium
888 1945 1005 1977 Anno-

309 2000 373 2026 tat.
388 1995 420 2026 in
440 1995 693 2032 Callimachum,
707 2006 741 2036 p.
757 1998 832 2027 216.
878 1996 1005 2027 Noster

309 2054 385 2076 cum
409 2045 552 2086 Papinio
581 2045 697 2077 fabros
720 2046 823 2077 fuisse
854 2047 937 2085 vult,
961 2045 1003 2077 de

308 2094 430 2135 quibus
448 2095 481 2125 in
496 2094 713 2135 fabulis‚illos
728 2095 852 2127 falcem
868 2095 1003 2126 Saturni

309 2145 500 2176 excudisse.
535 2145 698 2186 Papinius
715 2146 838 2177 monile
857 2145 1004 2176 Harmo-

308 2195 381 2225 nies
394 2194 526 2226 illorum
542 2204 626 2235 opus
641 2194 722 2227 facit
745 2200 781 2227 et
804 2195 1003 2235 Cyclopum,

309 2253 352 2276 ιι.
402 2245 530 2277 Noster
558 2245 655 2278 Jovis
686 2245 828 2276 fulmina
856 2245 899 2277 ab
936 2245 1002 2276 illis

306 2293 497 2326 fabrefacta
522 2295 603 2326 vult.
647 2294 780 2336 Aquilae
798 2295 854 2326 illa
871 2295 1002 2326 vectori

308 2344 491 2375 committit
502 2353 578 2375 cum
594 2344 763 2385 Papinio:
786 2343 796 2360 ⁴
813 2353 879 2374 non
895 2342 1003 2374 fulmi-

309 2394 361 2423 nis
375 2393 496 2424 ardens
510 2394 640 2425 Vector
658 2393 779 2425 adest.'
824 2394 914 2425 Hinc
931 2397 1002 2424 ‘ar-

308 2444 415 2483 miger
430 2442 548 2482 Jovis‚'
575 2448 610 2474 et
632 2442 810 2474 ‘minister
831 2442 1003 2474 fulminis.'

308 2491 396 2523 Hor.
422 2500 474 2523 1v.
501 2501 606 2523 carm.
632 2496 669 2523 et
702 2493 711 2508 ‘
729 2491 854 2523 famula
881 2490 1002 2524 Jovis!

307 2541 387 2572 Juv.
416 2549 492 2572 xiv.
519 2541 597 2582 quia
619 2541 775 2572 immunis
791 2541 834 2572 ab
850 2541 922 2573 ictu
937 2540 1001 2572 ful-

308 2592 420 2622 minis.
464 2591 553 2622 Vide
569 2591 659 2622 Pliu.
677 2600 719 2623 11.
736 2595 789 2623 55.

350 2643 411 2671 395
428 2639 544 2672 Annua
560 2641 738 2673 Memnonio
750 2644 851 2681 pactae
863 2642 1005 2673 solennia

308 2689 410 2729 busto]
426 2690 599 2722 Describit
610 2690 753 2721 Ovidius
763 2699 848 2722 xiil.
863 2692 1005 2723 Metam.

308 2737 399 2769 Alibi
413 2750 419 2767 :
438 2739 447 2756 ‘
461 2739 515 2770 Sic
530 2740 721 2771 Memnonis
737 2740 864 2772 umbrae
882 2739 1005 2772 Annua

309 2789 439 2819 solenni
468 2790 562 2821 caede
589 2795 748 2831 parentat
775 2791 871 2822 avis.’
914 2791 1003 2823 Vide

310 2836 488 2870 Moschum
504 2838 629 2881 Eidyll.
642 2843 673 2872 3.
691 2840 794 2874 Mart.
810 2850 847 2874 x.
861 2841 927 2883 Ep.
949 2844 1004 2874 61.

1059 1794 1240 1826 ‘Manibus
1253 1793 1382 1833 exiguis
1406 1801 1516 1824 annua
1530 1791 1625 1832 justa
1640 1788 1753 1821 dato:’

1059 1844 1193 1876 Graecis
1221 1842 1334 1882 ἔννομα
1350 1841 1401 1873 καὶ
1416 1840 1598 1880 νομιζόμενα
1612 1840 1702 1870 ὅσιῶν
1713 1839 1754 1870 τὰ

1059 1896 1189 1936 σώματα
1204 1896 1289 1927 ὅσιον
1300 1894 1376 1926 εἶναι
1388 1892 1503 1934 νόμιζε.
1541 1891 1624 1924 lsid.
1635 1891 1752 1922 Peius.

1059 1957 1110 1979 1v.
1126 1948 1191 1987 Ep.
1205 1949 1278 1978 157.
1302 1945 1379 1976 vide
1394 1954 1496 1985 supra
1511 1945 1564 1974 75.
1579 1946 1614 1974 et
1627 1941 1752 1974 Herai-

1058 1996 1136 2028 dum
1154 1996 1196 2027 ad
1209 1996 1400 2027 Martialem
1415 1994 1449 2025 d.
1466 1994 1488 2024 l.

1099 2049 1163 2077 402
1201 2046 1361 2077 Aruercmt
1391 2041 1552 2085 lacrymae]
1577 2039 1753 2082 Apollonii

1058 2095 1217 2127 Rhetoris
1244 2098 1340 2126 erat:
1374 2092 1463 2124 οὐδὲν
1487 2091 1616 2133 δακρύου
1636 2091 1753 2123 θᾶσσον

1057 2145 1241 2186 ξηραίνεται,
1263 2143 1354 2186 quod
1381 2144 1486 2175 etiam
1509 2139 1600 2183 apud
1617 2140 1753 2173 Cicero-

1054 2205 1144 2231 nem,
1160 2194 1315 2227 Curtium
1330 2197 1366 2225 et
1388 2191 1634 2226 Quintilianum
1656 2199 1755 2231 repe·

1054 2253 1131 2275 ries.

1097 2295 1159 2324 405
1173 2291 1371 2332 Fraudesque
1387 2291 1420 2323 in
1432 2294 1504 2323 vota
1514 2291 1676 2323 ministras
1695 2289 1752 2321 Ul-

1056 2346 1105 2374 tor
1115 2342 1205 2373 habet
1214 2341 1365 2382 gemitus]
1380 2341 1482 2372 ovid.
1501 2342 1511 2359 ‘
1521 2340 1650 2382 grande
1659 2339 1753 2372 dolo·

1056 2393 1102 2424 ris
1115 2391 1306 2432 ingenium.'
1331 2392 1565 2423 Nazianzenus
1581 2391 1616 2422 in
1630 2389 1751 2422 funere

1057 2441 1225 2484 parentis:
1250 2440 1408 2482 εὑρητικὸν
1420 2440 1460 2472 τὸ
1473 2439 1621 2481 πάσχειν,
1634 2450 1668 2481 p.
1677 2441 1752 2472 3⁰4.

1056 2492 1140 2523 item
1167 2492 1233 2532 Ep.
1257 2494 1312 2523 66.
1350 2491 1548 2532 Fulgentius
1573 2488 1751 2522 placiades

1055 2543 1200 2584 Mythol.
1219 2552 1242 2574 ι.
1259 2552 1292 2583 p.
1312 2545 1383 2574 129.
1406 2546 1415 2560 ‘
1433 2541 1567 2573 Doloris
1583 2540 1752 2580 angustia.

1056 2602 1132 2634 qnae
1149 2601 1284 2633 semper
1298 2590 1439 2633 inquirit
1463 2589 1676 2622 necessitatis
1698 2598 1751 2621 so-

1055 2643 1198 2684 latium,’
1221 2645 1285 2675 &c-

1101 2695 1166 2724 408
1194 2692 1326 2732 Lanugo
1343 2690 1542 2733 Thymbroea]
1572 2689 1696 2732 Dictys
1709 2699 1751 2723 ιι.

1058 2742 1068 2760 ‘
1080 2741 1211 2773 lncum’
1221 2741 1371 2773 nominat
1385 2752 1391 2770 :
1407 2741 1536 2772 Noster
1552 2747 1615 2780 per
1634 2740 1644 2757 ‘
1654 2739 1751 2771 lanu·

1058 2791 1188 2833 ginem’
1205 2793 1370 2823 lauretum
1384 2790 1749 2831 intelligit,utsequen-

1057 2841 1105 2874 tia
1113 2841 1299 2883 explicant.
1307 2840 1361 2873 lta
1370 2843 1378 2858 ‘
1387 2839 1551 2872 umbram’
1560 2838 1680 2872 Poetae
1689 2849 1751 2881 pro
