1889 3194
262 351 347 394 532
806 360 1011 393 JOSEPHI
1047 360 1213 391 iscAm

264 455 553 497 Dissimulat:
585 455 665 496 sed
686 459 755 496 tot
775 453 928 504 taedaS,
948 456 1014 494 tot
1033 453 1121 494 tela
1144 453 1366 495 secundus

262 523 460 565 Sustinet
480 522 707 572 AEacides,
727 525 771 562 et
789 520 1016 562 defensore
1035 520 1211 562 laborat

261 589 290 630 J
295 602 364 630 am
383 589 530 631 fessus
551 590 734 643 clypeo:
765 587 944 628 tandem
965 587 1191 629 miseretur
1211 586 1410 628 anhelum

262 655 412 696 Altius
434 656 639 697 attollens
659 657 842 708 pontum
862 653 1036 704 Thetis,
1056 657 1100 695 et
1119 654 1314 695 venienti

262 722 463 765 Occurrit
485 723 672 772 Phoebo,
693 720 843 762 radios
861 733 1058 762 mersura
1078 726 1314 763 morantes.

319 789 508 830 Postera
525 790 603 830 vix
622 788 803 830 umbras
823 787 901 828 lux
921 787 1130 838 solverat,
1151 788 1346 842 undique
1366 789 1411 830 in
1431 789 1521 831 iras

261 855 461 908 Surgunt,
482 859 738 909 armatoque
760 855 952 896 acclivia
970 855 1058 896 tela
1080 855 1217 896 cubili

262 921 540 977 Corripiunt:
573 935 675 976 pars
696 925 739 963 in
761 922 946 976 clypeos
967 922 1141 963 cervice
1162 927 1354 976 recepta,

262 988 366 1030 Non
386 990 612 1031 madidum
634 989 860 1030 mucronis
881 989 1002 1039 ebur,
1022 1001 1110 1030 non
1132 990 1325 1031 cassidis
1345 991 1543 1032 umbram

261 1056 477 1106 Solverat,
500 1060 568 1098 ast
588 1056 700 1110 ipsis
720 1056 872 1097 audax
892 1069 1027 1110 sopor
1045 1056 1206 1097 incidit
1228 1058 1379 1100 armis.

261 1123 304 1164 It
326 1123 430 1165 tuba
450 1123 717 1177 praeceptrix
738 1123 962 1177 Phrygiis,
986 1123 1022 1164 it
1043 1123 1154 1164 tibia
1176 1123 1338 1174 Graiis,

260 1190 318 1230 Et
338 1190 429 1231 litis
449 1191 549 1231 litui
571 1194 733 1232 testes:
765 1194 811 1231 at
831 1193 1005 1244 promta
1031 1195 1246 1232 vocantes

260 1256 494 1310 Anticipat
514 1257 653 1299 virtus
672 1257 892 1307 modulos,
913 1257 1134 1299 crudescit
1154 1257 1372 1312 utrimque

261 1322 418 1376 Pugna
436 1324 588 1366 ferox:
612 1325 792 1375 instant,
814 1324 992 1375 cedunt,
1014 1325 1283 1374 minitantur,
1306 1329 1350 1365 et
1369 1324 1556 1366 horrent.

261 1390 585 1445 Alternansque
606 1392 728 1433 vices
749 1392 925 1433 fortuna
944 1391 1177 1445 ferensque
1197 1391 1446 1445 triumphos

262 1457 545 1512 Exiguasque
564 1458 693 1511 fugas
713 1459 892 1512 populis
911 1461 1132 1512 permutat
1150 1458 1365 1511 utrisque.

319 1524 456 1578 Urget
475 1538 607 1579 eques
628 1524 814 1578 pediteS‚
829 1525 903 1566 ille
924 1525 1160 1566 inclinatur
1180 1524 1226 1565 in
1248 1525 1386 1565 ictum

262 1589 455 1641 Arduus,
473 1591 518 1632 hi
537 1591 699 1634 tollunt
718 1591 907 1632 humiles
928 1591 974 1631 in
996 1591 1171 1632 vulnera
1195 1591 1394 1631 dextras.

265 1657 369 1698 Ibat
389 1656 530 1708 Abas,
549 1671 740 1712 cumque
760 1657 952 1710 aurigam
974 1658 1147 1698 turbare
1170 1657 1447 1711 Melampum

265 1724 453 1765 Sublato
471 1737 678 1766 mucrone
695 1728 839 1778 parat,
857 1724 1051 1764 sensisse
1070 1727 1249 1777 putares

266 1790 555 1845 Cornipedes,
578 1803 796 1845 suspensa
816 1793 963 1831 truces
983 1791 1028 1831 in
1047 1794 1230 1844 pectora
1251 1793 1446 1842 surgunt,

266 1858 624 1911 Implicitumque
645 1862 791 1898 terunt
810 1856 1014 1910 pedibus,
1036 1856 1276 1910 stratisque
1298 1856 1560 1909 relinquunt.

265 1924 432 1965 Laetior
448 1929 620 1974 eventu,
641 1924 833 1977 fisusque
856 1923 1111 1977 Melampus
1133 1935 1346 1977 equorum

267 1990 468 2042 Auxilio,
487 2005 564 2046 per
584 1995 625 2032 et
645 2003 764 2032 arma
783 1990 942 2037 virum,
964 2002 1125 2043 perque
1146 2002 1225 2031 ora
1241 1990 1432 2043 superbo

268 2057 484 2100 Fervidus
503 2072 586 2099 axe
607 2058 742 2108 volat,
764 2056 1067 2109 calcandaque
1090 2068 1276 2109 corpora
1296 2068 1501 2109 quaerens

270 2123 315 2164 N
320 2137 378 2165 on
398 2137 584 2166 vacuam
606 2125 804 2176 dignatur
823 2124 1028 2164 humum:
1058 2122 1231 2163 tandem
1247 2120 1444 2163 Anxuris
1460 2122 1587 2163 hasta

270 2191 437 2233 Dictaei
457 2193 542 2233 ruit
562 2192 787 2241 incurvuS,
807 2189 1087 2244 propriisque
1107 2188 1274 2230 fatiscit

312 2377 373 2406 1⁷4
395 2375 540 2416 Jamque,
559 2374 611 2405 vel
626 2374 755 2414 dumque
780 2372 939 2405 Dresem.

922 2457 1067 2490 NOTAE

1627 722 1710 764 160

1627 1058 1712 1099 165

1629 1391 1712 1433 170

1629 1723 1712 1765 175

1630 2054 1714 2096 180

314 2536 375 2565 156
398 2534 454 2565 Tot
470 2534 532 2565 tela
547 2534 697 2565 secundus
716 2533 848 2565 sustinet
862 2532 969 2564 AEaci-
1023 2530 1146 2564 testis?
1191 2530 1319 2563 Eadem
1343 2529 1455 2562 verba.
1499 2527 1600 2562 Quod
1623 2528 1715 2569 prius

269 2584 338 2624 des]
375 2583 465 2624 Ajax
492 2582 715 2624 Telamonius,
753 2582 808 2614 cui
845 2582 968 2613 AEacus
1023 2583 1132 2624 ponit,
1153 2578 1523 2614 ‘madidummucronis
1534 2577 1643 2618 ebur,’
1659 2586 1717 2609 ex-

272 2644 366 2666 avus.
390 2633 482 2665 Hinc
499 2634 532 2665 in
547 2632 858 2673 armorumjudicio
880 2632 969 2674 apud
1024 2632 1173 2674 plicatur
1188 2641 1238 2663 ιν.

273 2683 377 2715 Ovid.
406 2683 551 2714 ‘Frater
573 2686 659 2723 erat,
683 2681 832 2714 fraterna
851 2687 933 2723 peto
948 2682 971 2714 τ’
1067 2684 1130 2714 174
1152 2681 1226 2713 Ibat
1242 2680 1337 2720 Abas,
1353 2676 1494 2718 cumque]
1518 2677 1611 2717 Lego
1632 2677 1717 2708 dum·

271 2736 320 2771 et,
335 2733 345 2749 ‘
363 2731 488 2763 luseris
511 2730 660 2763 AEacidis
687 2731 806 2763 alienae
831 2731 970 2763 nomina
1025 2741 1094 2773 que.

273 2781 407 2822 gentis:
1066 2784 1127 2813 1⁷5
1137 2780 1277 2814 Sensisse
1284 2781 1412 2820 putares
1422 2775 1717 2816 Cornipedeswide

317 2834 377 2862 167
402 2832 447 2862 Et
474 2831 541 2862 litis
573 2831 646 2863 litui
679 2830 788 2871 testes]
825 2831 968 2862 Festus:
1023 2832 1140 2862 1.178.

271 2880 281 2897 ‘
300 2880 417 2912 Lituus
432 2882 623 2922 appellatus
646 2886 711 2921 est,
727 2880 817 2923 quod
839 2881 908 2913 litis
925 2880 970 2912 sit
