1889 3194
522 327 585 356 DE
622 327 777 356 BELLO
809 325 1034 357 'PROJANO
1070 325 1160 354 LlB.
1194 325 1239 354 V.

159 422 398 472 Promtior,
420 423 602 476 agnosci
623 422 752 477 petit,
774 423 1068 475 expectatque
1089 419 1305 461 videntem

1516 314 1601 356 497

1546 419 1604 460 25

159 490 433 531 Percussum
450 503 623 540 manus,
643 494 686 531 et
706 491 743 530 si
764 489 870 543 quid
892 488 1036 529 nobile
1058 487 1218 540 possit,

160 557 211 598 In
233 558 426 599 tenebris
447 557 636 611 sepelire
658 557 807 611 pudet.

867 557 942 598 Sic
964 555 1131 596 Martia
1151 554 1296 608 pubes

160 622 353 664 Mutatis
372 623 507 665 haeret
526 624 698 673 animis,
717 624 921 676 longique
942 622 1117 675 soporis

159 690 418 744 Impatiens,
439 693 611 731 noctem
634 690 784 743 vigiles
807 689 1016 744 expendit
1035 689 1079 729 in
1098 700 1221 738 usus,

161 757 215 798 In
237 770 436 798 somnum
457 770 540 798 non
560 757 697 798 fracta
717 757 876 806 levem,
897 768 1086 809 seseque
1106 754 1306 797 vicissim

1550 755 1608 798 30

160 823 364 866 Excitat:
395 825 441 865 hi
461 830 611 866 tensos
631 825 794 867 librant
815 824 858 865 in
875 823 997 865 bella
1015 823 1228 875 lacertos,

161 890 488 946 Intenduntque
509 892 687 945 gradus,
708 891 882 946 pugiles
902 903 1004 944 pars
1025 891 1216 944 plurima
1236 890 1380 934 vultus

162 957 364 1009 Exertat,
383 963 550 1013 partem
570 959 708 1000 vestis
728 959 894 999 furatur
914 957 1052 999 ahena

162 1024 216 1066 In
238 1039 434 1067 summos
447 1026 662 1080 perducta
680 1025 834 1080 pedes,
857 1038 909 1066 ae
931 1024 1119 1078 denique
1131 1023 1253 1078 jussi

164 1091 401 1134 Armantur
421 1094 584 1147 pariter
603 1093 733 1146 galea
749 1097 903 1147 caput,
923 1092 1064 1145 aegide
1080 1096 1252 1146 pectus,

1554 1088 1612 1130 35

163 1158 283 1201 Ense
302 1159 433 1210 latus,
452 1160 664 1214 pharetris
683 1161 900 1208 humeros,
915 1164 959 1201 et
975 1159 1124 1209 stipite
1144 1158 1338 1200 dextras.

224 1225 313 1267 His
332 1226 546 1268 instructa
567 1228 712 1269 fremit
732 1228 774 1269 in
795 1227 937 1268 lucem
952 1227 1097 1276 turba,
1114 1232 1356 1267 morantem

165 1292 260 1334 Vix
280 1305 473 1346 passura
494 1294 630 1346 diem3
660 1294 808 1336 noctis
825 1293 1058 1347 dispendia
1074 1293 1297 1343 damnant,

168 1360 225 1401 Et
241 1358 473 1411 Venerem,
488 1361 692 1411 Tithone,
711 1364 855 1402 tuam:
887 1373 986 1401 cum
1006 1360 1174 1414 praevia
1194 1359 1355 1401 Phoebi

166 1425 395 1481 Amplexu
418 1427 566 1479 gelido
579 1432 624 1469 et
645 1428 787 1469 sterili
803 1427 997 1469 tardetur
1020 1438 1184 1467 amore.

1553 1424 1611 1465 40

167 1493 297 1534 Vota
318 1494 459 1535 virum
480 1495 673 1536 valuisse
695 1498 841 1548 putes,
857 1493 1070 1535 intensior
1090 1492 1239 1533 orbem

169 1560 364 1614 Spiritus
385 1561 634 1602 astriferum
654 1565 845 1615 torquet,
866 1571 1121 1613 semperque
1141 1559 1310 1612 negatis

170 1627 358 1670 Elidens
378 1628 567 1670 modulis
580 1628 785 1684 stupidas
805 1639 947 1670 novus
964 1627 1155 1681 impetus
1173 1638 1302 1668 aures

819 1745 962 1781 NOTAE

210 1812 252 1842 25
275 1810 492 1852 Expectatque
502 1810 658 1843 videntem
671 1811 867 1843 Percussum

169 1861 294 1902 manus]
317 1860 458 1892 Testem
475 1861 607 1893 scilicet
622 1864 658 1893 et
673 1870 866 1903 praeconem

169 1909 392 1942 fortitudinis.

214 1962 255 1990 32
274 1959 400 1999 Pugiles
413 1970 487 2001 pars
497 1961 631 2001 plurimu
646 1962 750 1992 vultus
766 1962 866 1992 Exer-

172 2010 236 2051 ται]
261 2009 359 2050 Pugil
375 2020 394 2041 a
415 2011 611 2051 pugnando,
624 2012 746 2043 Varro.
773 2010 783 2027 ‘
798 2011 868 2042 Pu-

172 2060 259 2101 giles
270 2058 407 2098 vultus,’
421 2065 458 2091 ut
474 2069 540 2091 vn.
557 2065 566 2079 ‘
578 2061 711 2101 pugiles
728 2060 779 2091 vir
795 2069 868 2092 sur-

173 2112 233 2149 gat
261 2108 293 2138 iu
319 2108 464 2140 annos:'
498 2113 533 2140 et
562 2109 680 2140 eodem
707 2109 765 2141 lib.
792 2112 868 2141 492.

175 2159 185 2176 ‘
204 2162 240 2189 et
275 2157 378 2197 gladii
405 2157 564 2198 pugiles:
598 2168 659 2199 pro
688 2168 870 2200 pugnaces.

173 2206 367 2248 Aliquando
379 2207 481 2245 ἀκμὴν
496 2212 642 2240 torosum
659 2212 695 2240 et
713 2217 870 2249 compac-

172 2262 244 2289 tum
262 2258 413 2298 corporis
436 2257 541 2289 robur
563 2267 603 2289 ea
628 2267 711 2290 voce
736 2259 872 2299 signare

174 2307 323 2339 videtur.
349 2306 438 2339 Vide
454 2307 676 2340 Proverbium
699 2313 709 2326 ¹
726 2308 872 2350 pugilice

174 2355 316 2388 valere!

217 2407 259 2437 33
285 2406 416 2437 Partem
431 2406 524 2437 vestis
525 2406 659 2445 furatur
670 2407 783 2448 ahena]
808 2406 872 2439 Ar-

175 2464 243 2487 ma.
273 2455 329 2487 Sic
347 2459 476 2497 postea,
491 2458 500 2474 ‘
516 2457 649 2498 aegide,'
671 2467 733 2499 pro
746 2466 873 2498 parma,

174 2506 229 2537 vel
246 2511 355 2537 scuto.

212 2558 253 2587 3⁷
263 2555 441 2587 Morantem
454 2556 516 2587 Vix
528 2566 659 2596 passura
673 2556 876 2597 diem‚noctis

176 2605 340 2647 dispendia
350 2607 584 2648 damnant‚85c.]
599 2606 748 2638 Pacatus
764 2607 798 2637 iu
809 2607 875 2638 Pa-

175 2665 253 2696 neg.
270 2666 304 2697 p.
319 2659 374 2688 28.
396 2657 406 2674 ⁴
420 2656 517 2688 Adeo
535 2656 685 2698 quidem,
701 2661 739 2688 ut
754 2657 874 2688 castris

178 2706 221 2738 ad
235 2710 347 2738 eastra
362 2707 509 2748 collatis,
526 2707 616 2749 quod
632 2707 803 2748 praecipiti
819 2708 875 2739 die

176 2766 313 2789 manum
344 2767 525 2790 conserere
550 2767 617 2790 non
643 2763 790 2799 poterat,
814 2768 874 2799 spe

177 2807 333 2840 victoriae
357 2819 433 2841 cum
457 2810 533 2842 luce
557 2814 711 2850 ventura,
731 2810 874 2851 pervigil

179 2860 319 2900 ageret:
356 2858 491 2890 tardum
520 2860 638 2900 solem,
664 2859 873 2891 desertorem

263 2911 381 2953 Delph.
392 2915 422 2945 et
443 2912 519 2945 Var.
539 2913 624 2946 Clas.

776 2913 867 2947 Dice.
884 2913 969 2946 Cret,
983 2915 1035 2955 ἅμ’.

919 1809 1022 1849 diem,
1039 1818 1186 1840 annuum
1203 1808 1312 1841 noctis
1336 1808 1466 1842 aestivae
1482 1812 1618 1851 tempus

920 1858 1185 1891 criminaretur!
1241 1858 1363 1891 Claud.
1398 1859 1441 1891 de
1479 1860 1618 1901 Nuptiis

920 1910 1065 1941 Honorii
1079 1921 1086 1940 ι
1117 1910 1127 1926 ‘
1141 1909 1281 1941 Incusat
1297 1919 1374 1950 spes
1389 1919 1481 1950 aegra
1497 1920 1619 1951 moraS,

920 1960 1081 2001 longique
1096 1959 1254 1992 videntur
1274 1959 1373 1991 Stare
1390 1959 1477 2001 dies,
1492 1961 1618 2002 segnis·

921 2019 987 2052 que
1001 2014 1108 2041 rotam
1124 2019 1190 2041 non
1206 2011 1341 2042 volvere
1358 2010 1511 2042 Phoebe)

964 2062 1004 2091 41
1037 2060 1117 2092 Vota
1131 2060 1232 2092 virum
1245 2062 1379 2092 valuisse
1389 2060 1497 2101 putes]
1531 2061 1619 2093 Vide

922 2119 949 2142 1.
965 2112 1040 2142 178.

964 2163 1006 2191 42
1029 2159 1215 2200 Semperque
1229 2160 1353 2198 negatis
1370 2159 1498 2191 Etidens
1514 2161 1621 2191 modu-

923 2212 963 2243 lis
983 2210 1123 2251 stupz’das
1145 2219 1241 2241 novus
1262 2211 1395 2250 impetus
1419 2220 1522 2250 aures,
1549 2211 1620 2250 8542]

923 2261 1132 2302 Pythagorae
1155 2259 1237 2291 illud
1253 2259 1456 2300 φιλοσόφημα
1470 2260 1512 2290 de
1529 2260 1620 2292 Har-

923 2311 1035 2342 monia
1048 2310 1193 2342 siderum
1211 2310 1342 2350 tangit:
1361 2310 1404 2342 de
1421 2320 1487 2352 quo
1500 2310 1620 2343 Cicero

923 2361 957 2393 in
973 2363 1087 2393 Somn.
1101 2361 1291 2402 Scipionis:
1315 2366 1351 2393 et
1367 2362 1521 2393 Macrob.
1544 2371 1568 2394 1.
1588 2366 1620 2394 6.

926 2411 1030 2444 Arist.
1048 2420 1128 2443 vni.
1145 2412 1251 2443 Polit.
1267 2411 1369 2443 Plato
1383 2412 1415 2443 in
1430 2412 1569 2453 Timaeo,
1584 2419 1621 2445 et

928 2462 1064 2493 Ficinus
1079 2461 1112 2492 in
1129 2465 1310 2493 comment.
1327 2472 1357 2493 c.
1370 2464 1424 2493 28.
1447 2466 1483 2493 et
1501 2461 1620 2502 praefa-

926 2512 1018 2543 tione
1035 2512 1067 2542 in
1084 2511 1213 2543 Ionem.
1257 2511 1460 2544 Plutarchus
1476 2512 1562 2544 libro
1577 2513 1621 2544 de

926 2561 1045 2592 animae
1070 2560 1314 2601 procreatione.
1359 2562 1471 2593 Varro
1492 2561 1623 2594 Attaci·

927 2621 989 2642 nus
1013 2611 1045 2641 iu
1075 2609 1196 2651 fragm.
1230 2610 1513 2653 Chorographiae:
1553 2615 1563 2631 ⁴
1575 2613 1622 2644 Et

929 2666 1061 2702 septem
1075 2661 1211 2693 aeternis
1222 2661 1368 2692 sonitum
1383 2661 1465 2693 dare
1483 2662 1623 2694 vocibus

928 2711 1048 2743 orbes-⁵
1082 2710 1271 2742 Athenaeus
1298 2719 1375 2742 xiv.
1399 2711 1544 2743 Basilius
1565 2721 1624 2744 111.

929 2762 963 2793 in
979 2760 1142 2792 Hexae'm.
1164 2760 1368 2792 Censorinus
1379 2760 1422 2792 de
1439 2761 1493 2792 die
1506 2761 1623 2793 Natali

929 2813 1021 2842 c.13.
1048 2810 1282 2842 Fracastorius
1295 2810 1327 2841 in
1338 2810 1512 2851 Siphilide.
1528 2811 1622 2842 Mar-

929 2860 1041 2892 tianus
1059 2860 1203 2902 Capella
1231 2868 1315 2893 vui.
1343 2859 1386 2892 de
1411 2861 1519 2902 Nupr.
1543 2861 1623 2893 Phi·

1476 2914 1538 2946 21
