1889 3194
415 608 474 683 J
483 609 949 686 OSEPHI
1029 613 1389 691 ISCAN
1410 617 1459 690 I

541 807 643 856 DE
696 809 930 860 BELLO
982 812 1313 863 TROJANO

781 980 974 1022 LIBER
1022 983 1079 1024 V.

741 1311 1113 1343 ARGUMENTUM.

318 1387 475 1429 Praelia
492 1387 565 1428 sub
590 1387 776 1437 Priamo,
795 1388 867 1428 sub
887 1402 978 1444 rege
998 1389 1301 1444 Agamemnone
1319 1390 1496 1435 Quintus

319 1453 538 1504 Convocat,
559 1461 597 1494 et
610 1455 745 1508 primo
766 1454 874 1495 cadit
896 1455 1031 1496 audax
1050 1454 1319 1508 Protesilaus,

316 1520 611 1575 Patroclusque
631 1520 754 1561 armis
770 1520 955 1571 mendax,
976 1528 1014 1562 et
1036 1521 1200 1563 Merion
1220 1538 1324 1564 acer.

314 1585 417 1627 Tum
440 1585 567 1627 Paris
587 1586 828 1642 aggreditur
851 1586 1013 1641 Spartce
1033 1603 1120 1629 cum
1141 1603 1234 1645 rege
1249 1589 1441 1642 duellam,

313 1651 373 1693 Et
390 1651 497 1694 latus
519 1652 762 1694 Hectoreum
786 1651 949 1696 Pelides
962 1654 1154 1711 perforat
1173 1656 1304 1697 hasta.

199 1756 403 1816 ARDUA
427 1775 522 1829 jam
543 1773 735 1814 medium
756 1771 937 1826 pulsans
958 1770 1143 1814 Latonia
1164 1774 1330 1815 coelum

199 1840 478 1895 Noctivagos
493 1841 682 1882 librabat
702 1851 855 1892 equoe,
878 1850 1118 1892 somnoque
1140 1841 1357 1893 profundo

197 1906 441 1949 Exarmata
461 1908 584 1962 quies
602 1907 779 1948 facilem
797 1905 1049 1958 spondebat
1068 1906 1196 1947 ituris

200 1973 401 2023 Portum,
423 1973 726 2025 suadebatque
746 1971 894 2012 dolos:
924 1971 1016 2012 dux
1036 1972 1134 2025 ipse
1155 1972 1356 2025 Pelasgis

199 2038 474 2080 Nocturnum
494 2039 697 2093 disponit
719 2039 798 2079 iter
815 2052 825 2080 :
861 2051 948 2079 non
968 2039 1148 2080 verbere
1169 2043 1329 2092 pontus

198 2104 405 2157 Erigitur,
423 2118 511 2146 non
531 2118 638 2147 voce
660 2110 800 2155 sonat,
815 2105 1053 2158 jussosque
1074 2105 1203 2146 silere

198 2170 353 2212 Sulcat
373 2172 609 2213 inoffensos
626 2171 763 2213 tacito
786 2173 866 2213 sub
887 2171 1047 2223 remige
1068 2171 1229 2212 fluctus

200 2237 432 2279 Incessum
446 2237 593 2279 furata
612 2237 732 2278 ratis.
790 2237 865 2278 Sic
889 2236 1011 2278 caede
1032 2250 1213 2278 suorum

196 2302 376 2356 Exigua
390 2304 626 2345 innocuum
644 2303 805 2344 lucrari
821 2303 932 2344 forte
953 2303 1219 2355 triumphum

197 2368 476 2422 Grajugeffis,
494 2369 677 2420 fortuna,
698 2369 861 2411 dabas:
893 2372 938 2410 at
958 2369 1125 2409 Martia
1146 2368 1316 2423 Naupli
1579 2370 1636 2410 10

195 2434 352 2477 Proles
372 2436 548 2477 erubuit
568 2436 758 2486 fraudes,
779 2441 825 2477 et
843 2435 956 2477 furta
975 2435 1164 2488 negavit.

1610 2042 1639 2080 CI

843 2553 982 2586 NOTAE

235 2619 256 2648 9
278 2617 445 2649 Innocuam
459 2617 576 2649 lucrari
584 2618 672 2656 forte
686 2617 889 2658 triumphum]
941 2615 1226 2648 minatZenobius
1243 2620 1277 2648 et
1292 2616 1533 2658 Diogenianus,
1550 2617 1634 2649 ἀναι-

193 2667 433 2707 Inpnlveream
450 2667 638 2706 victoriam,
654 2666 782 2705 ἀκονιτὶ,
804 2666 887 2698 ἀναι-
939 2666 1033 2704 μακτὶ
1062 2665 1112 2698 καὶ
1149 2666 1279 2704 ἀπονητὶ
1307 2667 1348 2699 τὰ
1376 2666 1519 2709 τρόπαια,
1549 2669 1632 2701 Isid.

192 2717 281 2755 μωτί.
322 2721 330 2734 ¹
346 2717 537 2754 Salmacida
565 2717 682 2758 spolia,
713 2718 782 2748 sine
812 2726 888 2748 san·
941 2717 1106 2748 Pelusiot.
1123 2726 1180 2749 111.
1197 2718 1262 2758 Ep.
1274 2720 1329 2749 22.

194 2767 292 2807 guine
323 2771 358 2798 et
387 2766 534 2805 sudore‚'
572 2771 610 2798 ut
639 2766 765 2797 Ennius
796 2766 887 2807 apud
984 2769 1023 2798 ll
1050 2767 1182 2798 Erubuit
1189 2767 1332 2806 fraude-e,
1347 2770 1377 2798 et
1383 2765 1477 2802 furta
1491 2766 1632 2806 negavit]

193 2815 333 2848 Festum
348 2816 510 2858 loquitur,
524 2814 654 2856 ἄδακρυν
675 2814 813 2855 πόλεμον
828 2825 886 2847 no·
941 2816 1159 2849 Clandestina
1195 2820 1231 2848 et
1260 2825 1322 2857 per
1352 2816 1485 2848 insidias
1523 2820 1632 2856 gesta,
