1889 3194
544 326 606 356 DF.
643 325 796 356 BELLO
829 325 1055 356 TROJANO
1089 326 1184 356 LIB.
1218 327 1248 356 1.

177 418 351 459 Detulit
373 418 415 458 in
434 418 570 460 sures:
602 423 754 461 auctor
772 419 880 460 ratis
900 418 1067 471 Argus,
1087 424 1133 460 et
1152 418 1275 472 Argo

1534 315 1620 357 375

1562 418 1620 460 80

175 485 320 526 Navis
340 490 448 534 erat,
471 486 550 527 sed
571 491 750 539 uterque
765 486 887 526 rudis
905 499 915 527 :
945 486 1006 526 nil
1027 485 1103 526 illa
1119 486 1320 539 superbe,

174 551 282 592 Non
302 565 408 593 auro
431 552 625 605 Superos
646 553 776 602 laesit,
795 566 884 593 non
903 553 1087 606 rupibus
1109 565 1277 593 aurum.

230 618 328 659 Stat
344 619 507 659 dubius
527 632 668 659 novus
689 619 848 672 hospes
870 632 1010 673 aqua:
1042 618 1316 672 reditumque
1336 619 1573 672 fugamque

174 685 388 725 Ludentis
409 685 554 738 pelagi
573 687 768 734 miratur,
789 690 831 726 et
851 698 1030 738 aequora
1051 685 1149 725 visu

173 751 369 801 Metitur,
389 752 632 805 patriaeque
655 753 779 805 pium
799 753 1022 793 consultat
1041 765 1260 794 amorem:

1563 750 1620 793 85

174 818 341 859 Virtuti
360 823 466 859 nutu
487 818 610 859 facili
629 832 834 859 cessurus
854 824 898 859 et
916 819 1061 860 undis.

174 885 262 924 Sed
282 886 399 938 rapit
420 898 530 926 aura
543 894 695 926 ratem.
755 885 970 936 Quonam,
993 899 1079 938 quo
1099 885 1308 938 naufraga
1328 884 1471 926 tendis
1485 885 1505 924 Τ

175 951 278 1000 Quo
300 952 491 1004 populos
510 952 556 991 in
574 952 670 992 fata
690 953 854 993 trahis'?
885 956 926 992 te
946 965 999 993 ne
1020 965 1178 1004 angue,
1197 953 1266 993 vel
1287 952 1419 993 armis

175 1018 447 1059 Patrandum
468 1019 633 1059 fastidit
652 1031 767 1071 opus
782 1020 801 1059 ’ἲ
833 1019 927 1059 scio
950 1019 1085 1059 taedia
1111 1018 1247 1067 tolliS,

175 1085 372 1126 Delicias
393 1085 503 1125 lethi
525 1086 712 1138 quaeris:
743 1098 858 1126 nunc
880 1089 1003 1126 utere
1024 1098 1138 1126 saxo

173 1152 306 1192 Terra
328 1155 500 1204 potens,
523 1157 656 1205 atque
676 1151 851 1205 injectae
875 1152 1185 1206 Symplegadis
1206 1152 1294 1192 ictu

828 1308 967 1341 NOTAE

174 1405 264 1437 unde
281 1404 483 1446 Magnetida
497 1404 590 1444 Argo
605 1409 740 1435 vocant.
766 1403 870 1435 Ovid.

172 1456 206 1486 in
225 1456 357 1495 Pagasa
374 1460 484 1494 portu.
509 1454 587 1484 Vid.
605 1454 697 1494 Hyg.
712 1463 753 1484 rr.
777 1453 871 1493 Argo

172 1506 344 1536 nominata
360 1505 401 1536 ab
417 1509 569 1542 auctore,
586 1509 624 1535 ut
647 1508 683 1535 et
700 1504 825 1535 Noster
837 1509 871 1534 et

174 1554 333 1595 Apollod.
352 1563 376 1585 1.
393 1556 446 1585 42.
470 1554 522 1584 vel
548 1558 689 1593 propter
713 1553 869 1584 celerita-

172 1610 255 1635 tem.
299 1605 457 1636 Haemum
492 1613 571 1635 vero
601 1613 661 1634 cur
698 1604 869 1636 nominet?

173 1664 250 1685 cum
265 1654 398 1685 Pelium
424 1663 539 1685 omnes
555 1653 627 1684 fere
650 1654 777 1685 velint:
802 1655 869 1685 En-

172 1704 259 1740 nius,
285 1704 366 1735 item
394 1703 537 1735 Hieron.
554 1706 606 1734 16.
644 1705 653 1720 4
674 1703 808 1734 Utinam
826 1713 869 1735 ne

172 1754 205 1785 in
222 1763 359 1785 nemore
384 1753 504 1794 Pelio:
521 1753 610 1795 quod
628 1753 730 1784 toties
748 1754 869 1786 Cicero

173 1804 288 1840 iterat,
300 1809 334 1835 et
351 1804 474 1843 Varro,
487 1803 678 1834 desumtum
692 1812 734 1833 ex
751 1803 869 1844 Enrip.

172 1854 319 1884 Medea:
344 1853 487 1886 Quintil.
512 1862 547 1883 v.
569 1853 613 1883 de
638 1852 748 1883 causis
771 1852 870 1893 longe

172 1903 301 1943 petitis.
335 1903 424 1934 Vide
453 1902 594 1933 eandem
621 1911 691 1933 rein
720 1902 870 1942 eleganti

171 1952 282 1994 σωρείᾳ
298 1951 388 1993 apud
412 1952 520 1983 Clem.
544 1951 644 1983 Alex.
666 1952 792 1984 strom.
809 1952 867 1982 lib.

171 2011 256 2034 vni.
280 2002 432 2033 Forsitan
446 2002 509 2033 hoc
522 2001 619 2038 fecit,
635 2002 713 2043 quia
729 2001 870 2032 Haemns

170 2052 347 2083 Thraciam
377 2062 397 2083 a
418 2052 593 2083 Thessalia
619 2051 807 2093 distinguit,
832 2056 871 2083 ut

171 2102 308 2133 Servius
325 2103 393 2142 ait3
417 2102 509 2142 Argo
522 2112 601 2133 vero
623 2103 632 2119 ‘
643 2102 806 2133 Thessala
821 2103 870 2143 pi-

171 2161 234 2183 nus
247 2152 256 2165 '
270 2153 393 2192 saepius
401 2152 518 2182 Poetis
531 2152 636 2182 dicta.
659 2152 762 2182 Ovid.
777 2153 869 2183 Fast.

173 2211 208 2232 v.
223 2202 233 2219 4
244 2201 366 2232 Pelion
379 2201 566 2232 Haemoniae
581 2211 675 2232 mons
686 2207 736 2233 est
749 2202 871 2233 obver-

172 2260 227 2281 sus
240 2251 274 2281 in
291 2250 479 2282 Austrum:
504 2251 561 2281 De
582 2250 705 2281 Haemo
722 2251 800 2282 vide
816 2252 871 2282 Li-

173 2300 263 2331 vium
280 2308 338 2331 XL.

217 2353 259 2381 80
287 2350 413 2381 Detulit
427 2350 461 2381 in
477 2349 586 2389 fures]
608 2349 663 2380 Ita
685 2349 782 2390 Virg.
798 2351 871 2382 AEn.

173 2410 185 2431 1
194 2409 228 2431 x.
238 2403 247 2417 ‘
258 2401 392 2432 Detulit
404 2401 437 2431 in
449 2399 579 2431 terras.’
597 2400 755 2431 Curvero
764 2399 876 2431 fures?

174 2459 215 2480 an
232 2450 312 2491 quia
327 2450 476 2490 dixerat,
494 2451 503 2466 4
515 2450 569 2490 qui
584 2454 746 2490 caperent
768 2450 873 2481 thala-

177 2510 258 2538 mos,
287 2500 473 2540 spoliarent
490 2509 593 2539 regna
618 2499 796 2530 metallis:'
819 2501 872 2531 vel

173 2550 254 2591 quia
268 2549 362 2581 fures
378 2549 471 2580 aurei
488 2550 622 2580 velleris
636 2550 647 2580 ?
670 2549 761 2580 furto
770 2550 873 2589 enim,

174 2599 265 2641 quod
287 2604 341 2631 est
361 2599 494 2635 fraude,
520 2598 655 2630 Medeae
679 2599 763 2630 illud
786 2598 874 2630 obti-

172 2654 277 2681 nent:
294 2649 342 2680 sic
356 2649 444 2680 infra
459 2650 468 2667 4
481 2649 804 2690 praedonem’vocat
812 2649 872 2682 Ja-

174 2708 301 2731 sonem.

214 2751 255 2780 87
279 2749 343 2780 Sed
357 2749 440 2790 rapit
453 2758 530 2780 aura
544 2748 660 2789 ratem]
676 2749 798 2790 Papin.
813 2758 871 2782 nr.

172 2798 266 2838 Sylv.
288 2799 298 2815 ‘
311 2798 492 2838 Audimur,
508 2803 608 2830 vocat
623 2799 696 2839 ipse
721 2803 827 2830 ratem
842 2799 871 2831 ε’

174 2849 272 2888 paulo
294 2853 382 2890 post,
403 2850 413 2866 ‘
432 2848 521 2889 fugit
549 2858 631 2880 ecce
661 2858 762 2889 vagas
788 2849 869 2881 ratis

925 1408 1002 1435 acta
1020 1413 1080 1444 per
1097 1403 1230 1436 undas.’

967 1458 1008 1487 88
1025 1457 1066 1487 Te
1078 1466 1114 1486 ne
1129 1465 1241 1495 angue,
1257 1456 1306 1486 vel
1320 1455 1416 1486 armis
1428 1455 1625 1487 Patrandum

916 1505 1048 1542 fastidit
1063 1506 1154 1546 opus]
1185 1506 1310 1537 Nescio
1336 1515 1377 1536 an
1404 1506 1516 1536 omnia
1541 1506 1625 1536 satis

923 1565 1017 1586 sana.
1050 1556 1164 1586 Plaut.
1190 1557 1199 1572 ‘
1217 1555 1346 1586 fastidit
1359 1555 1423 1586 mei
1439 1555 1458 1586 ε’
1472 1555 1627 1585 ‘fastidi-

923 1615 997 1637 mur
1013 1605 1201 1646 bonorum‚'
1228 1607 1374 1637 Lucilius
1390 1616 1398 1637 z
1423 1607 1432 1623 ‘
1451 1606 1540 1636 Meri
1558 1605 1626 1636 fas-

923 1656 1003 1687 tidis
1017 1656 1027 1670 '
1050 1656 1166 1687 Plaut.
1194 1656 1228 1687 in
1243 1656 1383 1687 Sticho:
1408 1660 1417 1673 ·
1429 1655 1543 1696 pabuli
1560 1654 1627 1686 fas-

924 1705 1048 1745 tidire‚’
1071 1712 1192 1737 auctor
1216 1706 1387 1737 Dirarum.
1432 1705 1627 1745 Usurpatur

923 1756 976 1786 hic
1003 1765 1077 1795 pm,
1102 1755 1240 1786 fastidio
1268 1754 1393 1786 afficit:
1417 1761 1454 1786 ut
1476 1755 1567 1786 infra
1591 1764 1626 1786 v.

926 1807 999 1836 198.
1014 1805 1023 1822 ‘
1040 1804 1194 1836 fastidita
1207 1804 1322 1835 auris.'
1339 1809 1374 1835 et
1387 1813 1420 1834 v.
1434 1807 1508 1835 219.
1525 1805 1533 1821 ‘
1544 1814 1627 1845 quo-

925 1864 997 1885 rum
1014 1853 1148 1885 fastidit
1166 1864 1243 1885 usus
1260 1863 1404 1894 regnare
1419 1853 1628 1893 negantem!

925 1903 1094 1934 Phaedrus
1111 1913 1165 1934 lv.
1180 1906 1235 1934 64.
1250 1905 1260 1921 4
1276 1904 1333 1945 qni
1347 1904 1528 1934 stultitiam
1545 1914 1627 1935 nau-

924 1952 1047 1984 seant.'

966 2005 1008 2033 90
1032 2003 1173 2033 Delicias
1194 2002 1269 2033 lethi
1292 2002 1422 2044 quoeris]
1448 2003 1503 2034 Sic
1518 2002 1625 2034 infra:

925 2056 933 2068 ¹
950 2052 1034 2082 ratis
1052 2051 1207 2092 Atropon
1224 2051 1346 2083 auxit.¹
1371 2052 1526 2083 Multaiu
1537 2054 1626 2084 hunc

926 2110 1060 2132 sensum
1078 2102 1167 2141 apud
1185 2102 1298 2141 plures
1314 2106 1481 2134 auctores.
1518 2103 1626 2143 Prop.

930 2152 1054 2182 ‘Terra
1080 2161 1199 2191 parum
1228 2150 1362 2183 fuerat:
1393 2151 1470 2183 satis
1497 2153 1626 2193 adjeci-

924 2212 997 2233 mus
1011 2201 1139 2233 undas:
1158 2202 1296 2233 Natnrae
1313 2202 1454 2232 miseras
1471 2203 1626 2232 auximus

926 2256 1000 2282 arte
1030 2251 1124 2282 vias?
1161 2251 1327 2282 Phaedrus
1356 2260 1405 2281 ιν.
1434 2255 1443 2268 4
1461 2251 1625 2291 professae

925 2301 1045 2331 mortis
1086 2300 1197 2336 viam,’
1236 2300 1400 2339 nominat,
1445 2300 1625 2341 αὐθαίρετον

925 2349 1067 2381 θάνατον.
1103 2351 1189 2380 Plin.
1205 2358 1284 2380 xrx.
1301 2351 1311 2367 ⁴
1327 2359 1550 2390 provocamus
1567 2361 1625 2384 ve-

923 2402 964 2431 lis
988 2404 1024 2431 et
1054 2400 1270 2440 navigatione
1299 2400 1468 2431 mortem.'
1500 2401 1626 2433 Lucan.

924 2459 980 2481 ιιι.
996 2454 1004 2467 ¹
1020 2449 1165 2490 fatisque
1184 2458 1245 2490 per
1260 2449 1351 2480 illam
1365 2449 1519 2481 Accessit
1534 2461 1624 2482 mors

925 2511 992 2532 una
1020 2500 1150 2532 ratem!
1194 2501 1303 2532 Hinc
1323 2502 1447 2542 Papiri.
1479 2511 1519 2533 n.
1553 2503 1624 2544 Syl.

924 2551 934 2568 4
961 2559 1109 2591 puppem
1152 2550 1364 2581 temerariam
1408 2551 1599 2584 Minervae:

926 2601 1010 2631 alius
1041 2601 1130 2641 quis,
1154 2601 1164 2617 ‘
1179 2600 1328 2630 Fatalem
1356 2606 1541 2641 properant
1564 2611 1620 2633 ne-

925 2649 1146 2681 cessitatem!
1181 2650 1259 2681 Val.
1292 2650 1342 2681 Fl.
1371 2659 1396 2682 1.
1423 2652 1433 2668 ‘
1447 2651 1517 2682 vias
1547 2661 1623 2683 cer-

925 2705 1012 2731 nunt
1033 2700 1098 2730 sibi
1123 2709 1279 2730 crescere
1305 2699 1453 2731 Parcae.'
1486 2701 1625 2732 Horatii

924 2749 1058 2789 διέξοδος
1083 2750 1141 2782 lib.
1164 2759 1188 2781 r.
1211 2750 1324 2782 Carm.
1341 2757 1376 2782 et
1391 2750 1515 2792 Papin.
1530 2752 1625 2792 Sylv-

925 2809 982 2832 ιιι.
997 2800 1031 2831 in
1049 2800 1235 2840 Propemp.
1250 2806 1329 2832 nota
1346 2804 1410 2833 est.
1446 2801 1534 2832 Vide
1548 2802 1625 2833 Sto-

923 2850 1034 2882 baeum
1047 2849 1090 2882 de
1106 2850 1255 2891 navigat.
