1889 3194
553 358 614 388 DE
648 357 803 388 BELLO
836 356 1061 388 TROJANO
1095 357 1189 386 LlB.
1222 356 1275 386 11.

192 451 350 492 Testor
367 451 562 502 humum,
582 464 669 493 non
688 456 881 494 armatas
900 452 945 493 in
964 451 1118 506 praelia
1137 451 1300 503 linguae

193 517 474 559 credideram
498 519 669 559 venisse
690 519 810 560 Deas
827 532 838 561 t
868 519 951 560 hac
971 522 1094 573 parte
1113 518 1345 571 loquacem

192 585 368 625 Erubeo
390 598 557 636 sexum,
578 587 724 627 minus
743 586 816 627 hic
838 599 967 639 quam
988 585 1169 627 foemina
1186 597 1383 638 possum.

192 651 382 692 Martem
404 652 535 692 alium
556 652 720 694 didici:
749 652 932 694 victoria
951 652 1086 701 foeda,
1106 652 1184 692 ubi
1204 651 1350 693 victus

193 718 304 759 Plus
324 718 473 759 laudis
493 718 659 760 victore
679 719 800 769 seret,
825 719 1073 773 nostrisque
1093 718 1325 772 triumphis

192 785 285 826 Hic
304 785 423 826 haud
443 790 576 827 notus
596 786 751 827 honos.
794 785 882 827 Sed
903 798 990 839 quo
1008 784 1159 838 regina
1178 784 1339 827 decoro

192 852 339 892 Effatu
359 853 529 894 tendit?
592 853 692 894 Dea
712 853 769 894 sit
789 852 913 902 cedo,
933 852 1070 893 immo
1091 852 1289 893 Dearum

1550 854 1634 895 330

193 918 396 960 Maxima
414 933 423 957 ε
455 933 541 961 non
562 920 731 961 dextrae
753 919 896 960 sortiri
917 923 1099 972 sceptra
1119 920 1325 972 potentis,

192 985 411 1027 Partirive
430 987 459 1027 J
463 999 587 1028 ovem
610 987 812 1028 certatim
833 985 1056 1027 venimus:
1086 984 1181 1034 illa,

191 1052 276 1093 Illa
295 1053 471 1103 habeat,
502 1066 603 1107 quae
625 1066 672 1094 se
692 1057 899 1102 ostentat,
924 1065 1005 1094 nos
1026 1052 1166 1104 gloria
1186 1052 1360 1102 saltem,

191 1119 304 1160 Cum
326 1120 467 1160 titulis
487 1133 600 1173 opus
623 1128 707 1170 est,
734 1125 862 1162 ornat
881 1120 1044 1160 minor:
1080 1124 1126 1159 et
1153 1120 1256 1172 quia
1277 1132 1409 1173 cogor

192 1185 246 1227 In
267 1186 418 1227 laudes
440 1188 514 1236 ire,
534 1187 653 1228 haud
674 1188 793 1246 omui
814 1187 907 1227 sine
929 1186 1029 1227 dote
1046 1185 1266 1236 Minerva,

1550 1187 1634 1229 3:35

191 1252 239 1293 Si
259 1266 382 1306 gena,
403 1253 442 1294 si
461 1255 631 1306 generis
652 1258 822 1304 auctor,
843 1253 883 1294 si
911 1253 1099 1306 denique
1127 1265 1269 1294 mores

192 1318 442 1370 Quaerendi,
462 1320 506 1360 in
527 1321 647 1361 curis
673 1324 823 1374 regnat
842 1319 1005 1374 pudor:
1038 1333 1065 1360 a
1083 1319 1198 1360 Jove
1217 1319 1395 1372 sanguis
1412 1333 1420 1357 :

190 1386 375 1427 Censori
395 1387 535 1427 facies
555 1387 682 1428 oculo
701 1392 851 1440 patet:
876 1387 1071 1427 haeccine
1091 1385 1243 1434 forma,

190 1453 294 1494 Hoc
317 1466 466 1505 genuS,
484 1453 554 1494 hic
573 1453 733 1494 mentis
751 1454 925 1494 cultus?
983 1452 1031 1492 Si
1051 1452 1238 1505 conjuga
1260 1451 1389 1494 Divae

188 1519 379 1569 Gaudia,
401 1523 628 1572 nuptarum
650 1519 793 1570 dotes,
812 1524 857 1560 et
877 1519 1061 1572 pignora
1080 1518 1280 1572 jactaut3

1550 1521 1634 1562 340

840 1627 984 1659 NOTAE

228 1706 290 1735 325
310 1703 379 1734 Hac
399 1707 490 1743 parte
505 1705 660 1743 loquacem
674 1702 796 1734 Erubeo
811 1711 882 1734 sex·

184 1754 249 1794 um]
276 1753 332 1784 Sic
361 1753 419 1784 lib.
447 1762 496 1784 vr.
527 1753 569 1783 de
598 1752 788 1783 Pentasile:
812 1752 822 1770 ⁴
845 1756 882 1782 at

185 1803 279 1844 virgo
296 1804 472 1844 loquacem
488 1802 603 1833 Tarda
626 1803 721 1843 sequi
737 1800 881 1833 sexum.’

185 1852 376 1884 Garrulitas
393 1852 481 1883 enim
498 1856 551 1883 est
573 1851 583 1868 ‘
596 1853 750 1892 supellex
767 1851 883 1882 mulie-

184 1902 278 1934 bris.'
302 1903 417 1934 Plaut.
431 1903 592 1934 Poenulo:
607 1907 616 1921 ‘
630 1903 681 1933 En
694 1906 880 1933 monstrum

183 1952 344 1991 mulieris,
370 1952 502 1984 tantula
524 1956 621 1983 tanta
644 1951 747 1983 verba
770 1950 880 1982 fundi-

185 2001 258 2032 tat!

228 2054 291 2082 326
315 2052 423 2083 Minus
451 2051 501 2082 hic
531 2062 621 2092 quam
643 2052 778 2090 soemz'na
811 2061 879 2092 pos-

182 2101 263 2141 sum]
285 2101 341 2132 Sic
358 2107 479 2133 antea:
500 2103 510 2119 ‘
529 2101 667 2133 foemina
688 2102 762 2142 plus
778 2111 879 2143 quam

179 2150 259 2190 jura
274 2150 411 2182 sinunt.‘

226 2202 289 2230 327
314 2200 453 2231 Victoria
477 2201 578 2238 soecla,
597 2200 651 2231 ubi
679 2201 781 2232 victus
802 2202 880 2232 Plus

181 2249 283 2280 laudis
305 2250 421 2280 victore
435 2249 538 2291 feret]
564 2250 708 2290 Optima
722 2250 829 2289 γνώμη
845 2251 880 2282 in

183 2298 411 2329 conviciorum
435 2304 469 2330 et
492 2299 669 2331 calumniae
685 2301 879 2340 strepitum,

183 2353 295 2379 sumta
326 2358 345 2379 a
384 2349 625 2389 Demosthene,
658 2350 728 2390 qui,
756 2354 794 2380 ut
827 2354 881 2381 est

181 2398 270 2437 apud
294 2398 466 2429 Stobaeum
494 2408 594 2429 serm.
611 2401 664 2429 71.
687 2398 880 2439 λοιδορουμέ-

181 2459 233 2478 νου
246 2447 330 2479 ‘nvos
343 2447 447 2487 αὐτὸν,
457 2448 502 2479 Οὐ
518 2447 770 2487 συγκαταβαίνω,
781 2447 879 2488 εἶπεν,

180 2498 222 2530 εἷς
230 2498 334 2537 ἀγῶνα
343 2499 376 2529 ἐν
387 2497 410 2538 ᾧ
421 2497 582 2536 νικώμενος
593 2499 650 2528 τοῦ
657 2497 802 2530 νικῶντός
812 2499 880 2530 ἐστι

180 2547 338 2588 κρείττων.
386 2548 486 2579 Philo
505 2547 648 2579 eandem
674 2549 878 2580 sententiam

179 2598 304 2629 recitat
327 2598 378 2628 De
404 2597 560 2637 agricult.
578 2600 652 2628 158.
698 2598 790 2630 Plut.
811 2599 879 2630 Na-

180 2648 358 2678 zianzenus
374 2648 544 2687 apposite,
566 2649 707 2687 κρεῖττον
725 2648 877 2686 ἡττᾶσθαι

178 2700 293 2737 καλῶς,
316 2699 336 2735 ἦ
359 2699 449 2739 νικᾷν
471 2698 647 2738 ἐπισφαλῶς
662 2697 712 2729 κα),
727 2698 875 2737 ἀθέσμως.

180 2748 278 2780 Orat.
294 2757 318 2780 1.
333 2750 388 2779 41.
423 2748 600 2779 Plutarch.
617 2750 650 2780 in
667 2749 722 2780 lib.
741 2748 783 2780 de
801 2750 876 2781 hos-

179 2797 259 2828 tium
271 2798 412 2830 auxilio:
428 2797 448 2835 ἦ
458 2798 534 2836 σιγὴ
545 2800 708 2838 πανταχοῦ
719 2799 776 2838 μὲν
785 2800 874 2831 ὑπεύ-

179 2851 278 2888 θυνον,
290 2848 322 2881 ἐν
338 2847 370 2882 δὲ
385 2849 545 2889 λοιδορίαις
555 2850 679 2891 σεμνὸν,
696 2853 758 2883 διὀ-
783 2851 872 2883 Vide

935 1701 1031 1733 Stob.
1047 1703 1102 1733 92.
1127 1701 1182 1733 ubi
1208 1701 1274 1732 ista
1297 1702 1505 1734 Philemonis
1528 1704 1632 1736 habes

936 1761 1018 1782 auro
1035 1756 1152 1782 contra
1166 1762 1173 1782 ζ
1189 1750 1299 1782 ’Ἥδιον
1319 1751 1420 1790 οὐδὲν,
1441 1753 1510 1785 οὐδὲ
1525 1766 1632 1792 μουσι-

936 1801 1068 1841 κώτερον
1077 1801 1181 1841 “Ἐστ’,
1196 1802 1215 1838 ἢ
1234 1801 1380 1832 δυνάσθαι
1400 1803 1633 1844 λοιδορούμενον

936 1850 1051 1891 φέρειν·
1070 1850 1129 1882 Καὶ
1142 1851 1205 1891 γὰρ
1226 1852 1242 1881 ὃ
1267 1853 1425 1891 λοιδορῶν,
1440 1853 1478 1884 ἂν
1499 1854 1514 1883 ὃ
1531 1856 1634 1885 λοιδο-

934 1901 1080 1942 ρούμενος
1109 1901 1160 1938 Μὴ
1185 1903 1404 1941 προσποιῆται,
1430 1905 1590 1944 λοιδορεῖθ’
1618 1906 1634 1935 ὁ

934 1953 1093 1992 λοιδορῶν.
1119 1951 1226 1983 Immo
1238 1953 1336 1983 κακῶς
1349 1951 1472 1983 ἀκούειν
1482 1955 1635 1994 κρεῖττον,

934 2001 954 2038 ἢ
979 2000 1087 2040 λέγειν
1109 2003 1220 2032 κακῶς.
1264 2001 1414 2042 Insignis
1440 2013 1543 2043 super
1570 2005 1632 2036 hac

935 2061 971 2082 re
999 2057 1050 2083 est
1073 2052 1200 2084 Justiui
1217 2052 1379 2092 Martyris
1403 2054 1575 2084 sententia
1600 2055 1633 2085 in

934 2101 1078 2141 epistola
1108 2101 1150 2131 ad
1182 2101 1309 2132 Zenam
1340 2106 1375 2132 et
1408 2102 1571 2134 Serenam
1602 2107 1633 2134 2.

933 2150 1008 2191 πρὸς
1018 2150 1074 2181 τὸν
1089 2149 1265 2190 κεκραγότα
1278 2150 1462 2190 σιωπητέον,
1474 2154 1540 2184 &c.
1556 2163 1632 2193 quae

934 2202 1090 2241 pluscula
1128 2200 1320 2240 Chesippus
1355 2201 1500 2241 quilibet
1533 2202 1633 2241 ταχύ·

933 2255 1072 2281 πλουτος
1098 2249 1276 2288 Σαλμονεὺς
1300 2250 1335 2280 ἐκ
1358 2250 1486 2290 βύρσης,
1508 2256 1542 2282 et
1563 2254 1632 2283 Da-

934 2302 1046 2342 phitas
1075 2301 1102 2331 si
1126 2301 1335 2338 attenderet,
1357 2309 1527 2341 nunquam
1540 2301 1632 2333 foret

933 2349 1102 2381 Stratonis
1118 2349 1175 2380 ille
1191 2348 1342 2383 coculus,
1356 2348 1414 2389 qui
1429 2349 1471 2380 de
1487 2360 1523 2380 se
1539 2352 1630 2391 apud

934 2399 1151 2439 Athen-«eum,
1168 2399 1237 2437 ἐξῆν
1259 2396 1276 2428 ὃ
1294 2396 1404 2432 βούλει
1426 2400 1471 2437 τῷ
1492 2399 1630 2439 μαγείρῳ

933 2449 1018 2488 αὐτῷ
1027 2448 1142 2487 λέγειν.
1155 2457 1208 2479 lx.
1217 2458 1249 2488 p.
1258 2451 1311 2478 38.
1336 2447 1403 2478 Sed
1414 2447 1500 2480 bene
1513 2449 1630 2490 hahet,

933 2498 1001 2530 ἔστι
1016 2497 1110 2538 θέμις,
1122 2497 1172 2529 καὶ
1195 2499 1347 2536 γλῶσσαν
1366 2497 1488 2530 ἀναιδέα
1511 2499 1628 2533 τίνεται

932 2549 1006 2588 ἄτη,
1042 2554 1080 2580 ut
1108 2549 1157 2579 ait
1188 2548 1330 2579 Cointus
1360 2548 1554 2588 Smyrnaeus
1584 2551 1628 2583 de

930 2598 1087 2630 Thersite
1103 2607 1128 2630 1.
1144 2601 1220 2629 750.
1243 2596 1402 2636 ἀχαλίνων
1416 2598 1580 2638 στομάτων
1589 2601 1628 2632 τὸ

931 2647 1025 2680 τέλος
1043 2647 1206 2687 δυστυχία.
1250 2648 1339 2679 Vide
1356 2648 1515 2688 insignite
1531 2659 1627 2691 egre·

931 2699 986 2740 gia
1017 2698 1059 2729 de
1091 2698 1344 2730 Calumniarum
1380 2696 1494 2729 fructu
1536 2701 1626 2740 apud

930 2750 1050 2790 Chrys.
1067 2749 1168 2780 Hom.
1184 2751 1235 2780 14.
1251 2748 1285 2778 in
1302 2747 1391 2779 Acta
1412 2748 1531 2790 Apost.
1549 2754 1624 2785 553.

929 2805 963 2832 et
980 2800 1080 2833 Hom.
1095 2803 1148 2833 39.
1166 2809 1199 2841 p.
1213 2802 1287 2831 716.
1304 2808 1334 2830 v.
1349 2801 1423 2830 319.
