1889 3194
607 347 670 376 DE
706 345 862 377 BELLo
895 345 1122 376 'rRosANo
1158 344 1252 375 ΜΒ.
1286 345 1351 375 vi.
1601 335 1686 375 557

237 438 326 479 His
344 437 441 479 fidit
460 439 585 481 telis:
608 445 657 481 at
676 454 766 482 non
782 440 1000 494 patiemur
1014 438 1175 480 Achivi
1192 453 1201 481 ε

235 505 295 546 Et
316 505 353 546 si
375 511 500 559 turpe
520 506 627 548 viris
645 507 823 548 timidas
844 507 1013 548 calcare
1042 506 1230 559 puellas,
1602 506 1687 547 615

236 572 322 613 Ibo
339 577 484 613 tamen
505 579 675 615 contra.
731 574 809 615 Sic
832 574 919 623 ille,
942 576 986 614 at
1007 573 1130 625 virgo
1152 573 1381 627 loquacem

234 639 386 681 Tarda
407 641 535 693 sequi
557 654 727 691 sexum,
749 643 880 682 velox
903 641 956 681 ad
979 640 1148 694 praelia,
1168 641 1264 681 solo

235 706 667 760 Respondetjaculo
692 721 702 749 :
725 708 862 749 fatum
882 708 1154 749 miserabile!
1189 708 1362 760 lapsum

236 773 386 814 Hasta
408 775 503 815 solo
523 774 645 826 figit:
677 775 870 829 pendent
893 776 1094 828 vestigia,
1115 787 1320 828 praeceps

234 840 307 881 Ire
327 840 500 881 laborat
520 854 675 894 equus,
697 842 846 895 cuspis
868 846 1000 890 vetat,
1023 848 1155 896 atque
1177 842 1239 883 ita
1261 842 1445 896 carptim
1599 842 1685 884 620

235 907 398 948 Infelix
417 907 510 948 diro
531 908 726 949 lacerant
744 909 980 950 certamine
996 923 1169 963 corpus,

292 974 430 1016 Haud
451 977 594 1016 minus
615 975 855 1016 Adrastum
873 976 1068 1030 Pyrrhus
1089 975 1354 1030 premit‚ille
1376 976 1569 1017 Deorum

235 1041 406 1091 Proles,
428 1042 600 1083 mortali
621 1043 760 1083 vitam
782 1043 860 1084 sed
882 1043 1073 1084 reddidit
1094 1043 1228 1084 hosti.

180 1143 185 1149 .
237 1108 354 1149 Mox
375 1109 490 1150 alias
512 1109 729 1162 utrimque
751 1123 925 1160 manus,
945 1109 1216 1163 dextrasque
1238 1109 1430 1152 minores

234 1175 470 1218 Accedunt
492 1178 702 1230 exempla
724 1177 882 1218 ducum
901 1191 910 1218 ε
943 1178 1041 1230 quis
1064 1178 1238 1230 singula
1257 1178 1455 1231 pandat?
1599 1178 1686 1222 625

236 1244 285 1285 Si
307 1243 467 1285 fluctus
487 1244 683 1294 Siculos,
701 1244 883 1298 Libycae
906 1244 944 1285 si
965 1245 1126 1285 messis
1149 1245 1320 1295 aristas,

236 1311 455 1365 Hyblaeas
477 1311 515 1351 si
538 1314 680 1352 secter
700 1324 825 1364 apes,
849 1314 917 1352 tot
937 1311 1131 1360 vulnera,
1153 1315 1300 1352 tantas

237 1377 377 1419 Haud
405 1383 553 1419 tamen
569 1378 805 1431 expediam
829 1378 998 1419 caedes:
1030 1390 1254 1431 nunquam
1278 1383 1379 1420 ante
1402 1378 1627 1421 Machaon

236 1445 461 1495 Pluribus,
483 1449 555 1486 aut
574 1445 707 1485 tantis
725 1446 844 1497 eguit
866 1445 1121 1486 Podalirius
1142 1445 1303 1488 herbis,

291 1512 480 1566 Jamque
501 1513 686 1553 humiles
706 1512 924 1565 populata
949 1524 1105 1552 manus
1127 1525 1380 1555 concurrere
1399 1513 1528 1554 binos
1597 1512 1684 1555 630

236 1579 419 1620 Molitur
440 1580 616 1620 fortuna
637 1580 791 1629 duces,
807 1592 888 1620 nec
908 1579 1038 1631 longa
1055 1580 1215 1620 morati

234 1645 373 1687 Arma
391 1651 570 1700 parant:
600 1651 843 1700 parentque
866 1646 1037 1687 alacres
1056 1658 1067 1685 ι
1098 1646 1360 1688 audentibus
1377 1647 1485 1689 olim

235 1712 483 1755 Accessum
506 1727 618 1754 nunc
639 1714 766 1754 turba
787 1713 941 1753 dabat:
972 1726 1090 1754 nunc
1111 1713 1270 1766 largior
1285 1726 1395 1755 usus

236 1779 519 1834 Camporum‚
542 1793 837 1834 numerusque
855 1780 1000 1821 minor
1020 1793 1030 1820 =
1060 1781 1177 1833 prior
1197 1780 1402 1834 improba
1423 1781 1641 1835 Pyrrhum

235 1847 519 1889 Penthesilea
539 1849 726 1902 premit3
758 1848 885 1889 Mars
908 1847 1042 1897 hunc,
1062 1847 1175 1888 hanc
1196 1848 1351 1908 implet
1372 1848 1501 1902 Enyo
1599 1848 1687 1891 635

234 1914 308 1956 Ad
329 1928 485 1956 sexum
505 1928 594 1956 non
611 1915 736 1956 tarda
757 1928 886 1956 suum
906 1928 916 1956 :
943 1914 1143 1956 Tritonia
1162 1916 1315 1966 neutri,

236 1982 397 2023 Neutri
417 1982 445 2024 J
452 1995 538 2024 uno
559 1983 694 2032 favet,
716 1982 930 2036 Pyrrhum
951 1994 1031 2022 nec
1053 1982 1228 2023 vincere
1257 1982 1434 2025 malint:

235 2048 290 2090 ln
310 2049 501 2102 spatium
517 2050 610 2103 jam
627 2050 789 2090 crescit
811 2062 927 2101 ager,
947 2052 1175 2102 porrectus
1194 2052 1373 2103 uterque

236 2115 422 2166 Comus,
444 2120 624 2170 uterque
646 2117 779 2166 ensis,
802 2116 1022 2157 admissos
1044 2115 1167 2156 calce
1189 2116 1374 2168 fatigant

237 2183 510 2236 Cornipedes
529 2196 539 2222 :
570 2183 735 2236 primas
753 2183 897 2237 perdit
914 2182 991 2222 sed
1014 2182 1216 2223 fraxinus
1238 2183 1341 2232 iras,
1600 2184 1685 2224 640

235 2248 349 2290 Pars
372 2250 542 2304 clypeis
564 2250 776 2290 immensa
798 2249 937 2298 sedet,
960 2262 1063 2302 pars
1080 2249 1296 2302 spargitur
1315 2249 1456 2290 arvis:

238 2315 417 2357 Partem
438 2317 597 2358 dextra
618 2321 753 2367 tenet,
772 2330 878 2357 mox
898 2317 1056 2356 certior
1075 2329 1178 2357 ense
1200 2316 1445 2371 propinquo

886 2434 1030 2468 NOTAE

278 2521 341 2550 625
366 2519 525 2550 Accedunt
547 2519 685 2559 exempla
705 2518 830 2559 ducum]
854 2518 935 2549 For·
1031 2526 1095 2554 638
1118 2523 1158 2554 In
1187 2524 1322 2564 spatium
1344 2524 1413 2563 jam
1449 2526 1559 2558 crescit
1594 2527 1686 2569 ager]

236 2573 328 2602 tasse
343 2570 354 2587 ‘
373 2568 564 2600 accendunt
577 2568 599 2600 ε’
621 2568 680 2600 sed
698 2573 732 2600 et
747 2569 840 2610 prius
858 2578 934 2609 pro·
988 2573 1078 2604 Vide
1095 2581 1129 2605 v,
1146 2576 1221 2605 231.

235 2617 329 2650 bum.
1031 2626 1094 2654 640
1117 2624 1246 2655 Primus
1258 2625 1363 2664 perdit
1380 2626 1432 2657 sed
1440 2625 1592 2664 fraxinus
1606 2627 1687 2669 iras]

278 2672 344 2701 628
355 2669 522 2710 Nunquam
533 2674 605 2702 ante
616 2669 786 2710 Machaon]
799 2671 854 2702 De
867 2671 936 2702 vul·
987 2672 1114 2713 Papin.
1136 2674 1179 2704 de
1194 2675 1294 2705 simili
1311 2684 1370 2706 re:
1397 2677 1406 2693 ‘
1423 2681 1459 2708 et
1478 2683 1594 2708 mutua
1611 2688 1687 2718 per-

234 2719 364 2750 neratis
380 2720 445 2750 ista
460 2720 642 2760 loquuntur
658 2721 854 2752 innumeris.
987 2722 1072 2753 dunt
1086 2723 1260 2755 Vulnera.’

281 2771 345 2800 632
369 2769 562 2800 audentibus
581 2770 654 2800 olim
671 2769 834 2801 Accessum
856 2780 936 2802 nunc
1029 2774 1091 2805 641
1117 2773 1199 2806 Pars
1207 2774 1476 2816 clypeisimmenea
1486 2776 1586 2819 sedet]
1599 2777 1686 2810 Vide

237 2817 326 2849 turba
343 2818 450 2860 dabat]
472 2818 678 2851 Jamdudum
696 2818 850 2851 conferre
866 2830 936 2852 ma·
990 2831 1041 2854 vr.
1057 2825 1132 2856 277.

237 2876 300 2899 nus
311 2868 529 2910 audentibus,
541 2869 675 2901 tandem
687 2868 834 2902 facultas
846 2870 935 2903 data.
