1889 3194
293 335 378 378 588

293 440 367 479 mis,
383 439 438 481 qui
455 440 558 473 vicini
582 441 707 482 Lyciae,
728 445 764 472 et
786 450 870 482 quos
894 449 987 480 saepe

293 498 463 530 pugnasse
472 500 546 522 cum
563 491 671 532 Lyciis
685 491 851 522 Homerus
868 488 986 520 refert.

294 539 416 571 Nastes
440 545 475 572 et
499 540 761 581 Amphimachus
785 541 889 572 Cares
917 539 988 569 Ho-

294 597 399 619 mero.

338 637 486 669 Genitore
524 639 716 679 Pylaemene]
747 638 802 669 Ita
838 637 989 668 scriben-

295 686 373 718 dum
402 697 444 718 ex
476 688 636 719 Homero.
676 689 799 728 Vulgo,
818 688 990 718 ‘Telame-

294 746 360 768 neo
375 736 398 768 τ’
419 737 579 768 librorum
596 748 691 777 unus,
708 739 717 756 ‘
730 736 927 768 Talimeno.‘

339 788 476 818 Glaucus
484 787 687 828 Hippolochz']
708 788 751 818 Et
761 787 833 818 haec
847 786 990 827 pessime

294 835 494 876 edebantur,
523 846 598 877 quae
626 846 686 867 nos
717 836 826 868 secuti
849 835 991 876 vestigia

294 885 474 925 scripturae
489 886 611 916 veteris
628 885 847 917 restituimus.
891 885 990 918 Quod

295 934 345 965 ait
370 934 535 965 Glaucum
562 935 730 967 adscitum
752 946 771 966 a
791 935 991 975 Sarpedone

295 984 389 1024 quasi
413 983 622 1024 inferiorem,
638 995 720 1016 cave
744 985 887 1016 credas:
913 995 990 1016 nam

295 1033 445 1064 Glaucus
471 1034 678 1075 Hippolochi
708 1034 810 1073 filius,
840 1035 991 1066 Bellero-

295 1083 433 1123 phontis
457 1093 577 1124 nepos,
593 1084 751 1115 amitinus
777 1083 993 1124 Sarpedonis,

295 1133 349 1163 cui
373 1137 480 1164 mater
503 1133 686 1164 Laodamia
708 1143 802 1164 soror
825 1133 992 1174 Hippolo-

294 1182 348 1212 chi
366 1192 374 1212 :
399 1182 500 1212 Hom.
520 1182 562 1212 ΙΙ.
576 1186 610 1213 Ζ.

341 1231 484 1262 Chromis
506 1230 660 1271 Midom‘s]
683 1231 740 1262 Ita
764 1231 992 1270 scribendum,

297 1281 350 1312 vel
378 1285 387 1299 ⁴
415 1280 616 1312 Chromius.’
662 1282 853 1321 Utrumque
891 1281 992 1311 habes

296 1331 385 1370 apud
417 1330 625 1362 Homerum:
670 1331 782 1370 vulgo,
818 1332 828 1347 ⁴
847 1331 992 1361 Pronius

296 1379 457 1410 Midionis
472 1380 492 1409 :’
510 1380 597 1415 libri,
614 1381 623 1398 ‘
638 1379 816 1410 Prominus
834 1380 991 1411 Midones

297 1438 340 1459 ex
367 1429 497 1461 Moesia.
542 1430 751 1461 Purecbmus
772 1429 873 1461 Annii
903 1441 994 1471 poeo·

296 1478 371 1509 nius
383 1478 405 1509 ι’
429 1488 447 1509 e
462 1488 530 1520 quo
539 1478 617 1518 feci,
634 1480 643 1497 ‘
656 1479 879 1519 Pyraechmes
895 1480 996 1511 Axii.’

297 1527 453 1559 Credidit
483 1528 571 1569 apud
602 1529 788 1560 Homerum
812 1528 864 1560 ἀπ’
896 1530 995 1570 Ἀξίου

298 1587 371 1608 esse
388 1577 493 1609 filium
510 1579 602 1609 Axii.

343 1627 397 1657 Εει·
431 1626 619 1666 Adrestina]
657 1627 712 1658 Ita
748 1627 845 1659 libri:
880 1628 992 1667 vulgo,

298 1680 306 1692 ‘
317 1673 500 1715 Agrestina
512 1675 534 1705 :'
549 1676 673 1715 scribe,
689 1679 698 1693 ‘
709 1675 895 1707 Adrestia.’
920 1676 992 1708 Ho-

298 1734 431 1756 merus:
455 1724 495 1755 Οἳ
510 1725 536 1755 δ’
550 1723 749 1764 Ἀδρήστειάν
760 1725 789 1756 τ’
804 1724 899 1765 εἶχον.

342 1773 438 1804 Asius
463 1775 605 1814 Hyrtaci
628 1775 733 1815 Sesto]
763 1775 819 1806 lta
844 1776 991 1807 scriben-

297 1823 390 1858 dum,
417 1833 483 1854 non
509 1825 519 1841 ‘
539 1823 638 1854 Asius
663 1824 834 1863 Hyrtacus
849 1824 870 1855 :¹
903 1824 993 1864 libri,

297 1873 306 1888 ‘
325 1871 425 1902 Asius
456 1872 620 1912 Hyrtacis
660 1871 756 1902 esto?
799 1873 990 1903 Homerus:

294 1921 401 1952 Ἄσιος
415 1921 604 1960 Ὑρτακίδης,
618 1920 708 1961 apud
733 1931 832 1962 quem
857 1928 892 1952 et
908 1923 992 1953 alius

300 1970 400 2001 Asius
423 1971 604 2009 Dymantis
627 1969 729 2008 filius,
749 1969 903 2001 Hecubae
926 1970 992 2002 fra-

301 2026 364 2051 ter.
390 2021 429 2050 ll.
444 2024 483 2051 Π.
505 2019 609 2058 Ἀσίῳ,
621 2019 656 2050 ὃς
669 2019 789 2060 μήτρως
800 2019 994 2061 ἧνἽΞκτορος

299 2070 494 2109 ἱπποδάμοιο,
535 2070 806 2110 Αὐτοκασίγνητος
849 2071 994 2109 Ἑκάβης,

300 2120 362 2152 υἱὸς
389 2120 422 2151 δὲ
446 2119 620 2160 Δύμαντος,
635 2119 694 2151 ’Ὃς
719 2120 852 2160 Φρυγίην
873 2121 995 2153 ναίεσκε

298 2170 358 2210 ῥοῇ
361 2181 374 2200 ς
388 2168 438 2200 ἐπὶ
452 2168 649 2208 Σαγγαρίοιο.

342 2221 360 2259 §
377 2222 418 2250 3⁷
440 2219 560 2251 Avidus
574 2219 687 2258 ignara
705 2218 864 2258 noscendi]
886 2219 942 2250 Ita
958 2220 995 2250 li-

299 2268 365 2306 bri,
391 2273 495 2299 recte.
519 2269 658 2299 Sallust.
682 2268 761 2308 Jug.
784 2273 793 2285 ‘
810 2269 908 2300 More
935 2269 994 2300 hu-

300 2327 406 2348 manae
418 2317 587 2357 cupidinis
598 2318 717 2357 ignara
727 2317 880 2349 visendi.'
896 2318 996 2359 Item,

300 2367 309 2383 ‘
328 2376 419 2398 mare
436 2377 591 2407 magnum
603 2372 639 2398 et
655 2367 770 2407 ignara
780 2368 892 2408 lingua
904 2378 994 2399 com-

300 2417 460 2447 mercium
486 2415 733 2456 prohibebant?
778 2417 878 2456 Item,
897 2418 908 2434 ⁴
923 2417 994 2457 ple-

301 2474 420 2505 rosque
437 2465 600 2496 velocitas
616 2470 651 2496 et
667 2466 759 2505 regio
780 2465 931 2496 hostibus
947 2467 994 2505 ig-

301 2519 466 2545 naratuta
483 2513 583 2544 suut!
614 2514 795 2553 Virgilius:
818 2515 994 2554 ‘ignarum

303 2564 455 2595 Laurens
471 2564 571 2594 habet
585 2573 645 2594 ora
659 2563 852 2595 Mimanta.’

344 2615 361 2654 ξ
377 2616 418 2645 39
441 2613 549 2645 Armis
560 2617 649 2653 atque
663 2612 791 2652 animis]
815 2614 890 2645 Vox
904 2614 913 2631 ‘
926 2614 996 2645 ani-

301 2663 364 2693 mis
376 2663 383 2675 '
399 2663 497 2694 deest
512 2664 545 2693 in
562 2663 812 2702 manuscriptis.
855 2665 899 2695 Et
916 2674 995 2695 sane

302 2721 368 2742 non
385 2711 488 2743 iidem
511 2711 612 2742 animi
635 2712 765 2752 Paridi,
780 2713 837 2754 qui
859 2719 995 2744 coactus

302 2769 321 2790 a
346 2759 504 2791 fratribus
532 2760 666 2791 redibat
693 2760 736 2791 ad
762 2771 908 2802 pugnam
935 2772 996 2802 pu-

302 2810 384 2841 dore
420 2811 532 2851 potius
560 2820 660 2851 quam
692 2810 831 2843 ferocia.
875 2813 995 2843 Scribe

304 2860 313 2876 ‘
331 2866 463 2898 paratos
479 2861 579 2892 armis
595 2871 690 2902 aeque
703 2861 722 2891 ι’
744 2862 807 2894 hoc
828 2868 890 2903 est,
907 2864 994 2904 pari-

465 348 606 379 NO'PAE
641 347 906 378 VARIORUM
941 348 988 378 ΙΝ
1028 347 1216 377 DICTYM
1250 347 1561 378 CRETENSEM.

1038 440 1098 471 bus
1111 439 1211 470 armis
1223 440 1404 471 instructos
1418 450 1428 479 ;
1445 439 1534 481 quod
1547 438 1732 479 sanejusto

1038 489 1152 520 duello
1169 490 1402 520 necessarium.

1081 540 1099 579 §
1121 542 1163 569 -12
1189 538 1292 579 Atque
1321 539 1454 569 audendi
1478 536 1602 576 auctor]
1636 536 1731 576 Virg.

1039 587 1113 618 AEn.
1130 596 1196 618 ΧΠ.
1220 592 1228 605 ·
1247 587 1374 618 Auctor
1388 597 1451 626 ego
1467 585 1633 618 audendi-¹

1082 638 1099 677 ς
1115 639 1156 667 43
1182 636 1319 667 Glaucus
1337 637 1539 676 Hippolochz']
1566 636 1620 666 Ita
1637 638 1733 666 recte

1039 685 1131 724 libri,
1147 690 1184 716 ut
1200 686 1383 725 distinguat
1398 695 1415 715 a
1438 685 1568 716 Glauco
1585 683 1735 715 Anteno-

1040 735 1099 776 ris,
1115 735 1156 765 de
1172 744 1237 776 quo
1254 734 1354 766 infra.
1397 736 1506 767 Iidem
1525 740 1652 773 recte,‘
1668 734 1733 766 As-

1040 787 1235 823 teropaeus,’
1263 794 1327 815 non
1352 785 1562 825 ‘Steropusl
1607 785 1652 815 Et
1680 784 1735 815 hic

1040 834 1179 874 Lycius,
1200 844 1299 875 quem
1317 844 1383 865 una
1399 844 1473 866 cum
1490 834 1684 873 Sarpedone
1697 838 1734 865 et

1041 883 1172 914 Glauco
1188 883 1354 914 Homerus
1371 884 1514 923 praeficit
1526 885 1653 925 quintae
1666 889 1735 915 tur-

1040 942 1103 963 mae
1122 933 1345 964 auxiliarium.
1362 933 1403 964 Il.
1417 937 1454 964 A.

1084 983 1247 1022 Pammon,
1269 983 1404 1024 Mestor]
1428 983 1482 1013 Ita
1508 982 1736 1015 scribendum.

1040 1032 1165 1072 Vulgo,
1198 1034 1207 1050 ‘
1225 1042 1265 1063 ac
1294 1032 1391 1064 modo
1426 1032 1577 1064 Nestor.’
1631 1033 1736 1074 Libri,

1041 1081 1051 1098 ‘
1068 1081 1210 1113 Ammon
1229 1081 1446 1123 Nestoi-que:
1489 1083 1626 1113 Priamo
1649 1082 1737 1114 filios

1042 1130 1285 1171 quinquaginta
1315 1131 1498 1171 assignavit
1528 1130 1733 1171 antiquitas:

1043 1179 1076 1209 in
1091 1180 1129 1210 iis
1145 1178 1344 1220 Antiphum.
1388 1180 1491 1211 Hom.
1517 1179 1560 1210 Il.
1581 1184 1621 1211 Δ.
1641 1184 1678 1210 et
1699 1183 1737 1211 Λ.

1042 1230 1202 1268 Pontem,
1225 1230 1268 1262 Il.
1295 1235 1330 1261 B.
1345 1234 1384 1261 N.
1406 1234 1440 1261 et
1457 1234 1494 1261 Ω,
1511 1229 1570 1260 ubi
1584 1234 1620 1260 et
1636 1229 1736 1260 Pam-

1041 1279 1148 1309 monis
1165 1283 1201 1310 et
1220 1280 1381 1311 Mestoris
1404 1281 1553 1310 mentio:
1586 1276 1739 1316 Πάμμονά

1041 1329 1081 1364 τ’,
1107 1328 1286 1364 Αὐτόφονόν
1300 1341 1350 1366 τε,
1373 1329 1453 1366 βοὴν
1467 1326 1584 1368 ἀγαθόν
1595 1340 1630 1359 τε
1641 1327 1737 1359 Πολί-

1042 1389 1111 1415 την.
1157 1380 1202 1410 Et
1232 1390 1329 1411 mox:
1363 1378 1515 1420 Μήστορά
1539 1378 1568 1410 ‘r'
1588 1377 1738 1418 ἀντίθεον,

1043 1429 1093 1460 καὶ
1113 1430 1250 1470 Τρώϊλον
1266 1428 1483 1471 ἱππιοχάρμην.

1087 1481 1104 1520 §
1133 1483 1174 1510 45
1216 1481 1336 1511 Rhesus
1376 1480 1473 1510 Eione
1500 1476 1641 1517 genitus]
1680 1477 1737 1509 Ita

1043 1529 1176 1569 scripsi.
1207 1535 1339 1560 secutus
1371 1529 1471 1560 Hom.
1501 1528 1542 1559 ll.
1567 1531 1605 1558 K.
1628 1526 1680 1557 'Eu
1701 1526 1739 1558 δέ

1042 1584 1118 1617 σφιν
1129 1579 1244 1615 Ῥῆσος
1256 1577 1416 1617 βασιλεὺς,
1426 1578 1496 1608 παῖς
1509 1577 1660 1612 Ἠϊονῆος.
1685 1575 1733 1608 At

1044 1629 1145 1667 vulgo
1168 1628 1358 1667 ediderant,
1380 1628 1389 1644 ‘
1403 1628 1530 1658 Rhesus
1547 1626 1588 1657 de
1606 1627 1732 1656 Eioneo

1043 1677 1176 1716 genitus
1192 1676 1214 1708 :'
1239 1677 1330 1717 libri,
1351 1679 1360 1694 ⁶
1376 1677 1505 1708 Rhesus
1528 1675 1651 1706 sisione
1678 1684 1736 1715 ge·

1041 1725 1157 1757 nitus.'

1295 1810 1384 1841 LIB.
1400 1809 1470 1841 111.

1083 1873 1098 1912 §
1123 1876 1143 1905 2
1174 1874 1314 1906 Achilles
1341 1884 1432 1905 ausus
1461 1874 1574 1914 visere]
1606 1875 1732 1914 Vulgo,

1045 1922 1055 1939 ‘
1067 1923 1182 1954 voleus
1199 1924 1349 1955 visere:’
1373 1925 1439 1955 Ms.
1462 1929 1471 1942 ‘
1487 1923 1671 1955 adveniens
1689 1924 1734 1954 vi-

1043 1981 1118 2003 sere
1134 1973 1154 2002 :'
1189 1974 1322 2004 omnino
1349 1974 1575 2014 scribendum,
1606 1974 1616 1991 ⁴
1634 1983 1736 2004 avens

1044 2022 1193 2054 visere:’
1217 2024 1329 2064 itaque
1343 2023 1470 2054 editum
1489 2024 1668 2054 volueram.

1086 2074 1104 2113 ᾧ
1134 2076 1154 2104 4
1190 2073 1402 2114 Pyroechmem
1430 2082 1534 2111 regem
1569 2072 1732 2112 Paeonum]

1044 2122 1193 2154 Pessime
1224 2128 1337 2162 antea,
1368 2121 1577 2154 ‘Cicouunh’
1632 2122 1738 2161 Libri,

1044 2173 1053 2189 ‘
1067 2172 1263 2204 Paeanium.’

1087 2223 1104 2262 ξ
1121 2226 1139 2252 5
1156 2222 1286 2253 Βὶονεηι
1311 2226 1342 2253 et
1363 2222 1558 2262 Polyxenam
1571 2220 1675 2262 Alios]
1697 2221 1737 2252 Id

1045 2276 1109 2310 est,
1130 2271 1267 2302 ‘Elios.'
1296 2272 1349 2302 Ita
1367 2271 1494 2302 diserte
1504 2271 1652 2311 optimus
1667 2272 1736 2302 Da-

1046 2321 1141 2351 nielis
1158 2320 1287 2351 codex:
1311 2321 1321 2338 ‘
1333 2321 1418 2351 alter
1435 2323 1470 2350 et
1485 2319 1601 2351 aliosz’
1627 2321 1739 2360 vulgo,

1045 2369 1245 2410 ‘aliosque‚'
1281 2374 1463 2409 utrumque
1497 2369 1597 2400 male.
1641 2369 1737 2400 Alius

1046 2428 1106 2458 pro
1131 2419 1225 2450 Elius
1248 2419 1375 2449 Dorice
1391 2428 1398 2448 z
1425 2423 1461 2448 ut
1477 2428 1568 2458 saepe
1585 2418 1738 2458 Captivis

1046 2469 1174 2503 Plauti,
1191 2468 1277 2508 quod
1298 2467 1379 2498 item
1406 2472 1505 2497 autea
1530 2472 1738 2507 corruptum,

1045 2517 1308 2557 restitutumque
1334 2526 1353 2547 a
1378 2516 1458 2546 viris
1474 2516 1595 2547 doctis.
1640 2516 1682 2547 In
1698 2516 1737 2547 li-

1047 2566 1115 2596 bris
1145 2565 1276 2597 Graecis
1307 2574 1397 2605 saepe
1428 2565 1578 2596 invenias
1612 2565 1737 2597 πλείους

1045 2621 1240 2656 corruptum
1265 2625 1324 2655 pro
1346 2613 1506 2645 Ἠλείους;
1530 2614 1617 2655 quod
1642 2621 1738 2646 nota-

1046 2671 1122 2696 runt
1134 2670 1170 2696 et
1185 2665 1407 2696 emendarunt
1421 2663 1556 2695 eruditi.
1606 2665 1738 2696 Mansit

1045 2715 1154 2745 adhuc
1181 2715 1214 2745 in
1240 2714 1386 2755 Polybio
1407 2713 1466 2744 lib.
1486 2723 1535 2744 ιν.
1559 2711 1684 2744 ἔπεισαν
1702 2713 1737 2746 δὲ

1046 2763 1097 2795 καὶ
1119 2763 1192 2795 τοὺς
1216 2762 1342 2794 πλείους
1367 2762 1397 2793 οἵ
1421 2761 1490 2802 περὶ
1509 2762 1564 2794 τὸν
1578 2762 1737 2803 Μαχαίταν

1045 2812 1245 2852 παραπλήσια
1269 2812 1428 2853 λέγοντες,
1458 2812 1560 2853 ὥσπερ
1586 2813 1637 2844 καὶ
1661 2814 1738 2854 πρὸς

1045 2864 1118 2896 τοὺς
1144 2863 1403 2902 Λακεδαιμονίους.
1458 2863 1526 2895 Ubi
1556 2864 1736 2905 legendum
