1889 3194
580 330 644 359 DE
678 329 833 360 BELLO
864 328 1090 359 TROJANO
1123 328 1218 358 LIB.
1251 328 1317 357 IV.

221 421 475 464 Coeruleum
494 422 677 465 mirante
691 423 838 477 jubar,
859 426 1076 477 ventoque
1097 435 1263 472 sereno,

1578 316 1662 357 485

1576 421 1660 461 310

222 488 276 529 In
295 489 429 529 risum
450 489 652 530 redeunte
674 491 799 543 polo,
827 490 998 531 detersa
1017 494 1206 530 meretur

221 554 251 595 J
255 567 339 595 uno
357 554 387 595 J
390 568 531 605 ovem,
552 562 683 609 atque
703 557 831 598 hilari
853 557 1020 598 solatur
1040 556 1190 598 flentia
1208 557 1332 598 vultu

224 620 408 671 Nubila,
430 623 759 677 proscriptoque
781 624 923 674 Noto,
942 624 1116 677 lenique
1137 636 1314 665 susurro

223 687 372 727 Dante
393 688 489 729 vias
509 688 681 742 majora
700 690 809 743 petit
829 691 1020 744 suspiria
1039 691 1210 732 classis.

280 753 394 806 Ergo
417 754 563 795 Deum
583 760 690 797 nutu
711 757 879 798 libratis
901 756 1082 798 flatibus
1102 770 1184 798 usa

1578 753 1664 795 :315

224 819 448 861 Euboicas
467 833 702 864 numerosa
721 825 830 864 ratis
851 823 1082 865 descendit
1101 823 1147 863 in
1167 822 1322 873 undas,

224 885 517 929 Consumtura
536 889 705 940 fretum,
726 894 868 931 totum
890 890 972 931 sub
992 890 1221 943 puppibus
1244 901 1393 943 aequor

222 953 294 994 Ire
317 958 477 1008 stupet,
497 960 637 997 certat
656 957 881 1010 perplexis
901 957 1050 997 navita
1069 956 1199 997 remis

225 1018 338 1069 Quis
358 1021 486 1075 prior,
503 1025 545 1063 et
559 1022 727 1076 junctis
747 1022 984 1075 confligunt
1003 1022 1166 1063 ictibus
1186 1034 1290 1063 aera.

280 1087 355 1129 Sic
375 1089 568 1141 geminas
587 1089 769 1130 miratus
789 1087 932 1130 Athos
953 1088 1182 1130 Xerxeius
1202 1088 1396 1138 umbras,

1581 1087 1667 1128 320

225 1153 435 1206 Ignotum
456 1155 566 1196 velis
588 1156 701 1196 texit
719 1168 839 1196 mare
857 1168 866 1193 :
898 1156 962 1196 sic
985 1160 1064 1195 tua
1085 1155 1241 1208 sylvae,

223 1219 350 1261 Voce
370 1226 531 1274 potens
551 1221 742 1275 Orpheu,
764 1221 1041 1262 modulantia
1060 1221 1229 1274 plectra
1248 1223 1430 1271 secutae,

224 1286 452 1328 Bistonios
471 1288 613 1341 longis
632 1288 829 1329 clausere
852 1287 1135 1341 amplexibus
1155 1300 1297 1340 agros,

282 1353 403 1394 Dum
423 1353 579 1394 mediis
599 1354 845 1407 spatiantur
864 1353 1008 1406 aquis,
1032 1365 1275 1407 securaque
1293 1353 1417 1394 fandi

829 1470 1064 1483 enaeoeeeeee

268 1526 330 1554 310
353 1523 502 1556 Mutante
518 1524 671 1556 Dresem.

884 1599 1026 1631 NOTAE

266 1663 327 1692 311
346 1661 386 1692 ln
398 1661 495 1693 risum
513 1662 659 1694 redeunte
681 1662 766 1703 polo]
794 1662 866 1695 Lib.
882 1672 917 1695 v.

221 1712 327 1743 ‘astra
336 1711 510 1743 Sidereum
521 1713 683 1753 pepigere
695 1713 783 1745 diem
794 1713 816 1746 :'
827 1715 917 1755 qnod

224 1766 279 1793 est
290 1761 528 1803 ‘liquidissima
537 1763 612 1793 coeli
621 1763 819 1803 Tempestas
831 1763 840 1777 '
854 1765 917 1795 Lu-

222 1811 330 1843 cretio
349 1811 407 1843 lib.
423 1820 473 1842 rv.
490 1816 499 1829 ‘
511 1821 587 1842 cum
613 1812 783 1844 innubilus
807 1813 914 1845 aether

225 1861 369 1902 Integit,
380 1867 416 1893 et
425 1863 519 1902 large
532 1860 788 1894 diffusolumine
799 1863 911 1904 ridet,’

225 1916 264 1943 ut
281 1912 329 1943 ait
346 1921 403 1943 111.
427 1913 551 1943 Ridere
568 1922 659 1952 vero,
679 1918 716 1944 ut
732 1913 848 1945 Graeci
863 1913 916 1945 θά-

223 1965 330 1992 λασσα
343 1959 480 2000 μειδιάει.
497 1960 585 2002 ἔαρος
595 1961 776 2002 ’γελάσωσιν
789 1962 921 2004 ὂπωπαὶ,

223 2010 376 2050 Oppian.
394 2011 516 2042 Claud.
528 2013 538 2029 ⁴
547 2011 695 2043 riserunt
704 2011 841 2044 floribus
852 2023 921 2044 am·

225 2058 308 2090 nes.’
331 2058 422 2090 Vide
439 2060 578 2091 Lucret.
615 2060 692 2092 Iud.
710 2061 742 2092 in
762 2061 772 2078 ‘
784 2062 922 2093 ridere)

226 2109 322 2140 Risui
345 2109 421 2140 huic
447 2110 525 2141 coeli
548 2111 734 2151 opponitur
765 2121 816 2144 ν1.
845 2114 921 2144 376.

225 2159 235 2175 ⁴
250 2158 365 2189 saucia
400 2159 475 2189 coeli
511 2158 631 2196 forma,
667 2169 743 2191 cum
782 2161 921 2192 subtex-

227 2213 288 2239 unt
318 2207 433 2239 nubila
461 2208 608 2248 coelum,'
638 2213 676 2239 ut
703 2210 839 2240 Lucret.
859 2211 920 2249 ait,

225 2262 263 2288 et
289 2257 460 2288 ‘Fuscant
482 2258 573 2288 nube
596 2257 710 2293 diem,’
740 2263 778 2290 ut
804 2259 920 2290 Valer.

226 2308 368 2338 Flaccus
410 2307 452 2337 de
496 2307 629 2347 apibus,
670 2317 695 2339 1.
756 2309 921 2349 Lucanus,

227 2362 234 2374 ⁴
247 2358 323 2389 coeli
339 2357 488 2389 fuscator
507 2357 569 2388 Eoi
585 2356 774 2397 Impulerat
790 2358 921 2398 Corus‚'

227 2416 277 2439 ιν.

269 2459 404 2489 Detersa
427 2461 562 2488 meretur
576 2457 661 2487 Juno
679 2456 804 2496 Jovem]
832 2455 920 2488 Vide

227 2507 285 2538 lib.
312 2516 337 2538 1.
364 2508 439 2537 243.
463 2510 501 2536 ut
523 2509 560 2537 et
583 2505 662 2537 illa:
685 2505 919 2546 ‘Proscripto-

226 2565 292 2598 que
308 2554 415 2594 noto,'
431 2563 472 2586 11.
486 2556 563 2586 216.

268 2609 332 2638 314
360 2605 488 2645 Majora
521 2605 603 2645 petit
634 2604 769 2645 suspiria
798 2605 920 2646 classis]

227 2657 316 2690 Quia
331 2655 451 2687 Poetae
469 2659 588 2686 ventos
600 2654 611 2672 ‘
627 2653 771 2685 animas’
787 2659 920 2690 vocant,

227 2711 265 2738 ut
288 2706 427 2737 Lucret.
446 2704 568 2736 Horat.
591 2704 668 2735 ideo
683 2709 718 2735 et
735 2703 745 2720 ‘
758 2703 922 2744 suspiria’

227 2756 293 2787 illis
309 2754 418 2787 addit.
440 2754 619 2786 Claudian.
637 2754 679 2785 de
703 2754 817 2795 Raptu
836 2755 921 2786 Pro-

227 2815 317 2846 serp.
331 2805 342 2823 ‘
360 2814 422 2837 nec
439 2804 562 2836 talibus
578 2813 726 2845 uuquam
738 2803 921 2844 Spiravere

227 2855 316 2888 notis
327 2854 518 2896 animae,’de
528 2854 636 2886 ventis
649 2853 810 2896 loquitur.
833 2853 920 2886 Inde

973 1668 982 1682 ‘
996 1662 1153 1703 expirare
1167 1661 1176 1674 '
1191 1661 1283 1693 venti
1298 1661 1469 1694 dicuntur.
1493 1662 1589 1704 Virg.
1604 1673 1668 1696 vn.

972 1713 1048 1744 AEn.
1071 1713 1081 1730 ‘
1099 1711 1260 1752 Aspirant
1274 1722 1363 1743 aurae
1381 1713 1415 1743 in
1431 1713 1591 1744 noctem.’

1015 1764 1077 1793 317
1103 1761 1213 1792 Totum
1236 1761 1292 1792 sub
1315 1760 1467 1801 puppibus
1492 1771 1592 1801 aequor·
1619 1762 1670 1793 Ire

971 1809 1090 1851 stupet]
1112 1810 1190 1842 Hoc
1212 1815 1278 1849 est,
1295 1810 1385 1851 quod
1408 1810 1588 1841 Lucretius
1612 1812 1672 1849 ait,

978 1862 987 1877 ‘
1004 1859 1145 1892 florebat
1159 1860 1299 1891 navibus
1315 1859 1462 1900 pontus?
1484 1860 1571 1892 Cato
1583 1862 1674 1902 apud

977 1910 1163 1942 Charisium
1194 1915 1231 1941 et
1259 1910 1424 1947 Servium,
1450 1910 1564 1942 ‘mare
1592 1911 1673 1942 velis

974 1959 1097 1991 florere
1116 1959 1272 1990 videres!

1018 2012 1082 2040 320
1105 2009 1159 2040 Sic
1170 2009 1311 2048 geminas
1325 2009 1457 2041 miratus
1470 2009 1571 2041 Athos
1586 2011 1625 2042 X
1623 2021 1673 2042 er-

973 2059 1065 2090 xeius
1090 2059 1230 2100 umbras]
1255 2059 1369 2092 Quare
1396 2060 1406 2077 ‘
1423 2061 1569 2100 geminas
1583 2061 1606 2091 ?'
1630 2071 1672 2092 an

975 2113 1118 2149 propter
1140 2108 1222 2139 duas
1246 2108 1344 2139 fossae
1372 2109 1490 2150 ripas?
1513 2119 1554 2140 an
1578 2120 1673 2142 mons

974 2159 1031 2190 ille
1047 2158 1198 2198 duplicat
1211 2158 1372 2189 umbram.
1410 2158 1529 2189 Suidas
1546 2159 1579 2190 in
1595 2170 1672 2200 pro-

974 2207 1127 2239 verbium
1145 2217 1154 2238 z
1173 2206 1272 2238 Ἄθως
1291 2207 1443 2238 καλύπτει
1457 2207 1576 2249 πλευρὰ
1590 2213 1672 2248 Λημ-

975 2256 1040 2288 νίας
1053 2256 1139 2296 βοὸς,
1155 2258 1207 2287 vel
1225 2258 1308 2288 νῶτα
1321 2257 1456 2295 Λημνίας
1471 2256 1556 2289 ἁλός.
1597 2259 1671 2290 Ste-

975 2307 1104 2347 phanus
1121 2305 1163 2336 de
1179 2306 1326 2337 Urbibus
1341 2317 1349 2338 :
1372 2305 1487 2342 βάλλει
1508 2306 1541 2337 δὲ
1563 2307 1584 2344 ἡ
1600 2308 1673 2339 σκιὰ

974 2357 1030 2387 τοῦ
1043 2355 1129 2396 ὅρους
1142 2355 1190 2386 ἐπὶ
1204 2355 1345 2387 σταδίους
1361 2357 1562 2397 τριακοσίους·
1585 2357 1674 2388 οὐδὲν

973 2404 1049 2446 πρὸς
1062 2404 1224 2436 Διόνυσον·
1246 2406 1399 2446 intelligo
1414 2406 1458 2437 de
1483 2407 1600 2438 umbra
1615 2417 1673 2438 ve-

973 2455 1082 2486 lorum
1107 2460 1142 2486 et
1163 2455 1333 2486 arborum.
1379 2456 1431 2487 De
1458 2462 1570 2488 monte
1595 2458 1672 2489 vide

974 2504 1105 2536 Herod.
1118 2513 1169 2536 vr.
1183 2509 1218 2536 et
1227 2513 1289 2536 vu.
1303 2506 1430 2536 Lucan.
1443 2506 1502 2537 lib.
1516 2515 1556 2537 11.
1569 2507 1673 2539 Diod.

973 2555 1122 2586 Siculum
1139 2563 1191 2586 xl.
1206 2565 1238 2596 p.
1250 2558 1281 2586 2.
1298 2560 1333 2586 et
1350 2555 1485 2596 Lysiam
1502 2556 1602 2589 Orat.
1619 2557 1671 2588 fu-

972 2604 1084 2636 nebri.

1016 2657 1079 2686 324
1102 2654 1188 2686 Dum
1216 2654 1328 2685 mediis
1360 2654 1538 2694 spatiantur
1567 2658 1670 2697 aquis]

974 2703 1120 2744 Spatiari
1138 2703 1293 2743 Scaliger
1312 2703 1344 2733 in
1361 2703 1529 2734 Catalect.
1548 2714 1580 2745 p.
1595 2707 1670 2736 272.

975 2752 1018 2784 ad
1044 2752 1189 2783 stadium
1218 2751 1396 2793 κυριολογίᾳ
1418 2752 1599 2785 transfert:
1617 2760 1671 2785 est

974 2803 1062 2835 enim
1070 2802 1200 2834 σπάδιον
1209 2802 1339 2834 AEolum
1349 2801 1486 2833 στάδιον.
1496 2803 1671 2835 Sallustius

974 2854 1065 2895 apud
1093 2853 1206 2894 Agell.
1230 2861 1331 2885 naves
1354 2851 1403 2884 ait
1425 2853 1435 2871 ‘
1452 2862 1647 2895 progressas
1661 2854 1670 2869 '
