1889 3194
610 304 673 334 DE
707 303 862 334 nanno
895 301 1125 332 TROJANO
1160 302 1258 331 ΜΒ.
1293 302 1357 331 vl.
1615 290 1701 332 565

254 396 376 437 Hinc
397 409 575 438 somnus
595 396 715 450 vigil,
734 397 834 438 inde
853 396 1026 438 odium:
1056 396 1266 449 nulloque
1286 394 1473 436 rebelles

252 463 516 518 Objectante
536 476 707 513 manus,
726 463 897 506 ferienti
917 463 1050 518 copia
1069 463 1233 504 dextrae

252 530 483 583 Delegisse
503 544 672 583 necem,
689 532 962 586 jugulumne,
981 544 1035 571 an
1055 533 1231 584 pectus,
1253 543 1312 571 an
1333 542 1413 571 ora
1544 533 1548 537 '
1616 529 1702 570 775

252 596 469 650 Occupet,
491 601 567 639 aut
587 603 768 640 cunctos
787 600 833 640 in
854 599 1035 641 vulnera
1055 601 1281 651 computet
1300 602 1438 639 artus.

308 663 374 705 At
394 664 556 718 quibus
577 666 624 706 in
644 679 820 708 mensas
839 666 987 708 noctis
1008 665 1264 719 productior
1284 677 1405 714 usus,

251 729 349 770 Aut
367 731 514 772 verbis
536 732 720 786 vigilata
739 735 883 787 quies,
903 734 1111 786 vulgante
1132 734 1318 774 tumultu

252 796 374 837 Urbe
395 797 480 838 frui
503 799 701 851 Danaos,
722 804 800 841 aut
821 801 930 842 visis
949 800 1137 853 ignibus,
1158 812 1278 840 arma

253 862 503 906 Defensura
521 870 690 919 parant,
711 867 788 908 sed
807 867 996 908 flammis
1018 866 1207 920 undique
1229 866 1348 919 septi
1622 863 1703 906 180

252 929 527 985 Praereptum
547 933 757 976 mirantur
776 935 881 976 iter:
911 934 1161 987 frustraque
1182 938 1388 987 parantes

252 997 467 1043 Incensos
488 1001 609 1042 exire
625 1001 757 1052 lares,
777 1001 1016 1055 asperrima
1037 1001 1180 1054 questi

253 1067 445 1119 Funera,
465 1069 712 1110 consumtis
735 1069 901 1123 pariter
921 1068 1168 1109 moriuntur
1188 1068 1233 1108 in
1256 1067 1402 1108 armis.

308 1135 556 1190 Expediam
576 1135 722 1177 caedes
741 1137 760 1178 ‘t
790 1142 836 1177 et
857 1136 1027 1188 singula
1046 1135 1141 1176 fata
1160 1135 1416 1176 revolvam?

252 1202 340 1244 Sed
359 1204 544 1245 tenebris
562 1203 730 1245 latuere
749 1215 922 1252 manus,
944 1202 1021 1243 sed
1042 1206 1169 1243 nocte
1190 1202 1387 1255 peremti,
1618 1197 1704 1240 785

252 1269 342 1311 Sed
365 1271 521 1323 premit
540 1272 788 1311 umbratam
808 1275 1024 1311 nocturna
1042 1269 1221 1310 inscitia
1239 1268 1435 1308 Musam.

310 1337 499 1390 Fugerat
519 1337 755 1390 amplexus
775 1350 874 1378 aras
894 1340 940 1378 et
956 1336 1119 1390 templa
1137 1335 1361 1376 Tonantis

252 1402 416 1445 Infelix
433 1404 656 1454 Priamus,
676 1417 756 1445 nec
773 1405 890 1445 enim
908 1403 1076 1445 fiducia
1092 1403 1262 1444 dextrae
1280 1415 1291 1443 :

251 1470 460 1512 Cesserat
477 1471 543 1513 ira
564 1476 694 1521 metu,
715 1484 876 1524 magno
896 1474 1043 1512 tamen
1065 1470 1223 1511 arduus
1244 1482 1336 1518 ore,

251 1536 356 1579 Non
376 1550 525 1591 prece,
544 1550 632 1579 non
650 1538 871 1592 lacrymis,
890 1551 981 1579 non
1001 1538 1130 1579 vultu
1149 1537 1352 1589 supplice
1372 1547 1516 1588 regem
1614 1533 1702 1575 790

251 1604 528 1647 Dedecorat:
560 1605 634 1646 cui
655 1605 853 1659 Pyrrhus
874 1609 1032 1646 atrox:
1065 1603 1295 1644 Reddisne
1324 1601 1530 1655 Pelasgis

249 1672 505 1726 Spartanas‚
524 1673 731 1714 reddisne
748 1686 885 1714 nurus
901 1674 919 1713 ’ἒ
952 1685 1008 1713 an
1028 1671 1184 1726 praelia
1203 1670 1344 1711 mavis
1360 1669 1379 1710 ’Ξ

250 1740 310 1780 Et
329 1739 518 1782 nondum
538 1740 705 1781 bellare
727 1740 890 1781 times?
922 1752 996 1780 cur
1015 1739 1193 1790 stringis
1213 1738 1422 1785 eburnos,

249 1806 352 1848 Diis
370 1807 527 1857 invise,
550 1807 676 1848 Deos
691 1808 710 1847 Ἰ
740 1807 900 1849 laesisti
921 1807 1099 1847 numina
1121 1810 1290 1859 sponte,

249 1873 396 1926 Cogor
415 1874 460 1914 in
481 1875 735 1927 exemplum
753 1887 763 1916 :
795 1874 953 1915 cecidit
972 1878 1097 1927 pater
1116 1872 1265 1913 hostia
1288 1870 1480 1920 Phoebo,
1617 1867 1672 1909 79

248 1940 406 1995 Tuque
425 1940 454 1982 J
459 1942 545 1984 ovi.
606 1941 752 1990 Dixit,
770 1940 1112 1994 indignatusque
1127 1937 1321 1992 jacentis

1674 1868 1702 1908 vr

902 2102 1044 2134 NOTAE

289 2189 354 2219 776
379 2187 445 2219 Aut
461 2191 585 2219 cunctos
605 2188 638 2219 in
653 2189 779 2220 vulnera
793 2192 948 2229 computet
1002 2198 1074 2219 mus
1089 2188 1254 2230 cujusque
1271 2187 1462 2226 colebatur,
1476 2195 1576 2227 quem
1597 2184 1701 2216 etiam

247 2237 351 2277 artus]
372 2237 484 2278 Supra
498 2241 573 2270 449.
1002 2238 1111 2268 Deum
1129 2239 1339 2278 penetralem
1352 2236 1594 2277 appellabant:
1617 2235 1701 2265 Dic-

290 2290 353 2318 777
376 2287 423 2318 At
437 2287 547 2327 quibus
569 2287 604 2318 in
620 2297 741 2319 mensas
755 2289 855 2319 noctis
872 2298 946 2329 pro·
1001 2295 1054 2329 tys
1071 2290 1223 2321 nominat
1247 2289 1255 2305 ‘
1270 2288 1367 2322 ,Iovis
1390 2287 1566 2318 aedificalis
1582 2285 1703 2324 aram‚’

247 2338 370 2369 ductim·
396 2337 483 2378 usus]
507 2338 575 2371 Qui
597 2338 801 2379 intempesta
831 2339 946 2370 convi-
1000 2339 1065 2380 (ita
1092 2342 1182 2370 enim
1207 2339 1390 2379 legendum
1415 2337 1474 2378 ibi,
1489 2346 1555 2368 non
1580 2340 1590 2354 ‘
1608 2344 1704 2366 arma.

248 2390 304 2421 via
326 2389 512 2431 agitabant.
555 2390 614 2420 Sic
644 2399 747 2430 supra
775 2392 828 2421 87.
862 2390 945 2421 ‘Ut-
999 2389 1137 2429 Jovis‚’)
1150 2389 1228 2430 quia
1245 2390 1278 2419 in
1295 2386 1430 2419 aedificii
1448 2385 1625 2426 penetrali,
1640 2394 1700 2415 un-

248 2448 315 2480 que
352 2449 415 2470 usu
453 2438 625 2480 producta
652 2439 767 2470 Venus
796 2439 947 2480 majore?
1001 2439 1044 2470 de
1057 2439 1233 2479 Virgilius,
1248 2438 1258 2455 ‘
1274 2437 1443 2479 penetrali
1456 2437 1489 2467 in
1507 2435 1587 2467 sede
1603 2434 1626 2466 ι’
1646 2434 1699 2465 id-

248 2489 399 2530 Prosper
422 2488 583 2530 Aquitan.
608 2491 662 2520 68.
694 2489 704 2506 ‘
722 2488 863 2520 Gratior
893 2493 948 2520 est
999 2500 1062 2530 que
1079 2488 1167 2528 ἕρκος
1188 2489 1311 2520 innuit.
1356 2485 1616 2527 Tryphiodorus
1642 2494 1699 2515 ea·

245 2538 390 2580 fructus,
400 2549 500 2580 quem
513 2549 591 2579 spes
605 2539 802 2579 productior
814 2539 911 2571 edit.’
1001 2539 1078 2569 dein
1096 2548 1172 2579 quae
1198 2538 1327 2568 Noster
1347 2535 1523 2574 describit,
1545 2539 1581 2565 et
1597 2534 1699 2566 Coin-

289 2591 353 2620 778
376 2589 443 2620 Aut
465 2589 566 2619 verbis
589 2588 723 2627 vigilata
749 2589 851 2629 quies]
875 2589 943 2621 Qui
1002 2595 1056 2620 tus
1073 2598 1154 2620 Χιιῐ.
1169 2591 1243 2619 642.
1285 2586 1423 2627 Ἐρκαίου
1437 2584 1509 2617 ποτὶ
1523 2584 1641 2623 βωμόν.

246 2638 416 2679 colloquio
427 2648 577 2670 somnum
592 2638 816 2678 protulerant.
1042 2643 1104 2671 793
1130 2640 1197 2670 Cur
1224 2638 1356 2678 stringis
1377 2637 1520 2678 eburnos,
1545 2636 1622 2668 Diis
1648 2635 1697 2666 in-

287 2691 350 2721 787
374 2689 515 2728 Fugerat
545 2689 703 2728 amplexus
724 2699 795 2720 aras
815 2693 847 2720 et
872 2693 946 2720 tem·
999 2691 1077 2730 vise,
1095 2690 1195 2730 Deos]
1219 2689 1310 2720 Vide
1324 2697 1375 2719 ιν.
1397 2690 1473 2719 190.
1518 2687 1616 2718 Deos
1638 2696 1697 2718 au-

243 2738 299 2778 pla
330 2738 480 2770 Tonantis
500 2738 621 2779 Infelix
638 2738 802 2779 Priamus]
840 2740 946 2771 Aram
1000 2746 1069 2772 tem
1094 2740 1246 2771 nomInat
1268 2739 1277 2756 ‘
1295 2736 1467 2777 eburnOS,’
1482 2737 1562 2778 quia
1582 2736 1699 2776 imagi·

247 2797 370 2829 nempe
383 2789 481 2821 Jovis
499 2789 645 2820 Hercaei.
671 2789 812 2821 Festus:
829 2790 943 2821 ‘Her-
997 2800 1057 2822 nes
1083 2791 1236 2821 Deorum
1273 2788 1328 2820 vel
1364 2787 1476 2819 tutela
1507 2786 1543 2818 in
1573 2784 1698 2826 capulo

247 2847 337 2870 caeus
362 2839 499 2880 Jupiter
529 2839 620 2871 intra
650 2845 854 2882 conseptum
886 2840 944 2872 do·
997 2841 1157 2873 eburnea.
