1889 3194
546 345 607 375 DE
643 344 796 375 nunno
830 344 1057 375 TRoJANO
1094 342 1190 374 Lm.
1225 343 1277 373 11.
1549 329 1634 372 423

188 437 218 478 J
223 450 292 478 am
313 435 477 477 mundo
497 437 675 478 meliore
696 437 820 487 redit,
850 436 1079 491 prudentia
1099 448 1324 489 nunquam

189 503 355 553 Velox,
375 503 605 556 indulgens
623 505 780 557 pietas,
810 504 1029 557 patientia
1047 503 1225 553 victrix,

190 570 376 611 Strenua
397 569 676 623 simplicitas,
694 570 845 611 hilaris
863 570 1015 623 pudor,
1037 569 1168 610 ardor
1190 567 1347 622 agendi

189 636 389 686 Sobrius,
410 642 455 677 et
478 637 597 677 nullo
618 641 780 678 nutans
802 636 1054 678 constantia
1073 647 1200 685 casu,

188 703 295 744 Non
313 715 425 755 vaga
443 715 537 755 pax
559 703 724 752 aderat,
746 716 887 744 rerum
908 701 1159 744 Concordia
1180 703 1346 750 custos,

187 769 217 810 J
221 770 385 810 ustitiae
405 770 598 822 rectique
617 774 757 818 tenor,
779 770 872 810 sine
882 768 1036 823 judice
1057 769 1237 810 stabant

188 835 365 877 Visurae
380 836 574 888 populos
595 840 640 876 et
662 836 939 877 Deucaliona
954 847 1139 884 sorores,

188 902 534 955 Poscebantque
555 901 737 944 ducem:
764 915 844 943 nec
864 902 981 943 enim
1001 914 1152 943 secura
1171 900 1347 942 meandi

190 968 348 1022 Copia,
368 981 450 1009 nec
471 981 648 1022 prorsus
672 969 817 1010 Furiis
837 970 883 1010 in
903 969 1088 1010 Tartara
1107 968 1252 1022 pulsis

190 1033 433 1076 Cessavere
452 1039 622 1076 metus:
654 1035 831 1076 tandem
853 1036 1050 1088 genitura
1077 1034 1320 1075 Minervam

189 1101 467 1142 Contremuit
487 1101 607 1142 frons
624 1101 745 1143 celsa
764 1101 795 1143 J
799 1102 914 1151 ovis,
936 1105 1146 1155 totusque
1167 1103 1311 1142 rotatu

189 1167 394 1208 Intonuit
414 1167 580 1221 majore
601 1169 749 1221 polus,
771 1181 852 1209 nec
873 1167 1036 1221 gratior
1055 1179 1247 1221 unquam

188 1234 289 1275 Lux
311 1233 493 1287 Superis
510 1248 519 1275 ε
550 1234 634 1275 hoc
655 1241 780 1288 patre
798 1235 950 1284 fluens,
970 1234 1057 1275 hoc
1079 1234 1201 1274 edita
1219 1237 1363 1287 partu,

190 1301 356 1341 Divum
377 1301 533 1353 pandit
550 1302 646 1349 iter,
668 1302 785 1342 diras
805 1307 851 1342 et
870 1306 1066 1342 monstra
1084 1300 1249 1353 relegat

186 1366 412 1408 Virtutum
435 1371 603 1417 custos,
621 1368 825 1409 virtutum
847 1368 1018 1421 praevia
1038 1367 1208 1408 Pallas.
1549 1365 1635 1407 370

189 1433 235 1473 H
242 1447 307 1474 aec
328 1433 407 1474 illa
426 1437 511 1483 est,
533 1447 667 1486 quarn
688 1434 718 1475 J
722 1447 811 1475 uno
829 1439 971 1484 notat,
991 1446 1139 1488 quam,
1160 1432 1382 1482 Dardane,
1402 1432 1563 1482 cernis,

190 1499 335 1540 Marte
357 1499 559 1541 Minerva
578 1505 753 1553 potens,
770 1501 868 1542 haec
890 1501 1020 1554 cujus
1040 1499 1192 1541 dextra
1213 1499 1431 1540 minacem

188 1566 404 1607 Exhausit
423 1566 658 1618 Phlegram
675 1581 685 1608 ε
715 1568 823 1618 vidi,
843 1566 1077 1608 dicamne?
1113 1566 1193 1607 sed
1213 1579 1366 1607 omnes

189 1632 424 1682 Novimus,
442 1633 650 1674 Enceladi
671 1634 917 1675 consumsit
936 1634 1115 1674 flamma
1136 1632 1359 1686 Cyclopes
1378 1645 1389 1673 ι

188 1699 474 1740 Centimanus
493 1700 718 1752 pharetras
739 1704 926 1750 centurn,
947 1700 1210 1754 Niobesque
1231 1699 1416 1752 sagittas

188 1766 378 1819 Sprevit,
396 1766 622 1807 anhelanti
634 1767 729 1821 Jam
745 1768 886 1821 maj0r
907 1766 1054 1810 Marte
1076 1765 1322 1820 Typhoeus

187 1831 360 1874 Coelum
380 1834 624 1887 poscebat:
646 1835 724 1876 ubi
744 1839 849 1876 tunc
874 1833 1099 1876 Mavortia
1118 1833 1148 1874 J
1152 1833 1269 1875 uno'?

1550 700 1634 740 360

1547 1031 1636 1072 365

1550 1701 1638 1741 375

836 1959 978 1992 No'rAE

187 2041 242 2063 nm
255 2031 356 2064 Hom.
369 2041 406 2063 x.
418 2041 452 2072 p.
462 2035 514 2064 97.
534 2031 786 2070 ἆπελήλαταικαὶ
796 2032 885 2069 ἐκβέ-

188 2085 318 2120 βληται,
333 2080 384 2111 καὶ
403 2081 459 2118 τὴν
478 2082 539 2120 γῆν
551 2082 667 2122 ἆφεῖσα
688 2082 743 2113 τὸν
758 2081 887 2123 οὐρανὸν

940 2032 1058 2064 dorum
1086 2042 1111 2065 ι.
1141 2035 1173 2066 8.
1197 2032 1253 2074 qni
1292 2031 1457 2072 absorpta
1479 2031 1637 2068 Thetide,

939 2083 1161 2121 Prometheo,
1174 2083 1229 2114 vel
1245 2083 1411 2117 Vulcano,
1435 2087 1539 2122 caput
1561 2092 1636 2123 per-

188 2130 404 2169 ἆπεδήμησεν;
427 2131 470 2161 de
496 2131 591 2163 Pace
613 2133 775 2173 loquitur.
819 2133 885 2163 Fu-

189 2191 264 2222 gam
289 2181 380 2211 illam
410 2179 558 2211 Virtutis
588 2181 721 2221 prolixe
758 2181 884 2213 Aratus

188 2230 353 2262 describit
369 2232 442 2261 206.

233 2282 295 2310 365
323 2278 478 2309 Genitura
491 2279 670 2310 Minervam
688 2281 884 2312 Contremuit

182 2330 277 2366 frons
297 2329 378 2359 celsa
392 2328 496 2368 Jovis]
519 2327 678 2368 Apollod.
705 2329 814 2360 Rhod.
831 2339 881 2361 lv.

189 2380 377 2419 Argonaut.
413 2378 640 2409 Callimachus
654 2378 777 2419 hymno
788 2378 823 2409 in
834 2379 882 2410 la-

191 2438 329 2460 vacrum
344 2427 510 2466 Palladis,
526 2428 695 2459 Pindarus
715 2428 886 2467 insignite,

192 2479 307 2519 Olym.
327 2480 360 2508 7.
403 2477 503 2516 Ἀνίχ’
530 2476 705 2517 Ἁφαίστου
730 2476 886 2516 τέχναισι,

189 2526 387 2566 Χαλκελάτῳ
409 2525 547 2566 πελέκει,
577 2526 713 2567 Πατέρος
742 2527 887 2558 Ἀθαναία

188 2579 324 2620 κορυφὰν
344 2579 410 2609 κατ’
424 2577 519 2618 ἄκραν
544 2577 742 2618 Ἀνορούσασ)
764 2577 884 2609 ἀλάλα-

190 2634 242 2670 ξεν
265 2626 429 2670 ὑπερμάκει
447 2629 525 2669 βοᾷ.
569 2627 705 2668 Οὐρανὸς
728 2628 752 2658 δ’
784 2627 887 2669 ἔφριξέ

189 2693 235 2713 νιν
262 2679 313 2711 καὶ
338 2680 413 2710 Γαΐα
437 2677 549 2719 μάτηρ.
599 2677 734 2709 Securis
769 2678 885 2719 itaque

190 2730 357 2764 obstetrix
370 2729 504 2769 fuit,et‚
514 2728 604 2770 quod
622 2728 730 2768 addit,
744 2729 886 2769 Jupiter

191 2780 329 2814 Rhodiis
349 2789 465 2811 aurum
490 2779 587 2821 pluit.
631 2779 719 2810 Vide
746 2777 885 2820 Apollo-

940 2133 1108 2173 cutiente,
1134 2132 1311 2163 Palladem
1333 2132 1438 2172 juxta
1462 2132 1638 2163 Tritonem

938 2191 1072 2213 amnem
1100 2186 1263 2212 armatam
1293 2180 1468 2212 exsiluisse
1503 2182 1636 2213 scribit.

940 2232 1040 2263 Philo
1069 2231 1139 2271 περὶ
1165 2242 1298 2268 κοσμοπ.
1336 2235 1562 2262 commentum
1593 2232 1636 2262 de

938 2283 1097 2313 Minerva
1124 2281 1167 2313 ad
1204 2290 1381 2312 nnmerum
1406 2281 1635 2321 septenarium

938 2331 1157 2371 transfert,p.
1169 2334 1221 2362 17.
1236 2331 1325 2361 Item
1336 2330 1527 2362 chalcidius
1536 2331 1636 2362 Com·

936 2386 1042 2413 ment.
1054 2382 1087 2412 in
1101 2381 1263 2411 Timaeum
1278 2379 1432 2410 Platonis
1448 2389 1480 2419 p.
1495 2382 1568 2411 111.

980 2433 1044 2461 374
1067 2430 1218 2461 Enceladi
1240 2428 1406 2460 consumsit
1423 2427 1556 2469 flamma
1574 2430 1636 2470 Cy-

937 2480 1050 2521 clopes]
1074 2479 1163 2510 Vide
1192 2477 1440 2519 Apollodorum
1466 2487 1490 2509 1.
1516 2483 1552 2510 et
1576 2478 1636 2510 illa

939 2539 1015 2570 quae
1033 2532 1218 2569 sequuntur
1234 2527 1277 2558 de
1292 2526 1466 2567 Typhoeo,
1487 2527 1545 2568 qui
1565 2537 1635 2558 ma-

939 2588 1042 2610 nuum
1056 2578 1115 2615 τὴν
1129 2577 1187 2616 μὲν
1214 2576 1264 2608 ἐπὶ
1277 2577 1337 2615 τὴν
1352 2576 1485 2618 ἑσπέραν
1501 2578 1635 2609 ἐκτεινο-

937 2628 1044 2668 μένην,
1053 2628 1111 2666 τὴν
1122 2627 1155 2659 δὲ
1167 2627 1216 2658 ἐπὶ
1227 2626 1283 2659 τὰς
1296 2627 1632 2668 ἂνατολὰς]3οῐ31)ειῑ;

938 2679 1098 2710 dicuntur
1114 2677 1198 2709 inibi
1222 2676 1436 2717 ἐκατόνχειρες
1454 2678 1539 2709 Coeli
1562 2677 1635 2713 filii,

939 2733 975 2759 et
997 2725 1212 2768 ἐκατόνχειρες
1241 2727 1456 2769 simpliciter,
1485 2728 1634 2762 Nazian-

940 2787 1034 2818 zeno,
1050 2786 1099 2809 ιν.
1117 2780 1191 2809 121.
