1889 3194
257 335 342 377 428
780 342 980 374 JOsEPHl
1018 341 1179 371 isCANi

260 437 460 478 Maxime
481 436 768 486 Priamidmn,
789 440 938 476 nostra
957 439 1024 476 est
1045 435 1083 474 si
1110 433 1248 486 gloria
1268 434 1472 487 quicquid

261 502 382 544 Mars
403 504 553 554 audet,
575 503 693 557 quod
716 501 814 543 Clio
836 501 981 550 docet,
1003 499 1122 553 quod
1144 504 1284 541 certat
1304 499 1523 550 Arachne,

260 570 310 610 Si
332 570 411 610 tibi
428 570 572 610 mixta
591 582 762 618 manus,
785 575 830 609 et
849 568 1060 622 partitura
1081 566 1340 619 Minervam,

261 636 310 677 Si
329 637 484 677 tutoris
504 640 632 688 egent
653 648 793 685 arces,
821 639 867 675 et
887 634 930 674 in
951 646 1050 674 arce
1068 633 1307 686 triumphat

260 702 526 752 Palladium,
546 702 695 743 formae
714 701 888 742 titulum
909 701 947 742 si
967 700 1089 753 virgo
1109 704 1305 748 meretur,

259 768 435 820 Annue‚
457 774 501 810 et
522 769 708 810 Iliacum
722 768 864 822 judex
883 779 937 808 ne
956 767 1134 821 despice
1155 766 1305 808 fatum.

317 835 539 885 Desierat,
560 835 768 887 vultuque
789 834 981 875 animum
1000 846 1239 887 vocemque
1256 836 1411 875 secuto

259 901 313 941 In
334 914 488 954 gyrum
508 901 686 942 flectens
707 901 846 941 aciem
868 900 1015 942 sedet:
1048 902 1209 942 emicat
1231 913 1318 941 axe

260 967 407 1008 Idalio
429 971 636 1021 provecta
656 966 823 1017 Venus,
842 954 1104 1021 tandemque
1124 967 1319 1021 profatur

260 1034 432 1075 Moesta
451 1047 619 1088 parum,
637 1034 716 1075 sed
738 1033 900 1075 blanda
920 1034 1077 1083 oculis,
1094 1039 1140 1075 et
1153 1034 1291 1075 fronte
1311 1046 1477 1075 serena:

318 1100 420 1142 Heu
440 1101 602 1154 quibus
621 1101 801 1142 exilium
821 1101 998 1153 populis
1020 1101 1225 1154 positura
1243 1101 1476 1154 relinquar,

260 1168 418 1208 Libera
439 1167 612 1208 Saturni
633 1167 807 1221 proles?
845 1166 930 1207 Cui
950 1170 1084 1219 grata,
1109 1168 1178 1208 vel
1200 1180 1345 1221 aequa,

259 1235 309 1275 Si
326 1234 507 1287 Superis
529 1235 672 1275 invisa
687 1247 835 1287 vagor,
856 1234 894 1274 si
917 1233 1142 1287 transfuga
1161 1235 1265 1275 coeli

262 1301 377 1341 Fata
392 1302 580 1354 sequor?
612 1300 712 1342 Vos
735 1314 761 1342 o
781 1302 920 1355 spirat
938 1301 1096 1354 quibus
1116 1302 1221 1342 orbe
1243 1300 1435 1342 secundo

260 1366 493 1408 Indefessa
519 1367 641 1416 fides,
658 1381 773 1422 quos
794 1380 882 1409 non
902 1368 1114 1409 livescere
1129 1373 1299 1409 certum
1314 1373 1394 1417 est,

260 1433 309 1474 Si
332 1434 421 1487 pia,
443 1434 480 1474 si
500 1433 659 1483 facilis,
679 1434 718 1474 si
734 1435 841 1475 nulli
862 1434 971 1476 dura
991 1435 1154 1483 Dione,

260 1499 449 1540 Pendite
470 1500 569 1553 quis
593 1513 772 1542 causam
795 1514 929 1542 casus
951 1507 1136 1554 premat,
1155 1502 1271 1543 unde
1294 1501 1526 1550 tumultus,

261 1565 391 1606 Unde
411 1567 561 1608 minae:
596 1580 694 1608 cum
716 1567 857 1620 prima
877 1580 998 1609 meos
1019 1569 1096 1609 lux
1116 1567 1278 1609 extulit
1294 1572 1428 1617 ortus,

262 1631 372 1672 Fovi
397 1632 614 1673 hominem
636 1633 770 1674 duros
791 1638 932 1674 tenere
953 1635 1095 1675 solata
1115 1635 1305 1683 labores,

261 1699 318 1740 Et
337 1711 471 1740 casus
491 1699 697 1740 miserata
717 1713 897 1753 graves:
929 1701 994 1741 sic
1014 1700 1197 1754 publica
1216 1701 1327 1752 grati

259 1765 448 1818 Templa
468 1765 574 1806 mihi
594 1769 790 1807 struxere
810 1767 916 1808 viri:
947 1767 1011 1807 sic
1027 1768 1154 1808 thura
1171 1767 1380 1807 merebar.

262 1831 382 1872 Hinc
404 1832 496 1881 irae,
517 1832 618 1872 hinc
639 1832 729 1873 odii
749 1846 910 1874 causae.
977 1833 1253 1874 Miserescite
1275 1833 1428 1873 saltem

260 1896 357 1938 Vos
377 1898 538 1951 quibus
559 1899 663 1940 exul
684 1912 815 1951 agor3
837 1900 940 1941 coeli
962 1912 1036 1941 rea
1054 1899 1260 1953 deprecor
1280 1900 1445 1948 orbem,

262 1963 406 2013 Quem
423 1965 556 2014 colui,
576 1969 766 2006 vestram
786 1967 938 2019 populi
960 1966 1180 2007 defendite
1201 1967 1356 2007 civem.

263 2030 370 2071 Flos
384 2030 614 2084 juvenum,
637 2045 739 2085 spes
760 2037 925 2083 nostra,
943 2033 1088 2082 Paris,
1104 2045 1192 2074 non
1211 2045 1327 2074 vexo
1347 2033 1524 2074 locutas

263 2095 368 2137 Non
386 2098 540 2138 incuso
564 2098 687 2139 Deas
705 2111 714 2139 :
746 2099 846 2152 quis
868 2100 983 2141 enim
1003 2100 1074 2141 vel
1094 2112 1275 2154 carpere
1290 2100 1452 2153 possit,

911 2176 1057 2208 NOTAE

1609 500 1697 541 450

1617 834 1703 875 455

1619 1164 1703 1205 460

1618 1500 1704 1540 465

1620 1833 1703 1873 470

303 2249 362 2277 451
389 2246 426 2277 Si
440 2247 499 2278 tibi
513 2248 613 2279 mixta
628 2258 748 2288 manus,
763 2252 792 2280 et
801 2251 959 2290 partit-ara
1051 2253 1114 2282 462
1137 2250 1249 2291 Spirat
1263 2250 1372 2291 quibus
1383 2250 1455 2280 orbe
1467 2249 1597 2280 secundo
1614 2249 1706 2280 Inde-

261 2295 453 2336 Minervam]
476 2297 617 2328 Consilii
629 2303 664 2329 et
676 2298 792 2330 auxilii
808 2309 957 2340 promam
1000 2300 1090 2337 fessa
1096 2300 1196 2341 fides]
1212 2300 1344 2340 Ἔφεσιν
1357 2310 1376 2331 a
1391 2300 1467 2331 Diis
1484 2300 1526 2331 ad
1537 2299 1705 2331 hominum

261 2355 297 2376 se
315 2346 500 2386 promittit:
515 2347 525 2364 ‘
540 2348 663 2387 partiri
679 2358 779 2380 curas
795 2354 831 2381 et
844 2359 957 2381 rerum
1003 2351 1174 2391 judicium
1191 2351 1345 2389 adornat,
1364 2359 1440 2381 cum
1467 2359 1486 2381 a
1509 2350 1645 2382 Junone
1670 2353 1706 2380 et

262 2404 386 2426 arcana
402 2395 556 2435 solebat‚'
573 2401 609 2427 nt
625 2398 748 2437 Papin.
766 2399 926 2439 loquitur.
1011 2400 1151 2431 Pallade
1168 2401 1263 2441 quasi
1291 2400 1377 2431 coelo
1391 2399 1614 2430 excludatur:
1638 2407 1704 2438 qno

302 2447 365 2475 454
397 2444 529 2476 Iliacum
542 2445 645 2484 judex
659 2456 695 2477 ne
710 2448 957 2489 despicefatum]
1011 2455 1170 2491 spectant
1187 2450 1255 2487 ina,
1276 2450 1285 2467 ‘
1299 2450 1325 2480 si
1344 2447 1518 2488 transfuga
1529 2448 1603 2479 coeli
1619 2448 1706 2478 Fata

260 2493 465 2533 Palladium,
495 2504 560 2535 quo
596 2495 700 2534 salvo,
734 2497 814 2528 urbs
851 2499 957 2530 salva.
1009 2498 1165 2540 sequor?
1181 2504 1190 2517 ¹
1203 2499 1279 2530 coeli
1297 2508 1354 2530 rea
1369 2498 1536 2538 deprecor
1548 2496 1689 2528 orbem!

257 2542 349 2572 'Vide
366 2542 525 2582 Apollod.
538 2553 593 2575 111.
613 2547 686 2577 180.
1052 2552 1115 2580 463
1145 2550 1229 2585 Quos
1252 2559 1312 2580 non
1334 2549 1477 2579 livescere
1497 2549 1615 2578 certum
1639 2547 1704 2587 est]

303 2594 366 2622 459
389 2592 463 2623 Heu
477 2593 586 2633 quibus
605 2595 736 2626 exilium
760 2598 881 2638 populis
901 2608 955 2639 po-
1011 2599 1196 2630 Livescunt
1222 2602 1316 2629 certe
1345 2596 1506 2635 homines,
1535 2595 1595 2626 sed
1626 2595 1703 2626 Diis

258 2640 359 2671 eitum
373 2641 542 2681 relinquar]
560 2643 614 2674 Ita
628 2644 799 2678 AEschines
815 2648 957 2679 Demos·
1010 2659 1072 2679 sua
1094 2657 1159 2679 non
1180 2647 1356 2678 invident:
1379 2655 1469 2682 nam,
1484 2649 1519 2675 nt
1536 2644 1705 2675 Aristote-

262 2688 353 2718 meni
378 2689 443 2719 ista
470 2692 597 2723 assuit:
621 2693 832 2735 περιγράψατέ
858 2708 896 2734 με
922 2697 956 2727 ἐκ
1009 2698 1058 2729 les
1081 2698 1130 2729 ait
1146 2698 1245 2728 Rher.
1268 2704 1309 2727 ιι.
1324 2698 1376 2726 19.
1397 2692 1583 2734 φθονήσουσι
1605 2692 1648 2724 οἷς
1663 2693 1703 2724 εἷ-

261 2739 315 2774 τῆς
335 2739 500 2780 πολιτείας,
522 2741 577 2772 οὐκ
599 2741 685 2774 ἔστιν
700 2744 760 2782 ὅπη
780 2745 956 2783 ἀναπτήσο-
1010 2746 1061 2778 σῖν
1083 2746 1180 2786 ὅμοιοι
1201 2745 1221 2783 ἢ
1240 2744 1419 2785 φαίνονταιε
1445 2748 1477 2773 et
1496 2744 1596 2784 paulo
1613 2750 1702 2783 post,

260 2799 324 2824 μαι.
365 2787 461 2819 Orat.
481 2795 600 2822 eontra
616 2793 797 2835 Coronam,
813 2797 864 2827 vel
878 2797 956 2828 Cte-
1010 2797 1072 2827 οὐδ’
1097 2795 1138 2827 ὧν
1153 2795 1233 2827 πολὺ
1253 2795 1366 2825 οἴονται
1386 2794 1454 2834 παρ’
1470 2793 1573 2825 αὐτοῖς
1588 2793 1607 2831 ἢ
1623 2793 1702 2833 παρὰ

262 2836 465 2875 ὃῗϋΙιουῑεηι.
1010 2848 1074 2878 τοῖς
1090 2846 1200 2878 ἄλλοις
1216 2845 1387 2877 λείπεσθαι.
