1889 3194
325 318 412 359 640
772 328 982 359 NoTl'rlA
1021 326 1299 358 Li'rERAmA

325 427 447 464 tribus
467 425 700 465 editionibus
720 427 993 465 anterioribus⁷
1012 439 1105 464 usus
1125 427 1261 472 fuerat,
1281 424 1419 475 quibus
1443 425 1483 463 hi
1502 425 1602 472 libri,
1622 418 1766 477 majore

326 489 456 528 adhuc
481 490 650 537 inscitia,
675 503 792 541 quam
823 491 1015 540 prosarius
1036 491 1173 536 Dares,
1193 489 1364 527 Cornelii
1388 489 1549 539 Nepotis
1580 495 1768 540 tanquam

327 553 497 591 auctoris
517 566 655 592 nomen
689 559 830 603 gerunt
848 553 1062 603 praefixum.
1126 553 1171 589 In
1202 552 1380 590 omnibus
1414 565 1505 590 vero
1524 553 1609 590 istis
1629 551 1769 589 editio-

326 616 440 653 nibus
461 615 594 653 omissi
615 624 705 653 sunt
724 623 811 666 post
830 615 915 653 libri
938 628 967 652 1.
989 628 1046 652 vs.
1067 617 1132 653 32.
1162 615 1200 651 hi
1221 628 1368 661 versus,
1389 615 1529 665 quibus
1549 615 1770 653 continetur

325 679 541 716 encomium
561 679 758 724 Balduini,
777 679 839 716 cui
858 679 996 729 poe'ma
1021 678 1096 716 hoc
1129 691 1255 723 suum,
1289 690 1358 729 pro
1377 678 1442 715 illa
1467 683 1683 728 temporum
1704 690 1773 715 sum

324 753 434 778 orum
453 742 626 779 barbarie
645 741 855 778 facundum
875 747 915 778 et
939 748 1122 787 comtum,
1144 746 1280 779 auctor
1304 741 1461 787 dicavit,
1479 740 1769 791 Archiepiscopi

326 803 634 850 Cantuariensis‚
668 805 740 841 sub
765 804 880 841 finem
913 804 1048 841 saeculi
1074 817 1098 841 a
1117 810 1209 841 nato
1242 804 1317 842 Ch.
1339 803 1573 842 duodecimi.
1620 804 1768 842 Versus

323 865 413 903 illos
435 866 597 916 primus,
619 866 725 916 quod
746 867 880 912 sciam,
908 880 930 904 e
950 866 1057 905 Msto
1085 867 1222 905 codice
1252 866 1435 917 produxit
1465 867 1562 905 Tan.
1584 867 1709 906 Faber
1728 866 1769 905 in

330 928 433 967 notis
449 929 500 967 ad
520 929 736 980 Longinum
756 943 796 980 p.
820 931 908 968 169.
930 930 1022 968 edit.
1043 930 1240 980 praeclarae
1259 929 1448 968 Tollianae
1465 942 1475 967 z

485 1030 528 1067 In
550 1043 750 1068 numerum
763 1030 846 1081 jam
866 1031 1004 1068 crescit
1024 1030 1163 1076 honos,
1184 1038 1221 1067 te
1240 1030 1353 1067 tertia
1372 1029 1500 1080 poscit

486 1093 627 1140 Insula,
642 1094 724 1145 jam
745 1093 920 1132 meminit
937 1093 1153 1144 Wigornia,
1170 1093 1312 1130 Cantia
1331 1092 1457 1138 discit,

484 1155 686 1194 Romanus
708 1156 917 1194 meditatur
935 1169 1048 1207 apex,
1069 1162 1108 1193 et
1126 1156 1317 1206 naufraga
1337 1155 1442 1193 Petri

486 1218 701 1257 Ductorem
720 1219 757 1256 in
778 1219 914 1258 mediis
933 1226 1114 1270 expectat
1133 1220 1275 1270 cymba
1293 1218 1491 1269 procelliS.

481 1281 540 1318 Tu
560 1288 690 1320 tamen
710 1283 875 1321 occiduo
896 1283 1008 1333 degis
1028 1288 1235 1321 contentus
1255 1282 1362 1329 ovili,

483 1343 636 1382 Tertius
657 1358 680 1383 a
698 1346 862 1394 Thema,
883 1347 1205 1396 (Cantauriensi‚)
1223 1345 1470 1396 Thomasque
1490 1344 1688 1384 secundus
1707 1351 1746 1384 et

585 1408 696 1456 alter,

496 1469 564 1508 Sol
584 1472 725 1519 oriens,
747 1472 863 1510 rebus
884 1483 1100 1517 successor,
1120 1471 1290 1510 moribus
1306 1471 1447 1512 haeres.

496 1534 646 1573 Felices
665 1547 764 1587 quos
784 1548 862 1573 non
879 1535 996 1573 trahit
1017 1535 1194 1581 ambitus,
1214 1538 1314 1582 &c.†

382 1635 720 1675 Pseudo-Daretis
741 1634 839 1673 duos
859 1634 1016 1673 codices
1037 1635 1146 1673 Mss.‘
1165 1648 1283 1674 unum
1302 1635 1588 1674 Canonicorum
1609 1636 1765 1674 Latera-

329 1701 511 1738 nensium
533 1698 698 1746 Patavii,
718 1698 882 1736 alterurn
895 1697 1043 1749 Aloysii
1067 1698 1284 1744 Corradini,
1304 1699 1438 1737 laudat
1451 1700 1515 1737 Jo.
1535 1698 1711 1737 Rhodius
1727 1698 1768 1736 in

330 1764 434 1801 notis
465 1762 514 1800 ad
537 1761 777 1800 Scribonium
809 1761 980 1810 Largum
1010 1773 1050 1812 p.
1083 1762 1146 1798 60.
1205 1762 1358 1799 Citatur
1386 1763 1510 1800 Dares
1539 1774 1564 1801 a
1588 1761 1767 1800 Freculfo

328 1826 395 1864 lib.
419 1839 472 1863 11.
496 1824 693 1871 chronici,
709 1836 795 1875 cap.
815 1825 879 1862 17.

383 1888 531 1926 Praeter
547 1901 686 1926 novam
706 1886 897 1924 Gallicam
920 1885 1074 1923 Daretis
1093 1885 1308 1924 versionem
1327 1887 1477 1925 obviam
1495 1887 1644 1926 inlibro
1660 1887 1766 1927 edito

327 1951 451 1991 Paris.
486 1953 600 1989 1731.
637 1953 698 1989 12.
754 1949 1000 2002 Mythologie
1029 1955 1069 1986 et
1101 1948 1287 1988 l’histoire
1316 1950 1385 1988 des
1413 1950 1554 1998 Dieux,
1573 1950 1643 1989 des
1663 1950 1766 1990 demi

1072 2069 1122 2100 sui
1145 2070 1291 2101 asciverit
1312 2070 1466 2102 Daretem
1490 2071 1638 2102 Latinum
1659 2081 1766 2112 prosa-

1070 2112 1163 2149 rium,
1180 2113 1263 2143 unde
1279 2113 1391 2143 deinde
1407 2114 1524 2144 factum
1534 2119 1583 2144 est
1596 2118 1643 2149 ut,
1659 2124 1767 2154 quem-

1070 2155 1239 2185 admodum
1255 2157 1333 2186 liber
1344 2155 1412 2196 ipse
1427 2155 1709 2192 Pseudo-Daretis,
1722 2157 1769 2188 ita

1072 2197 1168 2227 etiam
1192 2197 1297 2228 Iscani
1324 2199 1440 2238 poema
1469 2198 1615 2230 Cornelio
1646 2198 1768 2239 Nepoti

1071 2239 1272 2270 tribueretur.
1294 2241 1426 2280 Scripsit
1439 2245 1474 2271 et
1486 2241 1549 2271 alia
1560 2241 1621 2271 iste
1635 2240 1766 2271 Iseanus

371 2070 510 2101 ⁷Prima
538 2071 588 2101 ed.
617 2075 667 2101 est
693 2071 733 2100 ab
762 2069 888 2100 Albano
911 2069 1027 2100 Torino

328 2113 429 2145 Basil.
457 2115 552 2144 1541.
583 2115 615 2142 8.
641 2123 713 2143 cum
753 2112 1028 2142 Pseudo-Pindari

327 2155 474 2195 Epitome
502 2155 622 2191 iliadis,
663 2155 784 2184 Darete
813 2154 964 2194 prosario,
994 2159 1028 2184 et

326 2197 357 2226 H
367 2197 466 2227 omeri
481 2197 582 2227 Iliade
598 2207 639 2227 ex
655 2197 767 2227 Latina
782 2197 912 2227 Nicolai
925 2196 1028 2227 Vallae

326 2243 359 2269 et
379 2239 472 2275 Vinc,
498 2239 648 2280 Obsopoei
670 2239 825 2269 versione.
854 2239 932 2269 Tam
959 2249 1027 2269 cor-

324 2286 417 2321 rupte
447 2287 554 2312 autem
582 2282 708 2321 vulgata
732 2286 792 2316 est,
818 2286 949 2311 notante
977 2281 1028 2312 Jo-

325 2323 468 2353 Lelando
488 2327 602 2364 p.239.
618 2324 657 2354 de
682 2323 886 2363 scriptoribus
902 2323 1028 2353 Britan-

325 2365 416 2400 nicis,
439 2370 448 2383 ¹
464 2372 499 2395 ut
514 2367 542 2396 si
555 2371 644 2407 pater
658 2366 767 2406 ipsein
778 2366 898 2406 prolem
914 2366 1027 2395 redivi-

327 2417 384 2437 vus
412 2408 521 2438 oculos
546 2412 745 2439 converteret
769 2412 832 2437 tam
847 2408 1026 2443 informem,

326 2455 527 2489 cognosceret
541 2451 633 2490 plane
653 2448 836 2490 nunquam.'
871 2450 962 2480 Hauc
978 2460 1027 2480 se-

326 2497 398 2520 cuta
408 2496 457 2521 est
470 2492 567 2522 editio
577 2492 754 2523 Henischii.
769 2491 868 2522 Basil.
886 2495 980 2523 1573.
996 2496 1027 2524 8.

326 2533 438 2563 Altera
447 2539 533 2564 extat
542 2534 581 2564 ad
590 2535 709 2565 calcem
722 2534 851 2564 Homeri
866 2533 977 2564 Graece
994 2539 1028 2566 et

327 2574 441 2605 Latine
469 2576 547 2606 editi
575 2582 608 2607 et
645 2576 794 2606 illustrati
832 2586 852 2606 a
879 2576 1025 2607 Johanne

327 2617 507 2656 Spondan0‚
523 2619 623 2649 Basil.
645 2621 740 2649 1583.
757 2621 789 2649 8.
812 2623 845 2648 et
860 2620 954 2649 1603.
970 2619 1024 2649 fol.

327 2658 466 2689 Tertiam
486 2660 621 2700 denique
647 2661 686 2690 ab
708 2660 889 2690 Alexandro
909 2660 1022 2692 Carolo

325 2700 496 2740 'frog-nesio
511 2703 626 2733 editam
649 2702 836 2733 Dresemius
858 2708 1022 2742 memorat,

326 2752 420 2782 quam
444 2753 506 2773 non
521 2745 597 2775 vidi.
631 2744 783 2774 Ceterum
804 2754 868 2774 non
897 2745 1021 2775 videtur

326 2794 393 2813 esse
407 2784 623 2822 dubitandum,
634 2786 718 2826 quod
725 2786 882 2826 Josephus
890 2786 1019 2817 Iscanus

327 2834 541 2866 argumentum
571 2829 635 2861 sive
660 2828 841 2870 periocham
865 2829 1019 2870 poematis

1072 2281 1247 2318 Devonius,
1270 2281 1317 2321 [v.
1333 2288 1398 2312 not.
1409 2285 1441 2313 6.
1453 2293 1486 2323 p.
1497 2283 1588 2323 639.]
1601 2282 1668 2319 sed,
1681 2283 1767 2323 quod

1071 2324 1180 2360 sciam,
1194 2325 1332 2354 nondum
1347 2325 1443 2360 edita,
1457 2330 1570 2365 praeter
1581 2323 1766 2355 Antiochei-

1071 2366 1154 2406 dem,
1169 2366 1259 2406 cujus
1273 2366 1307 2396 in
1322 2367 1486 2397 Britannia
1500 2366 1642 2397 meminit
1651 2366 1765 2398 Camb-

1071 2409 1182 2444 denus,
1194 2408 1300 2449 magni
1312 2419 1383 2439 eum
1392 2419 1464 2439 cum
1474 2409 1591 2439 viveret
1601 2408 1682 2439 inter
1692 2419 1767 2440 suos

1070 2451 1212 2481 habitum
1229 2455 1371 2481 testatus.
1389 2451 1471 2482 Vide
1487 2451 1643 2482 Joannem
1651 2451 1765 2482 Prince

1069 2493 1102 2522 in
1125 2493 1262 2533 Anglico
1281 2503 1377 2533 opere
1400 2493 1438 2523 de
1453 2493 1525 2523 illus
1543 2493 1641 2524 tribus
1656 2492 1764 2523 Devo-

1070 2535 1141 2570 niis,
1157 2536 1218 2571 vel,
1232 2535 1257 2565 si
1274 2535 1350 2565 liber
1363 2536 1418 2566 ille
1439 2534 1480 2565 ad
1500 2544 1610 2565 manus
1627 2544 1690 2565 non
1711 2535 1764 2571 sit,

1069 2578 1271 2608 consulantur
1285 2577 1367 2609 Acta
1374 2577 1570 2609 Eruditorum
1585 2576 1659 2607 anni
1668 2578 1706 2608 17
1708 2579 1763 2608 02.

1067 2630 1089 2661 p
1110 2662 1140 2702 [†
1158 2662 1224 2692 Hos
1236 2661 1318 2701 ipsos
1328 2671 1437 2692 versus
1447 2661 1569 2698 Morus,
1578 2661 1612 2691 in
1621 2660 1710 2701 praef.
1721 2661 1763 2691 ad

1065 2703 1117 2734 ed.
1143 2704 1163 2734 J
1167 2705 1274 2745 osephi
1298 2704 1401 2734 Iscani
1417 2704 1456 2734 de
1473 2704 1563 2734 Bello
1573 2702 1708 2743 Trojano
1722 2704 1760 2734 li-

1063 2747 1199 2782 brorum,
1227 2757 1264 2777 ex
1279 2746 1419 2787 ejusdem
1440 2744 1651 2776 Antiocheide
1673 2745 1763 2776 citat.

1062 2787 1124 2818 Sed
1131 2793 1235 2818 tamen
1246 2798 1290 2818 vs.
1300 2789 1421 2819 Felices
1430 2797 1504 2827 quos
1515 2797 1575 2818 non
1586 2787 1698 2826 trahit,
1707 2789 1761 2828 &c-

1062 2830 1154 2862 estin
1166 2831 1313 2872 poemate
1326 2830 1367 2861 de
1383 2830 1475 2862 Bello
1489 2829 1573 2871 Troj.
1589 2839 1614 2860 1.
1630 2830 1700 2871 33]
