1889 3194
457 319 695 352 CASPARlS
730 318 938 352 BARTHII
969 318 1112 349 NOTAE
1144 317 1195 348 ΙΝ
1232 317 1328 348 LlB·
1359 318 1390 349 1.

207 416 278 445 tum
295 412 321 444 si
337 411 425 444 forte
447 413 583 454 reponis
599 412 780 452 Achillem,
796 410 902 451 Impi-

1564 307 1649 348 595

949 409 1193 451 conjurationis
1227 409 1260 440 in
1291 409 1516 441 hostilitatem
1546 409 1650 440 alicu-

207 473 278 503 ger‚
308 462 504 502 iracundus,
543 462 772 498 inexorabilis,
811 470 902 496 acer,
945 461 1004 502 jus
1019 465 1171 492 sanctum
1196 465 1231 492 et
1252 459 1482 492 inviolabilem
1507 458 1649 490 indicat.

206 513 294 546 Jura
312 517 414 554 neget
429 513 494 544 sibi
511 518 605 552 nata,
620 512 702 543 nihil
719 522 786 543 non
812 521 902 542 arro-

207 567 265 604 get
282 562 404 594 armis.’
428 562 526 595 Quod
544 562 586 594 ad
602 561 744 593 formam
761 561 902 593 Achillis

206 612 345 651 attinet,
359 611 500 643 eandem
518 613 635 652 pulcre
657 611 753 643 nobis
779 620 902 652 reprae-

205 661 355 692 sentavit
381 661 509 692 Isacius
532 661 861 702 Porphyrogenitus‚
883 671 903 692 a

207 720 336 742 summo
356 711 428 742 viro
450 711 540 743 Jano
561 711 743 752 Rutgersio
769 712 901 744 editus:

204 759 418 799 ὁἈχιλλεὺς,
447 761 508 799 ait,
532 761 690 802 εὔστηθος,
713 760 814 801 με’·γας
842 761 899 793 τὸν

205 807 302 848 ὄγκον
315 810 372 840 τοῦ
381 809 535 848 σώματος,
547 810 773 851 μακρόσκελος,
788 811 901 851 πανὸς,

204 858 322 898 ξανθὸς,
348 859 556 900 εὐπρόσωπος,
586 860 743 901 οἷνοπαὴς,
777 862 904 903 (legam

204 908 533 950 οἷνοβαρὴς,)γοργοὺς
544 909 627 950 ἔχων
632 910 703 942 τοὺς
713 911 903 951 ὀφθαλμοὺς,

204 957 360 999 πολύθριξ,
371 958 548 1000 μακρόῤῥιν,
562 959 634 992 τοὺς
649 960 744 992 πόδας
760 961 838 1000 ὀξὺς,
852 961 903 993 καὶ

204 1010 271 1040 τοῖς
292 1007 411 1047 &Apum
433 1009 567 1048 δόκιμος,
582 1010 678 1042 δεινὸς
699 1011 902 1051 πολεμιστὴς,

205 1059 348 1099 εὐχαρὴς,
372 1059 550 1100 φιλήδονος,
588 1060 826 1101 μεγαλόψυχος,
852 1061 903 1093 καὶ

205 1110 414 1151 καλλίφωνος,
427 1113 493 1142 &c.
518 1112 653 1142 Morum
667 1118 779 1144 autern
797 1113 903 1152 impa-

206 1161 325 1192 tientia
340 1160 422 1191 illud
438 1162 448 1177 ⁴
459 1159 658 1192 iracundus'
676 1161 903 1192 Horatiauum

206 1210 377 1250 designat.
399 1210 455 1242 Sic
472 1215 592 1242 contra
607 1212 616 1228 ‘
630 1211 804 1252 patientes
817 1210 826 1224 ’
842 1221 903 1252 pro

205 1261 321 1302 probis
349 1265 384 1292 et
410 1261 618 1302 simplicibus
656 1263 904 1303 quodammodo

205 1312 302 1352 ponit
321 1311 379 1342 lib.
395 1319 438 1342 11.
460 1316 579 1342 auctor
594 1311 683 1342 idem
706 1312 759 1343 hic
778 1318 904 1343 noster.

205 1362 215 1379 ‘
229 1362 312 1392 Eam
329 1361 481 1392 seniores
499 1361 774 1392 lamentationem
791 1362 905 1393 immo-

206 1411 317 1442 dicam
336 1421 411 1441 cum
428 1411 588 1451 lacrymis
609 1412 834 1452 accipientes,
859 1412 902 1443 ad

207 1461 320 1492 omnia
329 1471 403 1503 quae
415 1461 457 1492 ab
466 1471 505 1492 eo
513 1461 730 1503 dicebantur,
743 1468 903 1503 tanquam

207 1511 337 1552 injuriae
384 1512 460 1552 ejus
505 1512 687 1552 patientes,
732 1511 906 1543 annuere!

204 1562 333 1593 Tamen
363 1571 403 1593 eo
435 1562 511 1593 loco
541 1561 630 1592 idem
663 1561 774 1601 potius
810 1561 901 1602 quod

204 1613 213 1630 ‘
227 1611 491 1652 compatientes'
505 1611 660 1652 designat
672 1611 736 1642 hoc
752 1611 902 1643 verbum.

203 1661 348 1693 Advers.
364 1670 450 1693 [Νη.
467 1664 499 1693 7.

253 1711 381 1743 Vicarin
401 1714 500 1743 morte
520 1711 661 1751 conjugis
679 1711 756 1750 fata
775 1711 903 1752 propria

201 1762 391 1803 protulerat]
416 1761 427 1779 ‘
446 1762 620 1794 Vicariam
646 1762 808 1793 mortem’
833 1762 899 1794 ele-

205 1818 328 1852 gauter
353 1812 538 1843 Alcestidis
574 1817 687 1848 vocat,
717 1822 792 1854 quae
825 1813 902 1844 vice

204 1860 317 1892 mariti
333 1861 474 1892 occidit.
518 1862 527 1879 ‘
543 1861 647 1902 Cujus
664 1865 760 1901 pater
776 1860 901 1892 Adme-

204 1916 259 1943 tus
282 1911 450 1953 quondam
478 1911 602 1942 vicaria
625 1916 733 1943 morte
749 1912 900 1952 conjugis

202 1961 276 1994 fata
292 1962 431 2003 propria
455 1960 668 2002 protulerat!
713 1961 769 1993 Ita
784 1962 901 2002 legen-

204 2013 297 2051 dum,
334 2021 410 2044 cum
447 2011 563 2052 inepte
599 2010 725 2052 alioqui
767 2010 903 2050 edatur,

204 2062 214 2080 ‘
232 2060 447 2102 pertulerat.'
489 2061 547 2092 Sic
563 2060 649 2092 libro
665 2060 798 2099 eodem,
811 2060 822 2078 ‘
839 2069 902 2091 nec

204 2111 314 2151 leniri,
326 2111 520 2151 prinsquam
533 2115 653 2142 auctor
665 2111 750 2141 tanti
762 2111 901 2142 sceleris

203 2159 306 2191 filiam
323 2165 406 2190 natu
422 2159 602 2190 maximam
627 2159 785 2190 vicariam
804 2160 902 2191 victi-

205 2219 291 2240 mam
309 2207 537 2240 immolasset!
558 2208 616 2240 Sic
631 2208 641 2226 ‘
654 2208 814 2240 vicarium
831 2219 901 2239 mu-

204 2259 284 2290 nus'
307 2260 329 2291 1.
347 2268 390 2291 11.
418 2264 427 2277 ¹
441 2259 518 2291 Nec
531 2260 708 2300 quicquam
723 2259 901 2299 deprecari

205 2309 362 2350 amplius,
376 2308 476 2340 modo
496 2308 529 2339 in
550 2309 661 2340 locum
678 2309 752 2349 ejus
771 2309 902 2350 Hippo-

204 2359 364 2399 damiam,
394 2369 469 2400 quae
497 2368 572 2390 cum
598 2358 730 2390 Achille
758 2358 903 2399 degeret

204 2409 367 2440 vicarium
382 2417 501 2440 munus
524 2407 636 2440 amissi
651 2409 798 2448 honoris,
812 2409 901 2441 acci-

207 2457 331 2500 peret.¹

250 2509 359 2540 Comes
374 2507 521 2539 Herculis
542 2510 611 2548 post
637 2506 802 2538 discessum
822 2506 902 2547 ejus]

203 2557 446 2590 “Discessum’
475 2567 537 2598 pro
566 2564 675 2588 morte
692 2562 903 2597 usurpatum,

204 2608 259 2640 cui
284 2608 407 2639 similia
426 2617 468 2638 ex
493 2608 609 2646 Festo,
627 2607 795 2646 Vitruvio,
820 2606 901 2638 Am-

204 2657 328 2696 miano,
338 2657 425 2696 aliis,
440 2657 522 2688 alibi
539 2657 739 2688 notavimus.
753 2655 900 2688 Advers.

204 2715 323 2739 xxvii.
340 2710 391 2739 10.

247 2758 320 2798 §15
344 2757 481 2788 Pon-um
506 2766 621 2788 marem
649 2756 681 2787 in
703 2756 812 2795 sorum
839 2767 902 2788 me-

204 2806 290 2837 dium
305 2806 416 2847 afferri
428 2807 532 2845 jubet,
553 2806 625 2847 ξιτ]
651 2806 766 2838 Ritum
790 2807 902 2838 conci-

204 2856 320 2897 piendi
345 2857 546 2889 sacramenti
569 2857 639 2889 sive
655 2857 842 2898 juramenti
866 2862 903 2889 et

953 511 1053 545 Quod
1077 512 1205 552 legenti
1226 511 1306 542 mihi
1328 520 1409 542 sane
1426 510 1542 541 mirari
1558 510 1650 541 subit

953 561 1123 592 hominum
1157 561 1389 600 securitatem,
1421 560 1479 600 qui
1516 564 1648 590 tantum

953 611 1141 642 exercitum
1165 610 1364 642 Graecorum
1389 609 1432 640 ad
1457 618 1569 639 muros
1593 609 1650 640 Ilii

953 660 1132 691 admissum
1169 670 1189 691 a
1219 660 1430 691 dominatore
1461 660 1519 691 illo
1555 660 1648 691 Asiae

953 711 1081 752 fingere
1105 715 1182 742 sunt
1209 710 1294 742 ausi.
1344 711 1477 742 Tantus
1500 719 1574 746 rex,
1598 714 1650 741 tot

953 761 1152 801 populorum
1182 761 1387 801 Imperator,
1415 765 1468 792 tot
1497 759 1649 791 Heroum

952 817 1064 852 pater,
1090 821 1157 842 non
1184 813 1296 852 potuit
1327 811 1440 842 aditus
1471 811 1567 850 regni
1598 812 1649 841 sui

952 862 1096 899 munire,
1117 870 1160 892 ne
1181 862 1257 892 urbs
1280 861 1412 901 imperii
1435 866 1538 900 caput
1561 860 1650 891 obsi-

952 911 1092 943 deretur
1107 920 1126 942 a
1143 911 1353 952 principibus
1372 912 1531 952 angulum
1548 921 1650 942 unum

952 961 1146 992 tenentibus
1162 961 1320 1000 Europae,
1333 961 1467 992 minime
1484 970 1559 992 cuni
1578 961 1650 1000 ipso

953 1011 1106 1042 omnibus
1132 1011 1230 1042 unico
1247 1010 1497 1051 comparandis.
1542 1010 1650 1041 Porro

951 1070 1080 1092 morem
1104 1061 1206 1091 istum
1231 1060 1375 1091 vovendi
1398 1059 1592 1091 inimicitias
1608 1060 1651 1091 ir-

953 1109 1149 1142 refutabiles
1165 1110 1280 1141 nescio
1296 1119 1339 1140 an
1357 1119 1459 1150 supra
1474 1109 1576 1140 etiam
1592 1118 1653 1140 no·

953 1160 1068 1191 tarim:
1091 1165 1185 1191 certe
1199 1159 1438 1190 observatione
1455 1164 1506 1190 est
1523 1158 1651 1198 dignis-

952 1211 1069 1251 simus,
1086 1215 1122 1241 et
1137 1210 1264 1240 mentio
1282 1210 1355 1250 ejus
1379 1214 1433 1240 est
1455 1207 1544 1240 infra
1560 1208 1650 1249 apud

952 1266 1104 1292 nostrum
1112 1261 1212 1291 etiam
1224 1262 1244 1290 Ι.
1257 1269 1296 1291 11.
1308 1264 1383 1291 etv.
1393 1260 1584 1290 Execratur
1594 1269 1650 1290 an-

953 1316 1020 1342 tem
1034 1311 1068 1342 in
1084 1312 1209 1352 populo
1221 1310 1289 1342 Dei
1301 1310 1442 1341 eandem
1457 1310 1544 1340 hanc
1556 1319 1650 1341 cere-

952 1361 1097 1392 moniam
1114 1361 1305 1392 Hieremias
1324 1360 1501 1400 Propheta
1516 1368 1650 1390 xxxrv.

952 1421 1017 1452 qua
1045 1421 1080 1442 se
1102 1411 1221 1452 utique
1246 1410 1449 1442 addixerant
1472 1410 1650 1450 gentilium

952 1462 1202 1502 superstitioni,
1217 1461 1427 1502 interpositis
1444 1461 1526 1491 diris
1552 1459 1649 1500 adju·

951 1512 1154 1543 rationibus.
1199 1511 1312 1542 Verba
1339 1511 1524 1552 Prophetae
1547 1514 1647 1541 suut:

949 1563 958 1579 ‘
978 1562 1024 1593 Et
1053 1561 1143 1593 dabo
1173 1562 1262 1592 viros
1292 1561 1350 1602 qui
1381 1560 1651 1601 praevaricantur

951 1612 1060 1645 foedus
1088 1622 1212 1652 meum,
1237 1618 1272 1644 et
1296 1622 1361 1643 non
1384 1612 1651 1642 observaverunt

950 1663 1056 1695 verba
1073 1663 1211 1695 foederis
1237 1663 1358 1704 quibus
1375 1661 1506 1693 assensi
1523 1666 1599 1692 sunt
1617 1661 1651 1691 in

952 1720 1137 1753 conspectu
1161 1722 1249 1754 meo,
1266 1713 1407 1744 vitulum
1424 1721 1522 1753 quem
1539 1712 1653 1742 couci·

951 1761 1076 1793 derunt
1092 1762 1124 1792 in
1142 1761 1223 1792 duas
1242 1765 1370 1802 partes,
1387 1766 1422 1792 et
1442 1761 1652 1792 transierunt

951 1812 1042 1843 inter
1053 1811 1235 1843 divisiones
1251 1813 1337 1853 ejus,
1349 1811 1532 1852 Principes
1547 1811 1648 1844 Judae.

951 1869 986 1894 et
1004 1862 1186 1903 Principes
1203 1863 1430 1901 Hierusalem,
1448 1861 1600 1893 Eunuchi
1617 1866 1652 1892 et

950 1910 1167 1946 Sacerdotes,
1189 1915 1224 1942 et
1247 1911 1353 1941 omnis
1376 1911 1520 1951 populus
1537 1914 1654 1948 terrae,

953 1961 1009 2001 qui
1025 1960 1234 1991 transierunt
1247 1960 1335 1990 inter
1348 1959 1530 1990 divisiones
1543 1959 1655 1998 vituli,

952 2009 1040 2041 dabo
1065 2019 1122 2041 eos
1144 2010 1176 2040 in
1203 2019 1320 2040 manus
1342 2009 1552 2040 inimicorum
1575 2018 1651 2039 suo=

952 2070 1037 2097 rum,
1067 2065 1103 2092 et
1133 2060 1198 2090 erit
1227 2060 1445 2090 morticinum
1474 2067 1590 2090 eorum
1616 2057 1652 2090 in

951 2119 1061 2141 escam
1079 2110 1270 2141 volatilibus
1286 2109 1388 2140 coeli.'

995 2159 1133 2190 Martem
1150 2163 1241 2199 utque
1255 2158 1459 2189 Concordiam
1474 2157 1579 2188 multis
1593 2157 1651 2188 im-

950 2209 1165 2239 molationibus
1176 2209 1236 2239 sibi
1251 2208 1500 2248 udhospitavere]
1519 2208 1650 2239 Scitum

952 2263 1004 2288 est
1029 2257 1119 2298 quod
1147 2258 1208 2297 ait,
1230 2259 1326 2288 Deos
1353 2258 1417 2288 sibi
1444 2257 1593 2288 Martem
1617 2262 1652 2289 et

952 2308 1176 2339 Concordiam
1202 2308 1292 2338 velut
1315 2307 1460 2347 hospitio
1487 2307 1653 2348 conjunx-2

952 2357 1019 2388 isse
1050 2356 1193 2388 Graecos
1226 2357 1410 2398 principes,
1440 2356 1530 2398 qnod
1560 2358 1569 2374 ‘
1593 2357 1651 2388 ad-³

951 2405 1162 2446 hospitasse’
1200 2405 1326 2436 dixisse
1360 2406 1488 2445 priscos
1526 2405 1652 2436 exinde

952 2460 1110 2496 apparet.
1154 2455 1201 2486 Ut
1229 2455 1391 2486 videlicet
1417 2465 1493 2486 cum
1516 2455 1563 2485 eis
1582 2465 1649 2486 ina—

952 2510 1073 2536 nerent
1090 2504 1157 2535 duo
1181 2505 1248 2535 isia
1269 2504 1419 2540 numina,
1435 2509 1470 2535 et
1487 2505 1576 2535 inter
1592 2514 1652 2536 eos

951 2553 1158 2585 habitarent.
1202 2554 1280 2585 Non
1308 2555 1456 2585 occurrit
1481 2563 1570 2585 nunc
1595 2554 1652 2586 ad·

951 2607 1191 2647 hospitationis
1232 2607 1329 2647 hujus
1364 2607 1492 2637 mentio
1523 2607 1555 2637 in
1585 2606 1652 2638 alic

953 2656 1112 2697 quopiam
1129 2660 1282 2687 auctore.
1328 2655 1472 2688 Advers.
1489 2665 1576 2687 Lvu.
1593 2659 1624 2687 7.

995 2708 1071 2748 §16
1095 2708 1148 2739 Ita
1177 2717 1325 2740 consensu
1355 2708 1489 2739 omnium
1519 2708 1649 2738 secundo

951 2767 1083 2797 rumore,
1100 2758 1172 2799 mn]
1196 2758 1376 2789 ‘Secundo
1393 2767 1523 2789 rumore
1535 2757 1542 2770 ¹
1561 2758 1651 2788 valet

952 2807 1141 2847 auspicato.
1197 2807 1295 2848 Virg.
1317 2807 1392 2838 AEn.
1420 2815 1502 2838 vnt.
1531 2805 1650 2847 ‘Ergo

951 2857 1019 2889 iter
1045 2857 1220 2899 inceptum
1251 2857 1405 2889 celerant
1435 2865 1567 2888 rumore
1597 2866 1652 2888 se·
