1889 3194
524 394 584 423 DE
621 394 775 424 sunno
807 394 1031 424 TROJANO
1066 393 1159 422 mn.
1193 393 1257 421 iv.
1530 380 1614 419 462)

170 488 396 541 Tempora
413 501 423 529 ε
450 500 558 529 neve
578 500 743 541 vagans
764 488 916 530 formae
935 488 1097 529 furetur
1117 488 1326 528 honorem
1555 485 1610 524 70

176 555 410 604 Caesaries,
428 557 657 608 utramque
674 568 840 596 comam
859 567 938 595 sua
955 555 1119 596 detinet
1139 555 1271 595 auris.

230 621 359 662 Crine
379 621 542 669 minax,
564 622 686 662 vultu
705 622 921 674 placidus,
939 633 1136 663 sermone
1159 632 1355 668 serenus,

174 686 323 729 Affatu
344 686 504 737 facilis,
521 687 651 728 oculo
672 689 869 740 nigrante
891 693 1118 736 venustus,

174 753 475 807 Consiliisque
494 755 612 808 pius,
634 756 814 796 stabiles
835 756 1018 796 libratur
1040 755 1082 794 in
1105 758 1225 795 artus

180 821 362 871 AEneaS,
381 821 493 862 fusis
514 823 721 872 humeris,
744 826 789 862 et
808 822 972 863 lumine
994 821 1184 874 grandis.
1555 819 1613 859 75

231 887 429 929 Antenor
448 888 568 928 tenui
590 888 824 941 productus
846 900 1045 941 corpore,
1069 900 1169 928 sura

179 955 431 1006 Succincta,
452 959 573 996 motu
593 956 755 1005 facilis,
778 969 867 1009 quo
889 968 1016 996 nemo
1040 967 1221 995 suorum

177 1022 369 1064 Insidias
388 1023 460 1064 vel
479 1035 613 1063 nosse
635 1023 767 1075 prior,
788 1024 858 1064 vel
879 1026 1049 1064 nectere
1067 1021 1219 1074 major.

234 1089 402 1142 Regius
419 1091 617 1131 incendit
638 1090 874 1131 Hecubam
892 1090 1042 1138 decor,
1060 1088 1198 1129 ardua
1218 1088 1339 1141 pingi

177 1156 347 1206 Gloria,
369 1170 448 1198 nec
470 1162 602 1210 partu
622 1158 795 1210 species
811 1157 958 1198 effoeta
976 1155 1193 1210 frequenti
1563 1151 1619 1192 80

179 1223 381 1265 Marcida
401 1225 589 1265 vectoris
611 1225 721 1265 uteri
739 1224 968 1278 dispendia
990 1224 1137 1264 sentit.

179 1290 312 1331 Mens
333 1291 496 1332 victrix
515 1292 575 1331 nil
595 1291 724 1331 molle
746 1295 890 1331 movet
912 1290 972 1330 nil
994 1289 1138 1330 debile
1174 1287 1325 1335 dictat,

179 1356 307 1397 Sonti
325 1356 533 1407 difficilis,
554 1361 599 1398 at
619 1358 711 1398 miti
734 1357 910 1405 blanda,
925 1356 1110 1408 rigorem

179 1421 332 1472 Exuit,
355 1423 530 1464 afflictis
552 1423 761 1472 clemens,
784 1427 828 1463 et
848 1422 1020 1463 civibus
1041 1433 1182 1474 aequa.

236 1489 410 1539 Forma,
432 1489 604 1539 modus,
626 1491 786 1544 pietas,
806 1501 974 1536 sensus,
996 1486 1150 1540 pudor,
1172 1485 1344 1526 auctius
1367 1487 1520 1525 ornant
1564 1483 1621 1522 85

178 1555 507 1597 Andromachen
530 1560 721 1597 erectam
743 1555 948 1604 humeris,
966 1555 1152 1606 visuque
1175 1564 1392 1592 serenam.

237 1623 336 1663 Non
358 1624 563 1664 membris
584 1634 760 1676 egressa
780 1622 972 1671 modum,
996 1634 1082 1661 non
1103 1631 1225 1661 caeca
1246 1618 1393 1666 futuri,

180 1688 312 1731 Fulta
332 1702 439 1743 gena
459 1690 600 1739 tereti,
621 1692 830 1743 suspecto
854 1688 973 1729 crine
996 1700 1193 1729 cruorem

180 1756 405 1806 Mentitur,
425 1757 666 1809 flagratque
688 1756 783 1797 acie
801 1753 1052 1795 Cassandra
1071 1753 1265 1794 micanti.

235 1823 425 1864 Iliadum
441 1823 611 1876 populo
634 1823 796 1864 victore
820 1821 1050 1874 Polyxena
1070 1820 1196 1861 vultu
1566 1816 1623 1856 90

182 1889 440 1939 Praeradiat,
463 1890 637 1943 solique
660 1888 796 1930 decus
818 1888 1014 1942 speciale
1035 1892 1226 1928 meretur

182 1956 346 1996 Lactea
360 1957 652 1996 membrorum
675 1956 828 2005 series,
847 1954 1029 1995 ridentis
1051 1954 1181 1995 ocelli

181 2022 438 2072 Blandities,
457 2022 568 2075 pede
588 2022 700 2062 fulta
717 2022 852 2070 brevi,
873 2033 1059 2074 procera
1078 2022 1282 2061 venustas

183 2089 391 2142 Poplitis,
408 2092 555 2130 erecto
574 2089 737 2129 librans
759 2088 942 2141 vestigia
957 2100 1120 2141 gressu.

185 2154 411 2195 Articulos
430 2167 516 2195 non
540 2160 688 2207 aequat
707 2155 826 2205 ebur,
846 2168 932 2195 non
954 2155 1048 2195 lilia
1065 2152 1166 2194 colli
1567 2150 1625 2190 95

781 2250 1016 2263 eeeeeeeeeeee

226 2316 266 2344 77
293 2314 392 2345 Facili
408 2314 495 2346 Edd.
513 2315 599 2346 Mor.
617 2319 651 2346 et
667 2315 925 2356 Sponden—93
951 2313 1127 2345 Blanditiae
1142 2311 1283 2343 eaedem.

835 2399 975 2431 NOTAE

185 2468 251 2498 ries
267 2476 331 2498 non
349 2466 502 2507 palliavit
527 2476 686 2507 genarum
702 2467 874 2500 laetitiam:
929 2468 1066 2499 Suidam
1105 2466 1288 2508 sequimur,
1320 2464 1375 2504 qui
1405 2463 1547 2504 exponit
1584 2463 1621 2494 τὸ

188 2516 246 2548 sed
258 2517 337 2557 qnia
347 2525 444 2546 aures
456 2525 570 2547 comas
581 2516 794 2556 detinebant,
803 2518 877 2549 vul·
930 2516 1113 2557 ἑκατέρωθεν
1139 2514 1280 2552 ληπτόνε
1320 2513 1471 2554 quamvis
1495 2521 1624 2544 comam

186 2573 257 2598 tum
274 2566 379 2606 magis
394 2565 539 2606 apernit.
578 2565 665 2596 Vide
681 2566 818 2598 Junium
834 2566 878 2597 de
929 2569 939 2584 ‘
950 2567 1088 2598 densam
1105 2565 1113 2578 '
1131 2564 1221 2605 apud
1236 2564 1481 2595 Philostratum
1497 2567 1602 2594 notet.

184 2618 302 2650 Coma.
318 2617 462 2649 casaub.
473 2617 516 2647 ad
525 2617 678 2648 Suetonii
691 2616 878 2657 Angustum
973 2620 1012 2647 91
1039 2616 1164 2656 Solique
1193 2616 1284 2645 decus
1317 2613 1446 2654 speciale
1474 2613 1626 2654 meretur]

185 2679 219 2710 p.
233 2672 335 2701 85.et
350 2669 534 2709 Tiberium,
547 2679 580 2710 p.
594 2672 666 2701 151.
708 2670 805 2701 Dixit
822 2679 877 2700 au·
926 2667 1107 2707 Ἐξαίρετον.
1165 2664 1333 2699 Sedulius,
1362 2663 1372 2680 ‘
1400 2663 1444 2693 Et
1474 2662 1624 2702 speciale

184 2726 252 2752 tem
267 2721 276 2738 ‘
292 2719 517 2761 praereserat,’
544 2724 581 2751 ut
597 2719 698 2751 Ovid.
716 2729 767 2751 vx.
803 2719 876 2750 Me·
929 2719 1064 2752 bonum,
1079 2725 1156 2747 cum
1172 2714 1216 2745 sit
1237 2713 1406 2754 generale,
1428 2711 1626 2744 revolvam!

187 2770 282 2801 tam!
294 2768 585 2810 praecontrectat:
607 2768 665 2799 lib.
682 2777 758 2800 xiv.
772 2768 781 2785 ‘
793 2777 880 2809 prae-
927 2772 936 2786 ⁴
948 2766 1104 2808 Speciale
1120 2763 1268 2802 benum:
1284 2762 1395 2795 Julius
1412 2761 1624 2802 Capitolinus

185 2817 306 2858 vitiat‚'
321 2824 357 2851 et
381 2823 391 2837 ‘
405 2818 688 2860 praecorrumpitss
720 2818 776 2850 Ita
796 2818 877 2850 Fes-
929 2818 962 2849 in
980 2817 1048 2848 vita
1064 2813 1228 2847 Antonini
1245 2823 1279 2853 p.
1294 2814 1368 2843 302.

185 2874 239 2902 tus
254 2871 263 2886 ⁴
276 2869 509 2908 Praesiderat,’
524 2867 739 2910 προχειμάζει.
973 2870 1013 2899 95
1037 2866 1196 2897 Ανιὶοαίοε
1208 2873 1270 2894 non
1291 2865 1393 2902 aequat
1415 2861 1504 2902 ebur]
1535 2861 1623 2893 Vide

227 2922 266 2951 71
296 2920 464 2960 Utramque
483 2929 599 2951 comam
612 2929 668 2950 sua
690 2919 808 2951 detinet
823 2929 876 2950 au·
932 2917 1181 2950 Anacreontem
1198 2914 1231 2945 in
1248 2913 1382 2955 pictura
1397 2911 1568 2953 Bathylli3
1587 2917 1623 2944 et

184 2968 244 3009 ria]
268 2968 357 3000 Talis
374 2978 468 3000 coma
492 2968 673 3009 ἀμφιλαφὴς
689 2967 833 3008 Graecis,
850 2967 877 2999 si
932 2966 1031 3007 infra,
1043 2968 1116 2998 177.
