1889 3194
521 373 585 403 DE
618 372 774 402 BELLO
807 371 1032 402 TROJANO
1067 371 1159 401 LlB.
1195 373 1257 402 Vl.

1530 361 1613 404 561

172 476 293 528 Quin
313 477 492 518 PrIamo
514 477 620 519 licet
640 478 685 519 in
707 478 880 519 senium
900 477 1119 532 dejectior
1139 481 1262 528 aetas,

170 544 466 598 Algentesque
486 549 641 597 negent
659 545 830 586 onerari
850 544 1022 585 casside
1043 543 1160 594 cani,

1532 543 1617 585 690

170 610 225 651 In
247 623 350 651 sene
369 625 451 652 non
474 617 639 653 marcet
660 613 886 666 princeps,
905 613 950 652 in
972 612 1168 664 principe
1188 616 1341 652 vernat

171 676 320 727 Miles,
340 683 386 719 et
405 678 605 719 imbelles
626 678 792 720 audent
812 679 1046 719 certamina
1066 691 1203 730 rugae.

227 744 292 785 At
312 744 441 786 ducis
461 745 682 787 offendunt
703 758 852 795 ausuS,
874 748 1117 798 coguntque
1138 745 1301 794 timere,

172 811 407 853 Mobilitas
430 817 641 866 suspecta
661 813 897 867 Phrygum,
917 812 1083 853 bellum
1105 815 1257 853 auctor
1277 809 1493 864 agendum

171 878 201 920 J
205 882 380 919 usserat
400 880 615 929 Antenor,
632 891 746 920 nunc
769 878 929 920 suadet
949 878 1144 920 foedera:
1173 878 1359 932 Sparten

1538 876 1623 919 695

175 945 340 986 AEneas
360 945 627 999 populatum
649 946 770 995 ierat,
787 958 905 986 nunc
925 945 1108 987 reddere
1129 945 1323 999 praedam

173 1011 353 1061 Censet,
374 1016 418 1054 et
436 1013 644 1055 hostilem
664 1013 818 1066 cupiat
839 1013 1054 1053 meruisse
1073 1012 1283 1055 favorem.

231 1078 348 1131 Ergo
368 1078 486 1120 dolis
508 1092 683 1121 cessare
704 1079 847 1128 dolos,
869 1082 913 1120 et
933 1079 1084 1120 tollere
1109 1078 1310 1120 fraudem

175 1144 350 1186 Fraude
371 1151 514 1198 parat,
535 1148 782 1200 formatque
804 1149 919 1186 artes
939 1144 1023 1185 hoc
1043 1145 1192 1186 ordine
1211 1146 1365 1187 ductor
1382 1159 1392 1185 ε

176 1211 362 1265 Fingere
384 1225 511 1254 sacra
532 1216 682 1262 vovet,
702 1211 920 1265 festaeque
940 1211 1001 1252 adv
1018 1210 1185 1253 foedera
1206 1224 1369 1253 mensae

1542 1211 1627 1252 700

176 1279 372 1321 Invitare
391 1279 543 1329 duces,
565 1278 760 1333 dumque
779 1291 870 1319 una
890 1278 1053 1332 pocula
1073 1282 1277 1330 tractant,

176 1345 320 1386 Irruat
338 1344 699 1399 Amphimachus,
718 1344 900 1385 armatis
922 1357 1023 1386 acer
1042 1345 1229 1386 inermes

178 1411 383 1467 Occupet
403 1412 604 1454 insidiis:
634 1413 700 1453 sic
721 1412 807 1453 tuti
822 1411 960 1453 libera
981 1411 1141 1453 Martis

178 1478 337 1532 Copia,
358 1483 402 1521 et
420 1480 606 1524 haerebit
624 1478 760 1520 nullis
781 1478 969 1519 victoria
989 1480 1153 1520 causis.

235 1546 411 1588 Interea
431 1546 661 1600 questique
683 1545 775 1594 diu,
796 1545 1046 1598 bellumque
1065 1547 1229 1598 perosi,

850 1611 1036 1653 Juratur
1055 1613 1098 1653 in
1120 1626 1251 1654 usum

178 1611 231 1653 In
250 1612 394 1654 foedus
415 1613 560 1654 coiere
580 1613 792 1666 Phryges.

1544 1547 1629 1587 705

178 1679 385 1721 Perfidiae
406 1680 582 1735 perjura
598 1679 723 1730 fides,
744 1679 964 1720 Antenore
985 1679 1127 1720 dirum

178 1746 454 1788 Parturiente
475 1746 628 1789 nefas:
657 1746 789 1801 hujus
814 1746 1016 1788 consulta
1037 1748 1181 1789 secuti

179 1812 427 1868 Ucalegon,
447 1819 578 1869 atque
598 1813 934 1869 AmphidamaS‚
954 1827 1034 1855 nec
1050 1814 1211 1868 justior
1231 1816 1332 1869 ipso

790 1920 908 1933 eeeeee

911 1921 1027 1933 eeeeee

221 1989 285 2019 691
308 1987 475 2019 Nobilibus
491 1988 645 2020 Dresem.
681 1986 773 2019 vide
790 1991 862 2019 not.
907 1986 1073 2018 Mobilitas
1090 1986 1142 2018 ed.
1161 1987 1263 2018 Basil.
1281 1987 1453 2028 Spondan.
1470 1992 1505 2020 et
1519 1989 1608 2020 Mor.

836 2083 981 2116 NOTAE

182 2149 251 2180 tior
274 2146 384 2178 aetasss
429 2146 614 2178 ‘Animus'
642 2157 764 2189 nempe
791 2148 880 2189 ‘gla-

183 2196 372 2235 diatorius,’
386 2200 424 2227 ut
434 2196 614 2228 Terentius
627 2198 687 2237 ait,
702 2197 835 2237 aderat,
845 2201 881 2228 et

183 2248 194 2265 ‘
212 2245 350 2286 spiritus
379 2254 522 2285 corpore
557 2246 726 2286 majores,’
763 2252 802 2278 ut
830 2247 881 2278 ait

183 2295 364 2334 Horatius,
376 2294 434 2325 sed
453 2294 555 2326 robur
570 2294 702 2326 deerat.

226 2347 290 2377 689
312 2343 475 2383 Dejectior
496 2345 588 2385 aetas]
606 2344 694 2375 Vide
717 2353 774 2376 111.
804 2346 880 2376 167.

183 2397 194 2413 ‘
210 2394 406 2435 provectior
422 2392 530 2433 aetas,’
554 2398 564 2412 ‘
581 2394 754 2435 progressi
783 2393 881 2433 dies,'

184 2450 194 2463 ¹
211 2443 383 2476 declinata
399 2442 508 2475 aetasss
554 2443 689 2479 Fabius
706 2443 716 2461 ‘
731 2443 884 2484 propior-

187 2503 254 2534 que
286 2492 491 2526 abeuntibus
525 2493 646 2524 annis)
681 2493 806 2534 Papin.
835 2501 886 2524 ιν.

184 2543 293 2576 Theb.
315 2552 340 2574 1.
364 2542 500 2574 ‘medio
522 2542 565 2574 de
590 2542 705 2574 limine
738 2543 816 2575 vitae
843 2543 886 2574 In

184 2593 312 2625 senium
338 2592 507 2633 vergens.'

242 2646 307 2676 694
336 2643 501 2675 Mobilitas
528 2647 670 2684 suspecta
705 2643 886 2685 Phrygum]

185 2693 347 2725 Nobilitas
372 2692 576 2734 legendum:
601 2693 691 2735 quod
708 2693 887 2735 sequentia

182 2743 384 2785 loquuntur.

229 2796 294 2826 698
310 2794 400 2833 Ergo
408 2793 487 2825 dolis
498 2802 617 2826 cessare
628 2795 725 2833 dolos,
737 2797 767 2825 et
781 2793 887 2824 tollere

181 2843 332 2881 fraudem
352 2844 480 2876 Fraude
503 2845 614 2885 parat]
644 2844 653 2862 ‘
666 2843 887 2877 Circumretit

190 2893 281 2926 enim
304 2893 396 2925 fraus
426 2898 528 2936 atque
555 2895 678 2935 injuria
705 2903 889 2936 quemque,

277 2946 392 2987 Delph.
408 2950 438 2979 et
455 2947 530 2979 Var.
549 2948 634 2979 Clas.

806 2947 895 2979 Dict.
914 2947 1000 2979 Cret.
1016 2949 1068 2985 &a

934 2147 1050 2188 Atque
1066 2145 1156 2178 unde
1172 2150 1290 2177 exorta
1306 2152 1369 2185 est,
1392 2146 1435 2177 ad
1458 2155 1534 2177 eum
1562 2147 1633 2186 ple-

934 2205 1077 2237 rumque
1104 2195 1270 2226 revertit!
1315 2195 1449 2226 Lucret.
1472 2205 1507 2226 v.
1531 2196 1633 2226 Unde

935 2251 972 2277 et
1007 2246 1091 2277 ista:
1146 2246 1155 2263 ‘
1168 2245 1275 2276 Fraus
1308 2253 1399 2275 amat
1437 2245 1637 2284 auctorem:

935 2300 944 2313 ‘
955 2296 1061 2327 Fraus
1075 2298 1176 2326 nocet
1191 2294 1344 2326 auctoris
1367 2294 1454 2326 Vide
1467 2295 1636 2329 Rittersh.

936 2344 979 2376 ad
994 2345 1090 2385 Opp.
1109 2354 1144 2385 p.
1160 2347 1236 2376 274.

978 2397 1042 2426 700
1054 2394 1190 2434 Fingere
1200 2404 1289 2425 sacra
1298 2394 1403 2435 vovet]
1422 2392 1493 2425 Aut
1506 2394 1635 2435 Hypal-

937 2448 1025 2488 lage,
1038 2446 1138 2487 fingit
1152 2455 1189 2478 se
1203 2455 1326 2477 vovere
1343 2455 1463 2477 sacra:
1492 2451 1550 2478 aut
1573 2456 1638 2478 mo-

937 2501 1003 2536 net,
1018 2496 1073 2527 vel
1093 2495 1183 2534 jubet
1198 2494 1392 2535 legendum.

981 2548 1044 2577 703
1064 2545 1198 2585 Occupet
1208 2542 1348 2583 insidiis]
1362 2543 1511 2575 Verbum
1527 2544 1637 2584 signa.

940 2599 1012 2627 tum
1028 2599 1065 2626 et
1079 2593 1304 2632 ἆναμίλλητον.
1336 2593 1443 2634 Prop.
1468 2602 1518 2626 iv.
1541 2598 1549 2612 ⁸
1562 2595 1638 2627 Nec

940 2654 1046 2684 mora,
1062 2645 1198 2675 vocales
1214 2647 1358 2684 occupat
1373 2652 1454 2674 ense
1469 2644 1596 2678 canes.'

982 2698 1046 2726 706
1059 2695 1196 2726 Juratur
1207 2694 1242 2724 in
1252 2703 1340 2725 usum
1350 2693 1501 2735 Perfidioe
1513 2695 1640 2735 perjura

930 2744 1032 2788 fides]
1047 2744 1151 2776 Ovid.
1168 2753 1252 2776 xnl.
1273 2741 1535 2784 ματαιοτεχνῖαςε
1568 2745 1577 2763 ‘
1589 2745 1640 2777 Ut

939 2796 983 2827 sit
1010 2795 1045 2826 in
1069 2794 1175 2826 infida
1198 2793 1393 2834 proditione
1423 2793 1507 2825 fides
1523 2794 1543 2824 ι’
1564 2803 1641 2836 quae

943 2845 1130 2877 Andocidae
1145 2848 1197 2876 est
1209 2843 1311 2876 πίστις
1328 2842 1525 2882 ἆπιστοτάτη
1541 2844 1640 2878 Orat.

942 2903 967 2926 ι.
983 2897 1013 2926 9.

1476 2947 1552 2979 2N
