<?xml version="1.0" encoding="UTF-8"?>
<!DOCTYPE html PUBLIC "-//W3C//DTD XHTML 1.0 Transitional//EN"
    "http://www.w3.org/TR/xhtml1/DTD/xhtml1-transitional.dtd">
<html xmlns="http://www.w3.org/1999/xhtml" xml:lang="en" lang="en">
 <head>
  <title>
</title>
<meta http-equiv="Content-Type" content="text/html;charset=utf-8" />
  <meta name='ocr-system' content='tesseract 3.04.00' />
  <meta name='ocr-capabilities' content='ocr_page ocr_carea ocr_par ocr_line ocrx_word'/>
</head>
<body>
  <div class='ocr_page' id='page_1' title='image "./dictyscretensise02dictuoft_0096.png"; bbox 0 0 1889 3194; ppageno 0'>
   <div class='ocr_carea' id='block_1_1' title="bbox 237 320 321 360">
    <p class='ocr_par' dir='ltr' id='par_1_1' title="bbox 237 320 321 360">
     <span class='ocr_line' id='line_1_1' title="bbox 237 320 321 360; baseline -0.012 0"><span class='ocrx_word' id='word_1_1' title='bbox 237 320 321 360; x_wconf 72' lang='lat'><strong>440</strong></span> 
     </span>
    </p>
   </div>
   <div class='ocr_carea' id='block_1_2' title="bbox 241 423 1368 478">
    <p class='ocr_par' dir='ltr' id='par_1_2' title="bbox 241 423 1368 478">
     <span class='ocr_line' id='line_1_2' title="bbox 241 423 1368 478; baseline 0.001 -13"><span class='ocrx_word' id='word_1_2' title='bbox 241 423 412 465; x_wconf 82' lang='lat' dir='ltr'>Fronde</span> <span class='ocrx_word' id='word_1_3' title='bbox 434 436 586 466; x_wconf 86' lang='lat' dir='ltr'><strong>comas</strong></span> <span class='ocrx_word' id='word_1_4' title='bbox 605 437 750 474; x_wconf 81' lang='lat' dir='ltr'><strong>nexae,</strong></span> <span class='ocrx_word' id='word_1_5' title='bbox 773 428 1016 477; x_wconf 88' lang='lat' dir='ltr'><strong>sanctoque</strong></span> <span class='ocrx_word' id='word_1_6' title='bbox 1036 427 1181 465; x_wconf 85' lang='lat' dir='ltr'><strong>astare</strong></span> <span class='ocrx_word' id='word_1_7' title='bbox 1202 425 1368 478; x_wconf 85' lang='lat' dir='ltr'><strong>parenti</strong></span> 
     </span>
    </p>
   </div>
   <div class='ocr_carea' id='block_1_3' title="bbox 755 328 1155 360">
    <p class='ocr_par' dir='ltr' id='par_1_3' title="bbox 755 328 1155 360">
     <span class='ocr_line' id='line_1_3' title="bbox 755 328 1155 360; baseline 0 -1"><span class='ocrx_word' id='word_1_8' title='bbox 755 329 954 360; x_wconf 80' lang='lat' dir='ltr'>JOSEPHI</span> <span class='ocrx_word' id='word_1_9' title='bbox 989 328 1155 360; x_wconf 75' lang='lat' dir='ltr'><strong>lscANt</strong></span> 
     </span>
    </p>
   </div>
   <div class='ocr_carea' id='block_1_4' title="bbox 1621 427 1677 468">
    <p class='ocr_par' dir='ltr' id='par_1_4' title="bbox 1621 427 1677 468">
     <span class='ocr_line' id='line_1_4' title="bbox 1621 427 1677 468; baseline -0.018 0"><span class='ocrx_word' id='word_1_10' title='bbox 1621 427 1677 468; x_wconf 82' lang='lat'><strong>20</strong></span> 
     </span>
    </p>
   </div>
   <div class='ocr_carea' id='block_1_5' title="bbox 240 490 1520 747">
    <p class='ocr_par' dir='ltr' id='par_1_5' title="bbox 240 490 1415 676">
     <span class='ocr_line' id='line_1_5' title="bbox 240 490 1179 545; baseline -0.001 -14"><span class='ocrx_word' id='word_1_11' title='bbox 240 491 406 532; x_wconf 85' lang='lat' dir='ltr'>Iliades</span> <span class='ocrx_word' id='word_1_12' title='bbox 420 491 578 545; x_wconf 85' lang='lat' dir='ltr'><strong>jussae,</strong></span> <span class='ocrx_word' id='word_1_13' title='bbox 600 491 852 545; x_wconf 83' lang='lat' dir='ltr'><strong>spumantia</strong></span> <span class='ocrx_word' id='word_1_14' title='bbox 873 491 988 532; x_wconf 83' lang='lat' dir='ltr'><strong>lacte</strong></span> <span class='ocrx_word' id='word_1_15' title='bbox 1011 490 1179 531; x_wconf 89' lang='lat' dir='ltr'><strong>serenis</strong></span> 
     </span>
     <span class='ocr_line' id='line_1_6' title="bbox 241 556 1415 610; baseline 0.002 -12"><span class='ocrx_word' id='word_1_16' title='bbox 241 557 428 610; x_wconf 86' lang='lat' dir='ltr'><strong>Cymbia</strong></span> <span class='ocrx_word' id='word_1_17' title='bbox 447 557 684 599; x_wconf 84' lang='lat' dir='ltr'><strong>devolvunt</strong></span> <span class='ocrx_word' id='word_1_18' title='bbox 702 557 912 599; x_wconf 89' lang='lat' dir='ltr'><strong>flammis:</strong></span> <span class='ocrx_word' id='word_1_19' title='bbox 943 569 1024 597; x_wconf 83' lang='lat' dir='ltr'><strong>rex</strong></span> <span class='ocrx_word' id='word_1_20' title='bbox 1044 556 1143 609; x_wconf 88' lang='lat' dir='ltr'><strong>ipse</strong></span> <span class='ocrx_word' id='word_1_21' title='bbox 1162 556 1415 600; x_wconf 85' lang='lat' dir='ltr'><strong>ministrans</strong></span> 
     </span>
     <span class='ocr_line' id='line_1_7' title="bbox 241 623 1237 676; baseline -0.001 -12"><span class='ocrx_word' id='word_1_22' title='bbox 241 624 431 665; x_wconf 85' lang='lat' dir='ltr'><strong>Idaliam</strong></span> <span class='ocrx_word' id='word_1_23' title='bbox 451 623 615 666; x_wconf 85' lang='lat' dir='ltr'><strong>delibat</strong></span> <span class='ocrx_word' id='word_1_24' title='bbox 636 637 778 673; x_wconf 89' lang='lat' dir='ltr'><strong>avem,</strong></span> <span class='ocrx_word' id='word_1_25' title='bbox 802 624 866 664; x_wconf 91' lang='lat' dir='ltr'><strong>sic</strong></span> <span class='ocrx_word' id='word_1_26' title='bbox 884 626 984 664; x_wconf 81' lang='lat' dir='ltr'><strong>ante</strong></span> <span class='ocrx_word' id='word_1_27' title='bbox 1005 626 1237 676; x_wconf 83' lang='lat' dir='ltr'><strong>precatus:</strong></span> 
     </span>
    </p>

    <p class='ocr_par' dir='ltr' id='par_1_6' title="bbox 299 689 1520 747">
     <span class='ocr_line' id='line_1_8' title="bbox 299 689 1520 747; baseline 0.002 -15"><span class='ocrx_word' id='word_1_28' title='bbox 299 691 418 732; x_wconf 88' lang='lat' dir='ltr'><strong>Diva</strong></span> <span class='ocrx_word' id='word_1_29' title='bbox 436 695 596 744; x_wconf 86' lang='lat' dir='ltr'><strong>potens</strong></span> <span class='ocrx_word' id='word_1_30' title='bbox 615 691 850 739; x_wconf 87' lang='lat' dir='ltr'><strong>hominum,</strong></span> <span class='ocrx_word' id='word_1_31' title='bbox 874 689 1025 730; x_wconf 89' lang='lat' dir='ltr'><strong>divum</strong></span> <span class='ocrx_word' id='word_1_32' title='bbox 1046 689 1282 743; x_wconf 86' lang='lat' dir='ltr'><strong>imperiosa</strong></span> <span class='ocrx_word' id='word_1_33' title='bbox 1302 692 1520 747; x_wconf 82' lang='lat' dir='ltr'><strong>voluptaS,</strong></span> 
     </span>
    </p>
   </div>
   <div class='ocr_carea' id='block_1_6' title="bbox 175 755 1325 807">
    <p class='ocr_par' dir='ltr' id='par_1_7' title="bbox 175 755 1325 807">
     <span class='ocr_line' id='line_1_9' title="bbox 175 755 1325 807; baseline 0 -9"><span class='ocrx_word' id='word_1_34' title='bbox 175 786 179 789; x_wconf 62' lang='grc'><em>»</em></span> <span class='ocrx_word' id='word_1_35' title='bbox 241 756 361 798; x_wconf 86' lang='lat' dir='ltr'><strong>Vera</strong></span> <span class='ocrx_word' id='word_1_36' title='bbox 382 758 525 798; x_wconf 90' lang='lat' dir='ltr'><strong>Deum</strong></span> <span class='ocrx_word' id='word_1_37' title='bbox 546 758 744 807; x_wconf 84' lang='lat' dir='ltr'><strong>soboles,</strong></span> <span class='ocrx_word' id='word_1_38' title='bbox 764 757 899 797; x_wconf 87' lang='lat' dir='ltr'>nostri</span> <span class='ocrx_word' id='word_1_39' title='bbox 919 755 1113 797; x_wconf 85' lang='lat' dir='ltr'><strong>Tritonis</strong></span> <span class='ocrx_word' id='word_1_40' title='bbox 1134 757 1325 807; x_wconf 88' lang='lat' dir='ltr'><strong>alumna,</strong></span> 
     </span>
    </p>
   </div>
   <div class='ocr_carea' id='block_1_7' title="bbox 1625 759 1682 800">
    <p class='ocr_par' dir='ltr' id='par_1_8' title="bbox 1625 759 1682 800">
     <span class='ocr_line' id='line_1_10' title="bbox 1625 759 1682 800; baseline 0 0"><span class='ocrx_word' id='word_1_41' title='bbox 1625 759 1682 800; x_wconf 80' lang='lat'><strong>25</strong></span> 
     </span>
    </p>
   </div>
   <div class='ocr_carea' id='block_1_8' title="bbox 241 822 1375 1075">
    <p class='ocr_par' dir='ltr' id='par_1_9' title="bbox 241 822 1375 1075">
     <span class='ocr_line' id='line_1_11' title="bbox 241 822 1317 876; baseline 0.001 -12"><span class='ocrx_word' id='word_1_42' title='bbox 241 823 374 864; x_wconf 90' lang='lat' dir='ltr'><strong>Alma</strong></span> <span class='ocrx_word' id='word_1_43' title='bbox 395 823 561 874; x_wconf 88' lang='lat' dir='ltr'><strong>Venus,</strong></span> <span class='ocrx_word' id='word_1_44' title='bbox 586 837 659 865; x_wconf 89' lang='lat' dir='ltr'><strong>seu</strong></span> <span class='ocrx_word' id='word_1_45' title='bbox 678 827 720 864; x_wconf 90' lang='lat' dir='ltr'><strong>te</strong></span> <span class='ocrx_word' id='word_1_46' title='bbox 742 823 976 864; x_wconf 85' lang='lat' dir='ltr'><strong>convivam</strong></span> <span class='ocrx_word' id='word_1_47' title='bbox 992 822 1190 876; x_wconf 86' lang='lat' dir='ltr'><strong>Tethyos</strong></span> <span class='ocrx_word' id='word_1_48' title='bbox 1206 836 1317 865; x_wconf 85' lang='lat' dir='ltr'><strong>urna</strong></span> 
     </span>
     <span class='ocr_line' id='line_1_12' title="bbox 241 889 1375 944; baseline 0.001 -13"><span class='ocrx_word' id='word_1_49' title='bbox 241 890 415 940; x_wconf 86' lang='lat' dir='ltr'><strong>Poscit,</strong></span> <span class='ocrx_word' id='word_1_50' title='bbox 437 903 514 931; x_wconf 87' lang='lat' dir='ltr'><strong>seu</strong></span> <span class='ocrx_word' id='word_1_51' title='bbox 534 894 682 931; x_wconf 82' lang='lat' dir='ltr'><strong>nectar</strong></span> <span class='ocrx_word' id='word_1_52' title='bbox 702 903 922 944; x_wconf 86' lang='lat' dir='ltr'><strong>superum,</strong></span> <span class='ocrx_word' id='word_1_53' title='bbox 945 902 1026 930; x_wconf 88' lang='lat' dir='ltr'><strong>seu</strong></span> <span class='ocrx_word' id='word_1_54' title='bbox 1048 889 1160 930; x_wconf 87' lang='lat' dir='ltr'><strong>forte</strong></span> <span class='ocrx_word' id='word_1_55' title='bbox 1179 902 1375 943; x_wconf 84' lang='lat' dir='ltr'><strong>papaver</strong></span> 
     </span>
     <span class='ocr_line' id='line_1_13' title="bbox 243 955 1335 1009; baseline 0.001 -13"><span class='ocrx_word' id='word_1_56' title='bbox 243 957 458 1009; x_wconf 87' lang='lat' dir='ltr'><strong>Elysium,</strong></span> <span class='ocrx_word' id='word_1_57' title='bbox 478 956 606 998; x_wconf 84' lang='lat' dir='ltr'><strong>flecte</strong></span> <span class='ocrx_word' id='word_1_58' title='bbox 627 957 722 998; x_wconf 86' lang='lat' dir='ltr'><strong>haec</strong></span> <span class='ocrx_word' id='word_1_59' title='bbox 743 960 913 997; x_wconf 83' lang='lat' dir='ltr'><strong>teneros</strong></span> <span class='ocrx_word' id='word_1_60' title='bbox 934 955 991 995; x_wconf 85' lang='lat' dir='ltr'><strong>ad</strong></span> <span class='ocrx_word' id='word_1_61' title='bbox 1013 955 1129 996; x_wconf 91' lang='lat' dir='ltr'><strong>dona</strong></span> <span class='ocrx_word' id='word_1_62' title='bbox 1143 955 1335 1009; x_wconf 89' lang='lat' dir='ltr'><strong>jugales,</strong></span> 
     </span>
     <span class='ocr_line' id='line_1_14' title="bbox 245 1022 1368 1075; baseline 0 -12"><span class='ocrx_word' id='word_1_63' title='bbox 245 1023 348 1063; x_wconf 88' lang='lat' dir='ltr'><strong>Hos</strong></span> <span class='ocrx_word' id='word_1_64' title='bbox 370 1022 548 1075; x_wconf 85' lang='lat' dir='ltr'><strong>dignare</strong></span> <span class='ocrx_word' id='word_1_65' title='bbox 567 1023 719 1063; x_wconf 86' lang='lat' dir='ltr'><strong>favos:</strong></span> <span class='ocrx_word' id='word_1_66' title='bbox 750 1036 827 1063; x_wconf 87' lang='lat' dir='ltr'><strong>nec</strong></span> <span class='ocrx_word' id='word_1_67' title='bbox 848 1022 963 1063; x_wconf 90' lang='lat' dir='ltr'><strong>enim</strong></span> <span class='ocrx_word' id='word_1_68' title='bbox 984 1026 1203 1063; x_wconf 83' lang='lat' dir='ltr'>mactante</span> <span class='ocrx_word' id='word_1_69' title='bbox 1225 1024 1368 1064; x_wconf 86' lang='lat' dir='ltr'><strong>securi</strong></span> 
     </span>
    </p>
   </div>
   <div class='ocr_carea' id='block_1_9' title="bbox 245 1088 1354 1143">
    <p class='ocr_par' dir='ltr' id='par_1_10' title="bbox 245 1088 1354 1143">
     <span class='ocr_line' id='line_1_15' title="bbox 245 1088 1354 1143; baseline -0.001 -13"><span class='ocrx_word' id='word_1_70' title='bbox 245 1088 384 1130; x_wconf 86' lang='lat' dir='ltr'><strong>Grata</strong></span> <span class='ocrx_word' id='word_1_71' title='bbox 404 1089 548 1130; x_wconf 89' lang='lat' dir='ltr'><strong>minus</strong></span> <span class='ocrx_word' id='word_1_72' title='bbox 568 1089 645 1143; x_wconf 79' lang='lat' dir='ltr'><strong>pia</strong></span> <span class='ocrx_word' id='word_1_73' title='bbox 666 1102 794 1130; x_wconf 87' lang='lat' dir='ltr'><strong>sacra</strong></span> <span class='ocrx_word' id='word_1_74' title='bbox 815 1089 922 1130; x_wconf 85' lang='lat' dir='ltr'><strong>tibi:</strong></span> <span class='ocrx_word' id='word_1_75' title='bbox 953 1089 992 1129; x_wconf 90' lang='lat' dir='ltr'><strong>si</strong></span> <span class='ocrx_word' id='word_1_76' title='bbox 1013 1088 1145 1141; x_wconf 84' lang='lat' dir='ltr'><strong>digna</strong></span> <span class='ocrx_word' id='word_1_77' title='bbox 1159 1089 1354 1139; x_wconf 87' lang='lat' dir='ltr'><strong>litamus,</strong></span> 
     </span>
    </p>
   </div>
   <div class='ocr_carea' id='block_1_10' title="bbox 1629 1090 1686 1132">
    <p class='ocr_par' dir='ltr' id='par_1_11' title="bbox 1629 1090 1686 1132">
     <span class='ocr_line' id='line_1_16' title="bbox 1629 1090 1686 1132; baseline 0.035 -2"><span class='ocrx_word' id='word_1_78' title='bbox 1629 1090 1686 1132; x_wconf 86' lang='lat'><strong>30</strong></span> 
     </span>
    </p>
   </div>
   <div class='ocr_carea' id='block_1_11' title="bbox 245 1156 1336 1342">
    <p class='ocr_par' dir='ltr' id='par_1_12' title="bbox 245 1156 1336 1342">
     <span class='ocr_line' id='line_1_17' title="bbox 245 1156 1336 1209; baseline 0.001 -13"><span class='ocrx_word' id='word_1_79' title='bbox 245 1157 446 1197; x_wconf 81' lang='lat' dir='ltr'><strong>Exorata</strong></span> <span class='ocrx_word' id='word_1_80' title='bbox 467 1156 579 1205; x_wconf 90' lang='lat' dir='ltr'><strong>veni,</strong></span> <span class='ocrx_word' id='word_1_81' title='bbox 600 1160 852 1209; x_wconf 88' lang='lat' dir='ltr'><strong>partemque</strong></span> <span class='ocrx_word' id='word_1_82' title='bbox 872 1156 1084 1196; x_wconf 78' lang='lat' dir='ltr'><strong>haustura</strong></span> <span class='ocrx_word' id='word_1_83' title='bbox 1104 1156 1308 1196; x_wconf 85' lang='lat' dir='ltr'>recumbe</span> <span class='ocrx_word' id='word_1_84' title='bbox 1327 1170 1336 1197; x_wconf 90' lang='lat'>:</span> 
     </span>
     <span class='ocr_line' id='line_1_18' title="bbox 246 1221 1281 1273; baseline 0.002 -11"><span class='ocrx_word' id='word_1_85' title='bbox 246 1223 376 1263; x_wconf 87' lang='lat' dir='ltr'><strong>Celsa</strong></span> <span class='ocrx_word' id='word_1_86' title='bbox 391 1223 497 1263; x_wconf 83' lang='lat' dir='ltr'><strong>lieet</strong></span> <span class='ocrx_word' id='word_1_87' title='bbox 512 1223 685 1264; x_wconf 84' lang='lat' dir='ltr'><strong>caleant</strong></span> <span class='ocrx_word' id='word_1_88' title='bbox 707 1227 893 1264; x_wconf 87' lang='lat' dir='ltr'><strong>centeno</strong></span> <span class='ocrx_word' id='word_1_89' title='bbox 917 1221 1039 1263; x_wconf 85' lang='lat' dir='ltr'><strong>thure</strong></span> <span class='ocrx_word' id='word_1_90' title='bbox 1061 1221 1281 1273; x_wconf 82' lang='lat' dir='ltr'><strong>Cithaera3</strong></span> 
     </span>
     <span class='ocr_line' id='line_1_19' title="bbox 247 1288 1331 1342; baseline -0.002 -12"><span class='ocrx_word' id='word_1_91' title='bbox 247 1289 414 1331; x_wconf 86' lang='lat' dir='ltr'><strong>Idalios</strong></span> <span class='ocrx_word' id='word_1_92' title='bbox 434 1289 638 1330; x_wconf 89' lang='lat' dir='ltr'><strong>modulos</strong></span> <span class='ocrx_word' id='word_1_93' title='bbox 660 1293 805 1330; x_wconf 87' lang='lat' dir='ltr'><strong>nectat</strong></span> <span class='ocrx_word' id='word_1_94' title='bbox 823 1301 1004 1339; x_wconf 82' lang='lat' dir='ltr'><strong>nemus3</strong></span> <span class='ocrx_word' id='word_1_95' title='bbox 1036 1289 1171 1330; x_wconf 88' lang='lat' dir='ltr'><strong>ardua</strong></span> <span class='ocrx_word' id='word_1_96' title='bbox 1194 1288 1331 1342; x_wconf 84' lang='lat' dir='ltr'>Cypri</span> 
     </span>
    </p>
   </div>
   <div class='ocr_carea' id='block_1_12' title="bbox 856 1407 972 1419">
    <p class='ocr_par' dir='ltr' id='par_1_13' title="bbox 856 1407 972 1419">
     <span class='ocr_line' id='line_1_20' title="bbox 856 1407 972 1419; baseline 0 0"><span class='ocrx_word' id='word_1_97' title='bbox 856 1407 972 1419; x_wconf 61' lang='lat' dir='ltr'><strong>cccccc</strong></span> 
     </span>
    </p>
   </div>
   <div class='ocr_carea' id='block_1_13' title="bbox 974 1407 1089 1419">
    <p class='ocr_par' dir='ltr' id='par_1_14' title="bbox 974 1407 1089 1419">
     <span class='ocr_line' id='line_1_21' title="bbox 974 1407 1089 1419; baseline 0 0"><span class='ocrx_word' id='word_1_98' title='bbox 974 1407 1089 1419; x_wconf 69' lang='lat' dir='ltr'><strong>eeeeee</strong></span> 
     </span>
    </p>
   </div>
   <div class='ocr_carea' id='block_1_14' title="bbox 288 1482 1687 1524">
    <p class='ocr_par' dir='ltr' id='par_1_15' title="bbox 288 1482 1687 1524">
     <span class='ocr_line' id='line_1_22' title="bbox 288 1482 1687 1524; baseline -0.003 -9"><span class='ocrx_word' id='word_1_99' title='bbox 288 1487 330 1515; x_wconf 84' lang='lat'><strong>20</strong></span> <span class='ocrx_word' id='word_1_100' title='bbox 346 1483 496 1514; x_wconf 76' lang='lat' dir='ltr'><strong>Sam-tous</strong></span> <span class='ocrx_word' id='word_1_101' title='bbox 512 1483 664 1514; x_wconf 79' lang='lat' dir='ltr'><strong>Ms.—33</strong></span> <span class='ocrx_word' id='word_1_102' title='bbox 680 1482 814 1513; x_wconf 78' lang='lat' dir='ltr'><strong>Idalium</strong></span> <span class='ocrx_word' id='word_1_103' title='bbox 832 1483 922 1514; x_wconf 84' lang='lat' dir='ltr'><strong>Mor.</strong></span> <span class='ocrx_word' id='word_1_104' title='bbox 937 1488 971 1514; x_wconf 88' lang='lat' dir='ltr'><strong>et</strong></span> <span class='ocrx_word' id='word_1_105' title='bbox 985 1483 1157 1524; x_wconf 83' lang='lat' dir='ltr'><strong>Spondan.</strong></span> <span class='ocrx_word' id='word_1_106' title='bbox 1173 1485 1272 1514; x_wconf 73' lang='lat' dir='ltr'><strong>vectat</strong></span> <span class='ocrx_word' id='word_1_107' title='bbox 1289 1482 1377 1514; x_wconf 87' lang='lat' dir='ltr'><strong>Mor.</strong></span> <span class='ocrx_word' id='word_1_108' title='bbox 1396 1485 1430 1513; x_wconf 91' lang='lat' dir='ltr'><strong>et</strong></span> <span class='ocrx_word' id='word_1_109' title='bbox 1446 1490 1522 1512; x_wconf 80' lang='lat' dir='ltr'><strong>mox</strong></span> <span class='ocrx_word' id='word_1_110' title='bbox 1535 1483 1687 1512; x_wconf 78' lang='lat' dir='ltr'><strong>crescunt.</strong></span> 
     </span>
    </p>
   </div>
   <div class='ocr_carea' id='block_1_15' title="bbox 900 1577 1040 1608">
    <p class='ocr_par' dir='ltr' id='par_1_16' title="bbox 900 1577 1040 1608">
     <span class='ocr_line' id='line_1_23' title="bbox 900 1577 1040 1608; baseline -0.007 0"><span class='ocrx_word' id='word_1_111' title='bbox 900 1577 1040 1608; x_wconf 83' lang='lat' dir='ltr'>NOTAE</span> 
     </span>
    </p>
   </div>
   <div class='ocr_carea' id='block_1_16' title="bbox 250 1652 955 2885">
    <p class='ocr_par' dir='ltr' id='par_1_17' title="bbox 250 1652 949 2089">
     <span class='ocr_line' id='line_1_24' title="bbox 250 1652 944 1684; baseline -0.003 0"><span class='ocrx_word' id='word_1_112' title='bbox 250 1653 379 1684; x_wconf 85' lang='lat' dir='ltr'><strong>Bacchi</strong></span> <span class='ocrx_word' id='word_1_113' title='bbox 402 1653 559 1684; x_wconf 86' lang='lat' dir='ltr'><strong>comitem</strong></span> <span class='ocrx_word' id='word_1_114' title='bbox 586 1652 652 1682; x_wconf 89' lang='lat' dir='ltr'><strong>vini</strong></span> <span class='ocrx_word' id='word_1_115' title='bbox 679 1662 739 1682; x_wconf 82' lang='lat' dir='ltr'><strong>usu</strong></span> <span class='ocrx_word' id='word_1_116' title='bbox 765 1652 903 1682; x_wconf 87' lang='lat' dir='ltr'><strong>invento</strong></span> <span class='ocrx_word' id='word_1_117' title='bbox 925 1661 944 1682; x_wconf 89' lang='lat' dir='ltr'><strong>a</strong></span> 
     </span>
     <span class='ocr_line' id='line_1_25' title="bbox 251 1701 945 1743; baseline -0.004 -9"><span class='ocrx_word' id='word_1_118' title='bbox 251 1713 298 1741; x_wconf 85' lang='lat' dir='ltr'><strong>se,</strong></span> <span class='ocrx_word' id='word_1_119' title='bbox 311 1702 500 1743; x_wconf 84' lang='lat' dir='ltr'><strong>pastoribus</strong></span> <span class='ocrx_word' id='word_1_120' title='bbox 515 1702 546 1733; x_wconf 91' lang='lat' dir='ltr'><strong>id</strong></span> <span class='ocrx_word' id='word_1_121' title='bbox 565 1702 772 1742; x_wconf 82' lang='lat' dir='ltr'><strong>propinasse,</strong></span> <span class='ocrx_word' id='word_1_122' title='bbox 784 1701 840 1741; x_wconf 86' lang='lat' dir='ltr'><strong>qni</strong></span> <span class='ocrx_word' id='word_1_123' title='bbox 856 1701 945 1732; x_wconf 86' lang='lat' dir='ltr'><strong>ebri-</strong></span> 
     </span>
     <span class='ocr_line' id='line_1_26' title="bbox 251 1751 945 1791; baseline -0.004 -7"><span class='ocrx_word' id='word_1_124' title='bbox 251 1754 310 1790; x_wconf 90' lang='lat' dir='ltr'><strong>oli,</strong></span> <span class='ocrx_word' id='word_1_125' title='bbox 326 1761 454 1783; x_wconf 89' lang='lat' dir='ltr'><strong>veneno</strong></span> <span class='ocrx_word' id='word_1_126' title='bbox 479 1762 515 1784; x_wconf 89' lang='lat' dir='ltr'><strong>se</strong></span> <span class='ocrx_word' id='word_1_127' title='bbox 543 1756 692 1783; x_wconf 81' lang='lat' dir='ltr'><strong>tentatos</strong></span> <span class='ocrx_word' id='word_1_128' title='bbox 709 1751 788 1782; x_wconf 90' lang='lat' dir='ltr'><strong>dum</strong></span> <span class='ocrx_word' id='word_1_129' title='bbox 812 1755 945 1791; x_wconf 87' lang='lat' dir='ltr'><strong>putant,</strong></span> 
     </span>
     <span class='ocr_line' id='line_1_27' title="bbox 250 1800 945 1833; baseline -0.006 0"><span class='ocrx_word' id='word_1_130' title='bbox 250 1802 386 1833; x_wconf 80' lang='lat' dir='ltr'><strong>Icarum</strong></span> <span class='ocrx_word' id='word_1_131' title='bbox 422 1800 642 1832; x_wconf 77' lang='lat' dir='ltr'><strong>interimunt-¹</strong></span> <span class='ocrx_word' id='word_1_132' title='bbox 699 1801 782 1831; x_wconf 89' lang='lat' dir='ltr'><strong>Rem</strong></span> <span class='ocrx_word' id='word_1_133' title='bbox 812 1809 945 1832; x_wconf 86' lang='lat' dir='ltr'><strong>omnem</strong></span> 
     </span>
     <span class='ocr_line' id='line_1_28' title="bbox 252 1849 946 1891; baseline -0.003 -9"><span class='ocrx_word' id='word_1_134' title='bbox 252 1850 480 1891; x_wconf 86' lang='lat' dir='ltr'><strong>Apollodorus</strong></span> <span class='ocrx_word' id='word_1_135' title='bbox 498 1859 554 1881; x_wconf 85' lang='lat' dir='ltr'><strong>nr.</strong></span> <span class='ocrx_word' id='word_1_136' title='bbox 573 1852 643 1881; x_wconf 84' lang='lat'><strong>197.</strong></span> <span class='ocrx_word' id='word_1_137' title='bbox 664 1850 815 1890; x_wconf 83' lang='lat' dir='ltr'><strong>exponit.</strong></span> <span class='ocrx_word' id='word_1_138' title='bbox 860 1849 946 1880; x_wconf 83' lang='lat' dir='ltr'><strong>Haec</strong></span> 
     </span>
     <span class='ocr_line' id='line_1_29' title="bbox 254 1899 947 1940; baseline -0.003 -9"><span class='ocrx_word' id='word_1_139' title='bbox 254 1910 333 1932; x_wconf 89' lang='lat' dir='ltr'><strong>vero</strong></span> <span class='ocrx_word' id='word_1_140' title='bbox 349 1901 442 1931; x_wconf 78' lang='lat' dir='ltr'><strong>olent</strong></span> <span class='ocrx_word' id='word_1_141' title='bbox 464 1900 600 1940; x_wconf 89' lang='lat' dir='ltr'><strong>Papinii</strong></span> <span class='ocrx_word' id='word_1_142' title='bbox 627 1899 861 1934; x_wconf 82' lang='lat' dir='ltr'><strong>imitationem,</strong></span> <span class='ocrx_word' id='word_1_143' title='bbox 889 1899 947 1940; x_wconf 87' lang='lat' dir='ltr'><strong>qui</strong></span> 
     </span>
     <span class='ocr_line' id='line_1_30' title="bbox 253 1949 949 1983; baseline -0.003 -2"><span class='ocrx_word' id='word_1_144' title='bbox 253 1960 303 1982; x_wconf 83' lang='grc' dir='ltr'><strong>ιν.</strong></span> <span class='ocrx_word' id='word_1_145' title='bbox 319 1950 424 1981; x_wconf 89' lang='lat' dir='ltr'>Theb.</span> <span class='ocrx_word' id='word_1_146' title='bbox 441 1951 450 1967; x_wconf 89' lang='lat'>‘</span> <span class='ocrx_word' id='word_1_147' title='bbox 466 1949 613 1981; x_wconf 89' lang='lat' dir='ltr'><strong>Inclinat</strong></span> <span class='ocrx_word' id='word_1_148' title='bbox 627 1949 752 1980; x_wconf 86' lang='lat' dir='ltr'><strong>Bacchi</strong></span> <span class='ocrx_word' id='word_1_149' title='bbox 770 1949 897 1983; x_wconf 82' lang='lat' dir='ltr'><strong>latices,</strong></span> <span class='ocrx_word' id='word_1_150' title='bbox 914 1953 949 1979; x_wconf 89' lang='lat' dir='ltr'><strong>et</strong></span> 
     </span>
     <span class='ocr_line' id='line_1_31' title="bbox 253 1998 947 2037; baseline -0.003 -7"><span class='ocrx_word' id='word_1_151' title='bbox 253 2009 394 2030; x_wconf 84' lang='lat' dir='ltr'><strong>munera</strong></span> <span class='ocrx_word' id='word_1_152' title='bbox 410 2000 503 2030; x_wconf 91' lang='lat' dir='ltr'><strong>verni</strong></span> <span class='ocrx_word' id='word_1_153' title='bbox 530 1999 657 2037; x_wconf 86' lang='lat' dir='ltr'><strong>Laetis,</strong></span> <span class='ocrx_word' id='word_1_154' title='bbox 682 2004 718 2030; x_wconf 90' lang='lat' dir='ltr'><strong>et</strong></span> <span class='ocrx_word' id='word_1_155' title='bbox 735 1998 873 2030; x_wconf 82' lang='lat' dir='ltr'><strong>Actaeos</strong></span> <span class='ocrx_word' id='word_1_156' title='bbox 890 1998 947 2028; x_wconf 89' lang='lat' dir='ltr'><strong>im·</strong></span> 
     </span>
     <span class='ocr_line' id='line_1_32' title="bbox 254 2048 724 2089; baseline -0.004 -9"><span class='ocrx_word' id='word_1_157' title='bbox 254 2049 331 2080; x_wconf 87' lang='lat' dir='ltr'><strong>bres</strong></span> <span class='ocrx_word' id='word_1_158' title='bbox 348 2049 532 2089; x_wconf 87' lang='lat' dir='ltr'><strong>sudumque</strong></span> <span class='ocrx_word' id='word_1_159' title='bbox 550 2048 724 2080; x_wconf 85' lang='lat' dir='ltr'><strong>cruorem.&#39;</strong></span> 
     </span>
    </p>

    <p class='ocr_par' dir='ltr' id='par_1_18' title="bbox 255 2098 952 2531">
     <span class='ocr_line' id='line_1_33' title="bbox 298 2098 948 2138; baseline 0.003 -10"><span class='ocrx_word' id='word_1_160' title='bbox 298 2099 409 2129; x_wconf 78' lang='lat' dir='ltr'><strong>Fracti</strong></span> <span class='ocrx_word' id='word_1_161' title='bbox 436 2099 593 2130; x_wconf 78' lang='lat' dir='ltr'><strong>Phoenicis</strong></span> <span class='ocrx_word' id='word_1_162' title='bbox 618 2098 739 2138; x_wconf 82' lang='lat' dir='ltr'><strong>odores]</strong></span> <span class='ocrx_word' id='word_1_163' title='bbox 773 2098 886 2129; x_wconf 84' lang='lat' dir='ltr'><strong>Thura</strong></span> <span class='ocrx_word' id='word_1_164' title='bbox 912 2103 948 2130; x_wconf 90' lang='lat' dir='ltr'><strong>et</strong></span> 
     </span>
     <span class='ocr_line' id='line_1_34' title="bbox 255 2149 948 2190; baseline 0 -10"><span class='ocrx_word' id='word_1_165' title='bbox 255 2150 422 2187; x_wconf 86' lang='lat' dir='ltr'><strong>cinnama,</strong></span> <span class='ocrx_word' id='word_1_166' title='bbox 449 2155 485 2180; x_wconf 82' lang='lat' dir='ltr'><strong>et</strong></span> <span class='ocrx_word' id='word_1_167' title='bbox 511 2159 586 2189; x_wconf 81' lang='lat' dir='ltr'><strong>quae</strong></span> <span class='ocrx_word' id='word_1_168' title='bbox 610 2150 707 2189; x_wconf 88' lang='lat' dir='ltr'><strong>plura</strong></span> <span class='ocrx_word' id='word_1_169' title='bbox 733 2149 835 2180; x_wconf 86' lang='lat' dir='ltr'><strong>habes</strong></span> <span class='ocrx_word' id='word_1_170' title='bbox 858 2149 948 2190; x_wconf 87' lang='lat' dir='ltr'><strong>apud</strong></span> 
     </span>
     <span class='ocr_line' id='line_1_35' title="bbox 257 2198 949 2231; baseline 0 -1"><span class='ocrx_word' id='word_1_171' title='bbox 257 2200 361 2231; x_wconf 86' lang='lat' dir='ltr'><strong>Ovid.</strong></span> <span class='ocrx_word' id='word_1_172' title='bbox 389 2201 532 2231; x_wconf 84' lang='lat' dir='ltr'><strong>Metam.</strong></span> <span class='ocrx_word' id='word_1_173' title='bbox 564 2208 625 2230; x_wconf 85' lang='lat' dir='ltr'><strong>xv.</strong></span> <span class='ocrx_word' id='word_1_174' title='bbox 655 2198 722 2230; x_wconf 84' lang='lat' dir='ltr'><strong>fab.</strong></span> <span class='ocrx_word' id='word_1_175' title='bbox 751 2203 804 2231; x_wconf 83' lang='lat'><strong>39.</strong></span> <span class='ocrx_word' id='word_1_176' title='bbox 860 2199 949 2230; x_wconf 88' lang='lat' dir='ltr'><strong>Vide</strong></span> 
     </span>
     <span class='ocr_line' id='line_1_36' title="bbox 256 2249 947 2290; baseline -0.004 -8"><span class='ocrx_word' id='word_1_177' title='bbox 256 2250 489 2290; x_wconf 85' lang='lat' dir='ltr'><strong>Claudianum,</strong></span> <span class='ocrx_word' id='word_1_178' title='bbox 501 2253 536 2280; x_wconf 89' lang='lat' dir='ltr'><strong>et</strong></span> <span class='ocrx_word' id='word_1_179' title='bbox 554 2250 765 2280; x_wconf 84' lang='lat' dir='ltr'><strong>Lactantinm</strong></span> <span class='ocrx_word' id='word_1_180' title='bbox 783 2250 816 2280; x_wconf 84' lang='lat' dir='ltr'><strong>in</strong></span> <span class='ocrx_word' id='word_1_181' title='bbox 832 2249 947 2280; x_wconf 71' lang='lat' dir='ltr'><strong>Poem.</strong></span> 
     </span>
     <span class='ocr_line' id='line_1_37' title="bbox 256 2299 948 2334; baseline -0.004 -2"><span class='ocrx_word' id='word_1_182' title='bbox 256 2301 297 2332; x_wconf 91' lang='lat' dir='ltr'><strong>de</strong></span> <span class='ocrx_word' id='word_1_183' title='bbox 316 2300 487 2331; x_wconf 81' lang='lat' dir='ltr'><strong>Phoenice.</strong></span> <span class='ocrx_word' id='word_1_184' title='bbox 516 2300 525 2317; x_wconf 93' lang='lat'>‘</span> <span class='ocrx_word' id='word_1_185' title='bbox 541 2300 653 2330; x_wconf 84' lang='lat' dir='ltr'><strong>Fracti</strong></span> <span class='ocrx_word' id='word_1_186' title='bbox 671 2299 860 2330; x_wconf 77' lang='lat' dir='ltr'><strong>Plioenicis&#39;</strong></span> <span class='ocrx_word' id='word_1_187' title='bbox 885 2304 948 2334; x_wconf 85' lang='lat' dir='ltr'><strong>est,</strong></span> 
     </span>
     <span class='ocr_line' id='line_1_38' title="bbox 257 2349 950 2382; baseline -0.003 0"><span class='ocrx_word' id='word_1_188' title='bbox 257 2352 351 2382; x_wconf 71' lang='lat' dir='ltr'><strong>aenio</strong></span> <span class='ocrx_word' id='word_1_189' title='bbox 368 2350 528 2382; x_wconf 88' lang='lat' dir='ltr'><strong>confecti.</strong></span> <span class='ocrx_word' id='word_1_190' title='bbox 558 2350 696 2381; x_wconf 88' lang='lat' dir='ltr'><strong>Lucret.</strong></span> <span class='ocrx_word' id='word_1_191' title='bbox 714 2358 752 2381; x_wconf 85' lang='lat'><strong>11.</strong></span> <span class='ocrx_word' id='word_1_192' title='bbox 768 2350 776 2366; x_wconf 94' lang='lat'>‘</span> <span class='ocrx_word' id='word_1_193' title='bbox 788 2349 875 2380; x_wconf 86' lang='lat' dir='ltr'><strong>Inde</strong></span> <span class='ocrx_word' id='word_1_194' title='bbox 891 2350 950 2380; x_wconf 88' lang='lat' dir='ltr'><strong>mi-</strong></span> 
     </span>
     <span class='ocr_line' id='line_1_39' title="bbox 258 2399 951 2433; baseline -0.004 -1"><span class='ocrx_word' id='word_1_195' title='bbox 258 2401 402 2433; x_wconf 85' lang='lat' dir='ltr'><strong>nutatim</strong></span> <span class='ocrx_word' id='word_1_196' title='bbox 417 2401 503 2431; x_wconf 85' lang='lat' dir='ltr'><strong>vires</strong></span> <span class='ocrx_word' id='word_1_197' title='bbox 517 2404 552 2431; x_wconf 93' lang='lat' dir='ltr'><strong>et</strong></span> <span class='ocrx_word' id='word_1_198' title='bbox 565 2400 667 2430; x_wconf 89' lang='lat' dir='ltr'><strong>robur</strong></span> <span class='ocrx_word' id='word_1_199' title='bbox 684 2399 834 2430; x_wconf 84' lang='lat' dir='ltr'><strong>adultum</strong></span> <span class='ocrx_word' id='word_1_200' title='bbox 848 2399 951 2430; x_wconf 87' lang='lat' dir='ltr'><strong>Fran-</strong></span> 
     </span>
     <span class='ocr_line' id='line_1_40' title="bbox 259 2448 952 2491; baseline -0.006 -9"><span class='ocrx_word' id='word_1_201' title='bbox 259 2451 320 2491; x_wconf 86' lang='lat' dir='ltr'><strong>git,</strong></span> <span class='ocrx_word' id='word_1_202' title='bbox 352 2456 387 2481; x_wconf 89' lang='lat' dir='ltr'><strong>et</strong></span> <span class='ocrx_word' id='word_1_203' title='bbox 415 2450 448 2481; x_wconf 92' lang='lat' dir='ltr'><strong>in</strong></span> <span class='ocrx_word' id='word_1_204' title='bbox 474 2453 604 2490; x_wconf 88' lang='lat' dir='ltr'><strong>partem</strong></span> <span class='ocrx_word' id='word_1_205' title='bbox 633 2449 783 2490; x_wconf 87' lang='lat' dir='ltr'><strong>pejorem</strong></span> <span class='ocrx_word' id='word_1_206' title='bbox 810 2448 952 2489; x_wconf 86' lang='lat' dir='ltr'><strong>liquitur</strong></span> 
     </span>
     <span class='ocr_line' id='line_1_41' title="bbox 259 2500 362 2531; baseline -0.019 0"><span class='ocrx_word' id='word_1_207' title='bbox 259 2500 362 2531; x_wconf 79' lang='lat' dir='ltr'><strong>aetas.’</strong></span> 
     </span>
    </p>

    <p class='ocr_par' dir='ltr' id='par_1_19' title="bbox 261 2547 955 2779">
     <span class='ocr_line' id='line_1_42' title="bbox 302 2547 953 2589; baseline -0.003 -8"><span class='ocrx_word' id='word_1_208' title='bbox 302 2553 343 2582; x_wconf 83' lang='lat'><strong>20</strong></span> <span class='ocrx_word' id='word_1_209' title='bbox 371 2549 544 2589; x_wconf 74' lang='lat' dir='ltr'><strong>Sancteque</strong></span> <span class='ocrx_word' id='word_1_210' title='bbox 583 2552 686 2579; x_wconf 79' lang='lat' dir='ltr'><strong>astare</strong></span> <span class='ocrx_word' id='word_1_211' title='bbox 719 2547 860 2588; x_wconf 71' lang='lat' dir='ltr'><strong>parenti]</strong></span> <span class='ocrx_word' id='word_1_212' title='bbox 896 2547 953 2579; x_wconf 89' lang='lat' dir='ltr'><strong>Sic</strong></span> 
     </span>
     <span class='ocr_line' id='line_1_43' title="bbox 261 2597 955 2641; baseline -0.006 -10"><span class='ocrx_word' id='word_1_213' title='bbox 261 2599 350 2641; x_wconf 84' lang='lat' dir='ltr'><strong>apud</strong></span> <span class='ocrx_word' id='word_1_214' title='bbox 362 2600 485 2639; x_wconf 88' lang='lat' dir='ltr'><strong>Papin.</strong></span> <span class='ocrx_word' id='word_1_215' title='bbox 500 2598 647 2629; x_wconf 80' lang='lat' dir='ltr'><strong>Adrasto</strong></span> <span class='ocrx_word' id='word_1_216' title='bbox 657 2597 865 2629; x_wconf 83' lang='lat' dir='ltr'><strong>adsuntfiliae</strong></span> <span class='ocrx_word' id='word_1_217' title='bbox 879 2609 885 2626; x_wconf 88' lang='lat'>:</span> <span class='ocrx_word' id='word_1_218' title='bbox 901 2602 909 2614; x_wconf 90' lang='lat'>‘</span> <span class='ocrx_word' id='word_1_219' title='bbox 920 2607 955 2627; x_wconf 79' lang='grc' dir='ltr'><strong>ο·</strong></span> 
     </span>
     <span class='ocr_line' id='line_1_44' title="bbox 262 2647 954 2690; baseline -0.006 -9"><span class='ocrx_word' id='word_1_220' title='bbox 262 2651 396 2690; x_wconf 87' lang='lat' dir='ltr'><strong>culique</strong></span> <span class='ocrx_word' id='word_1_221' title='bbox 414 2649 466 2680; x_wconf 81' lang='lat' dir='ltr'><strong>Ad</strong></span> <span class='ocrx_word' id='word_1_222' title='bbox 481 2654 632 2679; x_wconf 86' lang='lat' dir='ltr'><strong>sanctum</strong></span> <span class='ocrx_word' id='word_1_223' title='bbox 646 2647 778 2679; x_wconf 86' lang='lat' dir='ltr'><strong>rediere</strong></span> <span class='ocrx_word' id='word_1_224' title='bbox 792 2653 923 2688; x_wconf 83' lang='lat' dir='ltr'><strong>patrem</strong></span> <span class='ocrx_word' id='word_1_225' title='bbox 935 2647 954 2677; x_wconf 89' lang='lat'><strong>:&#39;</strong></span> 
     </span>
     <span class='ocr_line' id='line_1_45' title="bbox 263 2696 954 2739; baseline -0.003 -9"><span class='ocrx_word' id='word_1_226' title='bbox 263 2700 351 2739; x_wconf 82' lang='lat' dir='ltr'><strong>quod</strong></span> <span class='ocrx_word' id='word_1_227' title='bbox 368 2700 575 2730; x_wconf 82' lang='lat' dir='ltr'><strong>Tertulliano</strong></span> <span class='ocrx_word' id='word_1_228' title='bbox 593 2699 626 2730; x_wconf 89' lang='lat' dir='ltr'><strong>in</strong></span> <span class='ocrx_word' id='word_1_229' title='bbox 643 2697 784 2739; x_wconf 85' lang='lat' dir='ltr'><strong>pudore,</strong></span> <span class='ocrx_word' id='word_1_230' title='bbox 799 2702 851 2728; x_wconf 90' lang='lat' dir='ltr'><strong>est</strong></span> <span class='ocrx_word' id='word_1_231' title='bbox 874 2696 954 2728; x_wconf 80' lang='lat' dir='ltr'><strong>‘de-</strong></span> 
     </span>
     <span class='ocr_line' id='line_1_46' title="bbox 263 2748 539 2779; baseline -0.004 0"><span class='ocrx_word' id='word_1_232' title='bbox 263 2749 388 2779; x_wconf 83' lang='lat' dir='ltr'><strong>ducere</strong></span> <span class='ocrx_word' id='word_1_233' title='bbox 404 2748 539 2779; x_wconf 83' lang='lat' dir='ltr'><strong>oculos.&#39;</strong></span> 
     </span>
    </p>

    <p class='ocr_par' dir='ltr' id='par_1_20' title="bbox 264 2796 955 2885">
     <span class='ocr_line' id='line_1_47' title="bbox 306 2796 953 2837; baseline -0.002 -10"><span class='ocrx_word' id='word_1_234' title='bbox 306 2800 345 2827; x_wconf 75' lang='lat'><strong>23</strong></span> <span class='ocrx_word' id='word_1_235' title='bbox 372 2798 499 2828; x_wconf 76' lang='lat' dir='ltr'><strong>Idaliam</strong></span> <span class='ocrx_word' id='word_1_236' title='bbox 515 2797 628 2828; x_wconf 78' lang='lat' dir='ltr'><strong>delibat</strong></span> <span class='ocrx_word' id='word_1_237' title='bbox 642 2797 743 2837; x_wconf 78' lang='lat' dir='ltr'><strong>arem]</strong></span> <span class='ocrx_word' id='word_1_238' title='bbox 778 2796 953 2835; x_wconf 86' lang='lat' dir='ltr'><strong>Aristoph.</strong></span> 
     </span>
     <span class='ocr_line' id='line_1_48' title="bbox 264 2844 955 2885; baseline -0.001 -9"><span class='ocrx_word' id='word_1_239' title='bbox 264 2848 296 2879; x_wconf 84' lang='lat' dir='ltr'><strong>in</strong></span> <span class='ocrx_word' id='word_1_240' title='bbox 329 2846 425 2877; x_wconf 75' lang='lat' dir='ltr'><strong>Avib.</strong></span> <span class='ocrx_word' id='word_1_241' title='bbox 458 2846 693 2884; x_wconf 78' lang='grc' dir='ltr'>προσνείμασθαι</span> <span class='ocrx_word' id='word_1_242' title='bbox 722 2845 753 2876; x_wconf 84' lang='grc' dir='ltr'><strong>δὲ</strong></span> <span class='ocrx_word' id='word_1_243' title='bbox 782 2844 955 2885; x_wconf 76' lang='grc' dir='ltr'>πρεπόντως</span> 
     </span>
    </p>
   </div>
   <div class='ocr_carea' id='block_1_17' title="bbox 997 1648 1705 2825">
    <p class='ocr_par' dir='ltr' id='par_1_21' title="bbox 997 1648 1692 1740">
     <span class='ocr_line' id='line_1_49' title="bbox 997 1648 1692 1690; baseline -0.001 -9"><span class='ocrx_word' id='word_1_244' title='bbox 997 1652 1082 1681; x_wconf 76' lang='grc' dir='ltr'>Τοῖσι</span> <span class='ocrx_word' id='word_1_245' title='bbox 1106 1652 1217 1681; x_wconf 79' lang='grc' dir='ltr'>θεοῖσιν</span> <span class='ocrx_word' id='word_1_246' title='bbox 1236 1652 1297 1681; x_wconf 76' lang='grc' dir='ltr'><strong>τῶν</strong></span> <span class='ocrx_word' id='word_1_247' title='bbox 1312 1650 1447 1690; x_wconf 82' lang='grc' dir='ltr'><strong><em>ὀρνίθων,</em></strong></span> <span class='ocrx_word' id='word_1_248' title='bbox 1472 1648 1505 1680; x_wconf 71' lang='grc' dir='ltr'><strong>ὃς</strong></span> <span class='ocrx_word' id='word_1_249' title='bbox 1522 1649 1559 1680; x_wconf 80' lang='grc' dir='ltr'><strong>ἂν</strong></span> <span class='ocrx_word' id='word_1_250' title='bbox 1575 1648 1692 1690; x_wconf 72' lang='grc' dir='ltr'>ἆρμόζῃ</span> 
     </span>
     <span class='ocr_line' id='line_1_50' title="bbox 999 1700 1438 1740; baseline 0 -9"><span class='ocrx_word' id='word_1_251' title='bbox 999 1701 1063 1731; x_wconf 79' lang='grc' dir='ltr'>καθ’</span> <span class='ocrx_word' id='word_1_252' title='bbox 1079 1701 1221 1732; x_wconf 82' lang='grc' dir='ltr'><strong>ἕκαστον.</strong></span> <span class='ocrx_word' id='word_1_253' title='bbox 1265 1700 1351 1730; x_wconf 88' lang='lat' dir='ltr'><strong>Vide</strong></span> <span class='ocrx_word' id='word_1_254' title='bbox 1367 1710 1438 1740; x_wconf 87' lang='lat' dir='ltr'><strong>seq.</strong></span> 
     </span>
    </p>

    <p class='ocr_par' dir='ltr' id='par_1_22' title="bbox 998 1748 1693 1831">
     <span class='ocr_line' id='line_1_51' title="bbox 1041 1748 1693 1790; baseline 0 -9"><span class='ocrx_word' id='word_1_255' title='bbox 1041 1753 1081 1781; x_wconf 81' lang='lat'><strong>25</strong></span> <span class='ocrx_word' id='word_1_256' title='bbox 1108 1751 1218 1781; x_wconf 77' lang='lat' dir='ltr'><strong>Nostri</strong></span> <span class='ocrx_word' id='word_1_257' title='bbox 1235 1749 1371 1781; x_wconf 78' lang='lat' dir='ltr'><strong>Tritonis</strong></span> <span class='ocrx_word' id='word_1_258' title='bbox 1386 1749 1524 1790; x_wconf 81' lang='lat' dir='ltr'><strong>alumna]</strong></span> <span class='ocrx_word' id='word_1_259' title='bbox 1548 1748 1636 1781; x_wconf 85' lang='lat' dir='ltr'><strong>Vide</strong></span> <span class='ocrx_word' id='word_1_260' title='bbox 1652 1758 1693 1781; x_wconf 83' lang='grc' dir='ltr'><strong>ιι.</strong></span> 
     </span>
     <span class='ocr_line' id='line_1_52' title="bbox 998 1802 1074 1831; baseline 0.013 -1"><span class='ocrx_word' id='word_1_261' title='bbox 998 1802 1074 1831; x_wconf 81' lang='grc'><strong>428.</strong></span> 
     </span>
    </p>

    <p class='ocr_par' dir='ltr' id='par_1_23' title="bbox 999 1846 1705 2725">
     <span class='ocr_line' id='line_1_53' title="bbox 1042 1846 1694 1888; baseline -0.003 -9"><span class='ocrx_word' id='word_1_262' title='bbox 1042 1851 1083 1879; x_wconf 87' lang='grc'><strong>27</strong></span> <span class='ocrx_word' id='word_1_263' title='bbox 1106 1848 1168 1879; x_wconf 84' lang='lat' dir='ltr'><strong>Seu</strong></span> <span class='ocrx_word' id='word_1_264' title='bbox 1182 1848 1270 1885; x_wconf 79' lang='lat' dir='ltr'><strong>forte</strong></span> <span class='ocrx_word' id='word_1_265' title='bbox 1283 1857 1419 1888; x_wconf 81' lang='lat' dir='ltr'><strong>papaver</strong></span> <span class='ocrx_word' id='word_1_266' title='bbox 1434 1846 1593 1888; x_wconf 77' lang='lat' dir='ltr'><strong>Elysium]</strong></span> <span class='ocrx_word' id='word_1_267' title='bbox 1625 1847 1694 1879; x_wconf 90' lang='lat' dir='ltr'><strong>Cur</strong></span> 
     </span>
     <span class='ocr_line' id='line_1_54' title="bbox 999 1896 1696 1938; baseline 0 -11"><span class='ocrx_word' id='word_1_268' title='bbox 999 1897 1008 1915; x_wconf 78' lang='lat'>⁸</span> <span class='ocrx_word' id='word_1_269' title='bbox 1027 1897 1177 1937; x_wconf 85' lang='lat' dir='ltr'><strong>Elysium</strong></span> <span class='ocrx_word' id='word_1_270' title='bbox 1189 1897 1215 1928; x_wconf 82' lang='lat'><strong>?&#39;</strong></span> <span class='ocrx_word' id='word_1_271' title='bbox 1243 1897 1321 1938; x_wconf 88' lang='lat' dir='ltr'><strong>quia</strong></span> <span class='ocrx_word' id='word_1_272' title='bbox 1347 1897 1444 1937; x_wconf 86' lang='lat' dir='ltr'><strong>Virg.</strong></span> <span class='ocrx_word' id='word_1_273' title='bbox 1477 1898 1485 1913; x_wconf 93' lang='lat'>‘</span> <span class='ocrx_word' id='word_1_274' title='bbox 1498 1896 1696 1927; x_wconf 85' lang='lat' dir='ltr'><strong>Lethaeum&#39;</strong></span> 
     </span>
     <span class='ocr_line' id='line_1_55' title="bbox 1002 1945 1694 1978; baseline -0.001 -1"><span class='ocrx_word' id='word_1_275' title='bbox 1002 1947 1205 1977; x_wconf 85' lang='lat' dir='ltr'><strong>nominarat.</strong></span> <span class='ocrx_word' id='word_1_276' title='bbox 1222 1956 1270 1977; x_wconf 83' lang='grc' dir='ltr'><strong>ιν.</strong></span> <span class='ocrx_word' id='word_1_277' title='bbox 1287 1947 1331 1978; x_wconf 87' lang='lat' dir='ltr'><strong>G.</strong></span> <span class='ocrx_word' id='word_1_278' title='bbox 1368 1945 1457 1977; x_wconf 87' lang='lat' dir='ltr'><strong>Item</strong></span> <span class='ocrx_word' id='word_1_279' title='bbox 1483 1955 1507 1977; x_wconf 86' lang='lat'><strong>1.</strong></span> <span class='ocrx_word' id='word_1_280' title='bbox 1531 1946 1541 1962; x_wconf 94' lang='lat'>‘</span> <span class='ocrx_word' id='word_1_281' title='bbox 1554 1945 1694 1976; x_wconf 83' lang='lat' dir='ltr'><strong>Lethaeo</strong></span> 
     </span>
     <span class='ocr_line' id='line_1_56' title="bbox 1003 1994 1697 2037; baseline -0.003 -10"><span class='ocrx_word' id='word_1_282' title='bbox 1003 1996 1136 2037; x_wconf 87' lang='lat' dir='ltr'><strong>perfusa</strong></span> <span class='ocrx_word' id='word_1_283' title='bbox 1147 2005 1315 2037; x_wconf 83' lang='lat' dir='ltr'><strong>papavera</strong></span> <span class='ocrx_word' id='word_1_284' title='bbox 1329 2005 1442 2026; x_wconf 88' lang='lat' dir='ltr'><strong>somno</strong></span> <span class='ocrx_word' id='word_1_285' title='bbox 1453 1994 1474 2034; x_wconf 71' lang='grc' dir='ltr'><strong>ς’</strong></span> <span class='ocrx_word' id='word_1_286' title='bbox 1486 1995 1697 2026; x_wconf 76' lang='lat' dir='ltr'><strong>Dioscomv.</strong></span> 
     </span>
     <span class='ocr_line' id='line_1_57' title="bbox 1003 2043 1696 2084; baseline -0.003 -8"><span class='ocrx_word' id='word_1_287' title='bbox 1003 2046 1088 2083; x_wconf 80' lang='grc' dir='ltr'>κοινὴ</span> <span class='ocrx_word' id='word_1_288' title='bbox 1099 2045 1243 2084; x_wconf 82' lang='grc' dir='ltr'>μηκῶνων</span> <span class='ocrx_word' id='word_1_289' title='bbox 1255 2043 1378 2082; x_wconf 82' lang='grc' dir='ltr'>δύναμις</span> <span class='ocrx_word' id='word_1_290' title='bbox 1388 2045 1530 2082; x_wconf 81' lang='grc' dir='ltr'>ψυκτικὴ,</span> <span class='ocrx_word' id='word_1_291' title='bbox 1546 2049 1582 2075; x_wconf 90' lang='lat' dir='ltr'><strong>et</strong></span> <span class='ocrx_word' id='word_1_292' title='bbox 1595 2044 1696 2084; x_wconf 84' lang='lat' dir='ltr'><strong>paulo</strong></span> 
     </span>
     <span class='ocr_line' id='line_1_58' title="bbox 1003 2093 1697 2137; baseline -0.006 -10"><span class='ocrx_word' id='word_1_293' title='bbox 1003 2102 1091 2137; x_wconf 81' lang='lat' dir='ltr'><strong>post,</strong></span> <span class='ocrx_word' id='word_1_294' title='bbox 1110 2095 1225 2126; x_wconf 83' lang='grc' dir='ltr'>πλείων</span> <span class='ocrx_word' id='word_1_295' title='bbox 1239 2094 1342 2126; x_wconf 79' lang='grc' dir='ltr'>ποθεὶς</span> <span class='ocrx_word' id='word_1_296' title='bbox 1365 2093 1503 2129; x_wconf 84' lang='grc' dir='ltr'>βλάπτει</span> <span class='ocrx_word' id='word_1_297' title='bbox 1523 2094 1617 2124; x_wconf 81' lang='grc' dir='ltr'>ποιῶν</span> <span class='ocrx_word' id='word_1_298' title='bbox 1638 2098 1697 2130; x_wconf 85' lang='grc' dir='ltr'><strong>λη-</strong></span> 
     </span>
     <span class='ocr_line' id='line_1_59' title="bbox 1003 2143 1698 2185; baseline -0.003 -9"><span class='ocrx_word' id='word_1_299' title='bbox 1003 2145 1162 2185; x_wconf 78' lang='grc' dir='ltr'>θαργικοὺς</span> <span class='ocrx_word' id='word_1_300' title='bbox 1190 2144 1239 2175; x_wconf 77' lang='grc' dir='ltr'><strong>καὶ</strong></span> <span class='ocrx_word' id='word_1_301' title='bbox 1262 2143 1394 2184; x_wconf 71' lang='grc' dir='ltr'>ἆναιρεῖε</span> <span class='ocrx_word' id='word_1_302' title='bbox 1418 2149 1454 2175; x_wconf 89' lang='lat' dir='ltr'><strong>et</strong></span> <span class='ocrx_word' id='word_1_303' title='bbox 1476 2143 1698 2184; x_wconf 83' lang='lat' dir='ltr'><strong>Proserpina,</strong></span> 
     </span>
     <span class='ocr_line' id='line_1_60' title="bbox 1004 2192 1699 2236; baseline -0.004 -10"><span class='ocrx_word' id='word_1_304' title='bbox 1004 2195 1082 2236; x_wconf 88' lang='lat' dir='ltr'><strong>quia</strong></span> <span class='ocrx_word' id='word_1_305' title='bbox 1100 2204 1250 2235; x_wconf 86' lang='lat' dir='ltr'><strong>papaver</strong></span> <span class='ocrx_word' id='word_1_306' title='bbox 1265 2193 1354 2234; x_wconf 87' lang='lat' dir='ltr'><strong>apud</strong></span> <span class='ocrx_word' id='word_1_307' title='bbox 1380 2192 1515 2224; x_wconf 84' lang='lat' dir='ltr'><strong>Inferos</strong></span> <span class='ocrx_word' id='word_1_308' title='bbox 1533 2197 1699 2234; x_wconf 83' lang='lat' dir='ltr'><strong>gustarat,</strong></span> 
     </span>
     <span class='ocr_line' id='line_1_61' title="bbox 1003 2243 1699 2284; baseline -0.006 -7"><span class='ocrx_word' id='word_1_309' title='bbox 1003 2246 1103 2277; x_wconf 86' lang='lat' dir='ltr'><strong>matri</strong></span> <span class='ocrx_word' id='word_1_310' title='bbox 1120 2243 1251 2276; x_wconf 88' lang='lat' dir='ltr'><strong>restitui</strong></span> <span class='ocrx_word' id='word_1_311' title='bbox 1264 2253 1329 2274; x_wconf 91' lang='lat' dir='ltr'><strong>non</strong></span> <span class='ocrx_word' id='word_1_312' title='bbox 1347 2243 1471 2284; x_wconf 85' lang='lat' dir='ltr'><strong>potuit.</strong></span> <span class='ocrx_word' id='word_1_313' title='bbox 1515 2244 1571 2274; x_wconf 88' lang='lat' dir='ltr'><strong>De</strong></span> <span class='ocrx_word' id='word_1_314' title='bbox 1595 2252 1699 2283; x_wconf 87' lang='lat' dir='ltr'><strong>papa-</strong></span> 
     </span>
     <span class='ocr_line' id='line_1_62' title="bbox 1005 2293 1700 2334; baseline -0.003 -8"><span class='ocrx_word' id='word_1_315' title='bbox 1005 2306 1084 2327; x_wconf 84' lang='lat' dir='ltr'><strong>vere</strong></span> <span class='ocrx_word' id='word_1_316' title='bbox 1100 2295 1257 2326; x_wconf 87' lang='lat' dir='ltr'><strong>Paschal.</strong></span> <span class='ocrx_word' id='word_1_317' title='bbox 1275 2303 1330 2325; x_wconf 85' lang='grc' dir='ltr'><strong>ιιι.</strong></span> <span class='ocrx_word' id='word_1_318' title='bbox 1348 2296 1399 2325; x_wconf 84' lang='grc'><strong>17.</strong></span> <span class='ocrx_word' id='word_1_319' title='bbox 1419 2294 1515 2334; x_wconf 85' lang='lat' dir='ltr'><strong>Virg.</strong></span> <span class='ocrx_word' id='word_1_320' title='bbox 1538 2297 1547 2311; x_wconf 90' lang='lat'><em>‘</em></span> <span class='ocrx_word' id='word_1_321' title='bbox 1559 2293 1700 2324; x_wconf 82' lang='lat' dir='ltr'><strong>Cereale</strong></span> 
     </span>
     <span class='ocr_line' id='line_1_63' title="bbox 1004 2342 1700 2387; baseline -0.004 -10"><span class='ocrx_word' id='word_1_322' title='bbox 1004 2345 1171 2387; x_wconf 83' lang='lat' dir='ltr'><strong>papaver’</strong></span> <span class='ocrx_word' id='word_1_323' title='bbox 1189 2344 1351 2381; x_wconf 88' lang='lat' dir='ltr'><strong>nominat,</strong></span> <span class='ocrx_word' id='word_1_324' title='bbox 1368 2343 1447 2384; x_wconf 84' lang='lat' dir='ltr'><strong>quia</strong></span> <span class='ocrx_word' id='word_1_325' title='bbox 1463 2343 1496 2373; x_wconf 90' lang='lat' dir='ltr'><strong>in</strong></span> <span class='ocrx_word' id='word_1_326' title='bbox 1512 2342 1618 2374; x_wconf 85' lang='lat' dir='ltr'><strong>tutela</strong></span> <span class='ocrx_word' id='word_1_327' title='bbox 1634 2342 1700 2374; x_wconf 93' lang='lat' dir='ltr'><strong>Ce-</strong></span> 
     </span>
     <span class='ocr_line' id='line_1_64' title="bbox 1004 2391 1702 2432; baseline -0.004 -6"><span class='ocrx_word' id='word_1_328' title='bbox 1004 2396 1101 2427; x_wconf 88' lang='lat' dir='ltr'><strong>reris.</strong></span> <span class='ocrx_word' id='word_1_329' title='bbox 1148 2394 1257 2425; x_wconf 86' lang='lat' dir='ltr'><strong>Omen</strong></span> <span class='ocrx_word' id='word_1_330' title='bbox 1276 2392 1365 2432; x_wconf 87' lang='lat' dir='ltr'><strong>quod</strong></span> <span class='ocrx_word' id='word_1_331' title='bbox 1385 2391 1573 2432; x_wconf 82' lang='lat' dir='ltr'><strong>captabant</strong></span> <span class='ocrx_word' id='word_1_332' title='bbox 1588 2401 1702 2423; x_wconf 82' lang='lat' dir='ltr'><strong>aman·</strong></span> 
     </span>
     <span class='ocr_line' id='line_1_65' title="bbox 1008 2441 1701 2482; baseline -0.007 -6"><span class='ocrx_word' id='word_1_333' title='bbox 1008 2451 1059 2477; x_wconf 90' lang='lat' dir='ltr'><strong>tes</strong></span> <span class='ocrx_word' id='word_1_334' title='bbox 1086 2445 1225 2481; x_wconf 69' lang='grc' dir='ltr'>ἀπο-πῆλε</span> <span class='ocrx_word' id='word_1_335' title='bbox 1249 2443 1344 2482; x_wconf 77' lang='grc' dir='ltr'>φίλου</span> <span class='ocrx_word' id='word_1_336' title='bbox 1369 2450 1573 2482; x_wconf 85' lang='lat' dir='ltr'><strong>papaverum</strong></span> <span class='ocrx_word' id='word_1_337' title='bbox 1597 2441 1701 2481; x_wconf 80' lang='lat' dir='ltr'><strong>foliis,</strong></span> 
     </span>
     <span class='ocr_line' id='line_1_66' title="bbox 1006 2491 1700 2535; baseline -0.007 -9"><span class='ocrx_word' id='word_1_338' title='bbox 1006 2495 1147 2535; x_wconf 85' lang='lat' dir='ltr'><strong>exponit</strong></span> <span class='ocrx_word' id='word_1_339' title='bbox 1160 2493 1284 2525; x_wconf 87' lang='lat' dir='ltr'><strong>Caelius</strong></span> <span class='ocrx_word' id='word_1_340' title='bbox 1296 2491 1408 2524; x_wconf 85' lang='lat' dir='ltr'><strong>Rhod.</strong></span> <span class='ocrx_word' id='word_1_341' title='bbox 1426 2500 1518 2522; x_wconf 82' lang='lat' dir='ltr'><strong>xvn.</strong></span> <span class='ocrx_word' id='word_1_342' title='bbox 1534 2493 1566 2523; x_wconf 89' lang='grc'><strong>4.</strong></span> <span class='ocrx_word' id='word_1_343' title='bbox 1601 2492 1700 2522; x_wconf 80' lang='lat' dir='ltr'><strong>Eras-</strong></span> 
     </span>
     <span class='ocr_line' id='line_1_67' title="bbox 1007 2539 1705 2584; baseline -0.01 -9"><span class='ocrx_word' id='word_1_344' title='bbox 1007 2555 1080 2576; x_wconf 85' lang='lat' dir='ltr'><strong>mus</strong></span> <span class='ocrx_word' id='word_1_345' title='bbox 1103 2545 1137 2574; x_wconf 90' lang='lat' dir='ltr'><strong>in</strong></span> <span class='ocrx_word' id='word_1_346' title='bbox 1162 2542 1316 2584; x_wconf 89' lang='lat' dir='ltr'><strong>proverb.</strong></span> <span class='ocrx_word' id='word_1_347' title='bbox 1339 2540 1494 2580; x_wconf 85' lang='lat' dir='ltr'><strong>‘crepitu</strong></span> <span class='ocrx_word' id='word_1_348' title='bbox 1519 2539 1705 2578; x_wconf 79' lang='lat' dir='ltr'><strong>probabis‚&#39;</strong></span> 
     </span>
     <span class='ocr_line' id='line_1_68' title="bbox 1009 2589 1701 2632; baseline -0.006 -7"><span class='ocrx_word' id='word_1_349' title='bbox 1009 2599 1043 2624; x_wconf 84' lang='lat' dir='ltr'><strong>et</strong></span> <span class='ocrx_word' id='word_1_350' title='bbox 1061 2593 1231 2632; x_wconf 73' lang='lat' dir='ltr'><strong>Har-tang.</strong></span> <span class='ocrx_word' id='word_1_351' title='bbox 1248 2591 1282 2621; x_wconf 88' lang='lat' dir='ltr'><strong>in</strong></span> <span class='ocrx_word' id='word_1_352' title='bbox 1295 2591 1393 2621; x_wconf 82' lang='lat' dir='ltr'><strong>Thes.</strong></span> <span class='ocrx_word' id='word_1_353' title='bbox 1405 2589 1490 2620; x_wconf 89' lang='lat' dir='ltr'><strong>Crit.</strong></span> <span class='ocrx_word' id='word_1_354' title='bbox 1506 2590 1581 2619; x_wconf 82' lang='lat'><strong>⁷28.</strong></span> <span class='ocrx_word' id='word_1_355' title='bbox 1597 2591 1628 2619; x_wconf 84' lang='lat'><strong>8.</strong></span> <span class='ocrx_word' id='word_1_356' title='bbox 1642 2589 1701 2621; x_wconf 89' lang='lat' dir='ltr'><strong>Sc.</strong></span> 
     </span>
     <span class='ocr_line' id='line_1_69' title="bbox 1010 2636 1703 2679; baseline -0.012 -4"><span class='ocrx_word' id='word_1_357' title='bbox 1010 2647 1062 2674; x_wconf 86' lang='lat'><strong>13.</strong></span> <span class='ocrx_word' id='word_1_358' title='bbox 1099 2644 1154 2674; x_wconf 90' lang='lat' dir='ltr'><strong>De</strong></span> <span class='ocrx_word' id='word_1_359' title='bbox 1171 2640 1335 2672; x_wconf 83' lang='lat' dir='ltr'><strong>vocabulo</strong></span> <span class='ocrx_word' id='word_1_360' title='bbox 1349 2638 1360 2656; x_wconf 89' lang='lat'>‘</span> <span class='ocrx_word' id='word_1_361' title='bbox 1372 2636 1548 2679; x_wconf 83' lang='lat' dir='ltr'><strong>papaveris</strong></span> <span class='ocrx_word' id='word_1_362' title='bbox 1559 2636 1568 2650; x_wconf 86' lang='lat'>’</span> <span class='ocrx_word' id='word_1_363' title='bbox 1585 2638 1703 2668; x_wconf 87' lang='lat' dir='ltr'><strong>Meur-</strong></span> 
     </span>
     <span class='ocr_line' id='line_1_70' title="bbox 1009 2691 1321 2725; baseline -0.019 0"><span class='ocrx_word' id='word_1_364' title='bbox 1009 2694 1076 2725; x_wconf 76' lang='lat' dir='ltr'><strong>sius</strong></span> <span class='ocrx_word' id='word_1_365' title='bbox 1093 2693 1134 2723; x_wconf 87' lang='lat' dir='ltr'><strong>ad</strong></span> <span class='ocrx_word' id='word_1_366' title='bbox 1149 2691 1321 2722; x_wconf 77' lang='lat' dir='ltr'><strong>Plautum.</strong></span> 
     </span>
    </p>

    <p class='ocr_par' dir='ltr' id='par_1_24' title="bbox 1009 2736 1700 2825">
     <span class='ocr_line' id='line_1_71' title="bbox 1052 2736 1700 2777; baseline -0.012 -3"><span class='ocrx_word' id='word_1_367' title='bbox 1052 2746 1093 2774; x_wconf 84' lang='lat'><strong>28</strong></span> <span class='ocrx_word' id='word_1_368' title='bbox 1120 2743 1251 2773; x_wconf 78' lang='lat' dir='ltr'><strong>Teneros</strong></span> <span class='ocrx_word' id='word_1_369' title='bbox 1265 2740 1305 2770; x_wconf 84' lang='lat' dir='ltr'><strong>ad</strong></span> <span class='ocrx_word' id='word_1_370' title='bbox 1319 2739 1397 2769; x_wconf 84' lang='lat' dir='ltr'><strong>dona</strong></span> <span class='ocrx_word' id='word_1_371' title='bbox 1404 2736 1544 2777; x_wconf 76' lang='lat' dir='ltr'><strong>jugales]</strong></span> <span class='ocrx_word' id='word_1_372' title='bbox 1568 2736 1700 2770; x_wconf 79' lang='lat' dir='ltr'><strong>Colum-</strong></span> 
     </span>
     <span class='ocr_line' id='line_1_72' title="bbox 1009 2794 1081 2825; baseline -0.028 0"><span class='ocrx_word' id='word_1_373' title='bbox 1009 2794 1081 2825; x_wconf 83' lang='lat' dir='ltr'><strong>bas.</strong></span> 
     </span>
    </p>
   </div>
  </div>
 </body>
</html>
