1889 3194
242 344 327 385 5:22

765 354 964 385 JOSEPHl
1004 352 1166 383 lSCANI

241 447 321 488 Nil
342 446 508 488 homiui
529 447 693 489 fixum:
731 448 939 488 Fortunae
960 458 1141 486 munera
1156 444 1345 494 blandae,

241 513 454 562 Insidias,
473 527 561 555 non
581 513 696 554 dona
715 526 836 554 reor:
880 525 1140 565 semperque
1161 512 1341 553 timebis

241 581 442 621 Sirenum
462 581 601 622 turbae
624 580 802 630 similes,
820 581 903 620 sub
925 580 1016 619 sole
1038 592 1193 620 sereno

241 646 433 696 Nubem‚
455 648 537 687 sub
558 648 648 687 risu
664 647 900 699 lacrymas,
922 646 1005 687 sub
1027 646 1155 686 melle
1175 657 1399 687 venenum.

246 713 295 753 Si
318 713 399 754 tibi
420 727 506 763 res,
528 713 642 754 fallit
663 726 824 754 casus:
857 715 895 754 si
911 713 1064 762 forma,
1086 717 1311 754 senectus:

241 779 290 819 Si
312 780 440 829 vireS,
461 781 667 821 morbus:
699 781 737 820 si
769 793 927 822 nomen
947 779 1124 833 grande,
1145 780 1277 821 litura

242 846 431 887 Postera
448 860 457 887 :
491 852 536 887 et
555 847 598 886 in
617 847 747 887 nullis
768 847 850 888 fati
871 847 1120 889 constantia
1136 846 1279 887 donis.

242 913 347 966 Ipse
369 914 501 954 etiam
521 913 602 954 has
617 913 730 954 inter
750 915 871 955 tenui
892 915 1053 955 virtute
1074 913 1293 966 procellas

243 979 402 1019 Fretus
419 979 567 1030 homo,
589 983 663 1020 aut
682 979 859 1033 languet
879 981 1083 1030 moriens„
1105 983 1179 1021 aut
1195 982 1388 1020 mortuus
1408 980 1509 1019 aret,

1602 976 1687 1018 520

241 1045 417 1086 Horum
438 1047 476 1086 si
499 1049 712 1096 neutrum,
734 1050 848 1089 certe
869 1047 1082 1096 mortalis,
1103 1051 1149 1087 et
1169 1046 1282 1086 imos

241 1111 519 1154 Fraudatura
539 1113 650 1161 dieS‚
670 1113 836 1155 medios
855 1113 982 1155 metit
1001 1112 1197 1167 Atropos
1219 1124 1372 1153 anuos.

896 1222 1038 1254 NOTAE

240 1286 304 1316 ὅτε.
328 1284 338 1301 ‘
353 1283 479 1316 Amant
501 1285 658 1317 mortalia
684 1284 823 1325 casum‚’
845 1290 939 1317 recte

240 1335 393 1366 Catullus
407 1346 414 1364 :
428 1334 619 1375 τάνθρώπινα
633 1335 761 1375 κύκλος,
772 1333 878 1366 Arist.
892 1344 940 1365 ιν.

239 1383 375 1424 Pliysic.
403 1387 456 1415 14.
484 1384 574 1423 μῖμος
599 1385 616 1415 ὁ
639 1385 720 1423 βίος,
737 1389 772 1416 et
788 1394 864 1425 quae
880 1384 940 1415 du-

240 1432 320 1463 dum
349 1438 428 1464 aute
449 1433 619 1464 Homerus
644 1434 769 1474 Odyss.
795 1436 831 1465 Σ.
853 1433 941 1465 οὐδὲν

240 1481 447 1523 ἀκιδνότερον,
475 1484 540 1514 &c.
580 1483 740 1514 Naziauz.
778 1482 939 1523 insignite

240 1536 327 1562 orat.
344 1540 380 1563 x.
396 1534 469 1563 171.
484 1531 556 1570 ὄναρ
567 1530 660 1570 ἐσμὲν
675 1531 744 1570 οὐχ’
762 1530 939 1570 ἱστάμενον,

241 1580 381 1620 φάσματι
405 1581 449 1620 μὴ
470 1581 688 1622 κρατούμενον,
708 1583 821 1619 πτῆσις
836 1581 940 1622 ὀρνέου

240 1630 482 1671 παρερχομένου,
503 1632 576 1662 ναῦς
602 1631 651 1661 ἐπὶ
673 1630 833 1669 θαλάσσης
852 1632 940 1670 ἴχνος

241 1680 297 1710 οὐκ
319 1679 450 1721 ἔχουσα,
469 1679 552 1712 κόνις
572 1680 677 1719 ἀτμὶς,
699 1681 805 1718 ἑωθΐνη
821 1681 939 1721 δρόσος,

241 1729 332 1762 ἄνθος
345 1731 438 1771 καιρῷ
452 1730 615 1769 φυόμενον,
637 1730 688 1761 καὶ
714 1732 807 1771 καιρῷ
828 1731 938 1770 λυόμε-

242 1791 307 1821 νον,
319 1783 384 1812 &c.
408 1780 484 1812 Nec
500 1780 586 1811 male
604 1780 939 1821 Galeomyomacbias

243 1836 363 1862 auctor
383 1840 391 1861 :
415 1829 523 1861 ἅπανθ’
540 1829 664 1861 ἅπαντα
673 1830 729 1861 τοῦ
742 1829 813 1865 βίον
826 1830 938 1871 τέφρα,

242 1879 337 1917 κόνις,
363 1878 581 1919 Ἃπαξάπαντα
598 1881 656 1910 τοῦ
670 1879 740 1915 βίον
754 1879 827 1911 σκιὰ
836 1880 939 1919 μόνον.

242 1931 318 1960 438.
340 1929 429 1960 Vide
447 1930 585 1970 insuper
597 1930 765 1961 Isidorum
784 1931 937 1961 Pelusio-

243 1983 313 2009 tam
337 1987 377 2009 11.
395 1979 460 2019 Ep.
479 1981 551 2009 165.
575 1984 611 2010 et
627 1979 772 2019 iusignia
787 1979 876 2020 apud
889 1980 938 2012 M.

242 2027 454 2059 Antoninum
469 2037 509 2058 11.
526 2027 569 2059 de
585 2029 654 2059 vita
670 2038 742 2060 sua.

285 2080 348 2110 612
371 2078 519 2109 Fortunae
547 2088 675 2109 munera
705 2078 838 2113 blundae,
853 2078 938 2110 Insi-

240 2129 319 2165 dias,
335 2139 397 2160 non
411 2130 492 2160 dona
515 2129 599 2170 reor]
623 2130 781 2161 Imitatur
806 2131 939 2171 sapien-

243 2180 408 2210 tissimum
435 2179 661 2210 Romanorum
673 2180 849 2216 Senecam,
872 2181 937 2221 Ep.

242 2231 274 2259 8.
306 2228 477 2259 ‘Munera
507 2229 575 2260 ista
604 2227 751 2261 fortunae
782 2230 940 2270 putatis?

241 2278 375 2309 insidiae
402 2279 502 2314 sunt,’
529 2280 594 2309 &c.
638 2278 751 2310 Recte
781 2279 864 2310 illud
894 2279 938 2311 de

241 2327 376 2359 fortuna
391 2327 637 2368 dicetur‚quod
657 2328 748 2369 apud
766 2329 937 2361 Nonium:

241 2376 402 2408 ‘Quanto
435 2376 589 2408 blandior
618 2383 684 2418 est,
716 2383 813 2409 tanto
837 2380 936 2410 vehe-

241 2427 387 2457 mentius
411 2426 567 2458 mordet.'
611 2428 664 2458 De
689 2427 747 2458 illa
770 2428 937 2469 impoten-

241 2476 290 2506 tia
307 2476 465 2507 Fortunae
482 2476 643 2516 insignite
669 2477 821 2509 Galenus
840 2478 938 2509 initio

242 2525 451 2565 Protreptici
467 2525 510 2556 ad
533 2530 636 2561 artes,
660 2526 768 2557 Cebes
791 2527 825 2557 ἐν
850 2526 938 2558 πίνα-

241 2586 281 2608 κι,
306 2574 499 2605 Chalcidius
514 2573 704 2607 Comment.
719 2575 754 2606 iu
776 2576 938 2608 Timaeum

243 2624 397 2655 Platonis
414 2634 448 2664 p.
463 2626 560 2656 2450.

285 2676 348 2704 516
363 2673 400 2703 Sa·
414 2673 472 2704 tibi
486 2673 551 2714 res]
574 2673 685 2705 Οὺσῖα.
709 2674 718 2692 ‘
733 2674 817 2707 Cum
833 2685 868 2706 re
881 2685 939 2707 ex-

243 2722 340 2762 igua.’
361 2723 738 2765 Plautus.‘Qnanqnam
752 2734 805 2756 res
815 2730 940 2757 nostrae

243 2771 484 2811 pauperculae.’
497 2772 606 2803 Idem.

288 2823 349 2850 518
366 2822 404 2851 Et
421 2823 453 2851 in
467 2822 561 2853 nullis
570 2823 636 2860 fati
647 2825 819 2855 constantia
834 2825 937 2866 donis]

248 2868 448 2901 Heliodorus
477 2880 524 2902 vl.
554 2873 722 2905 exclamat
753 2875 890 2906 eadem:
916 2874 938 2905 ὦ

993 1284 1096 1323 πάσης
1110 1285 1228 1327 τροπῆς
1250 1282 1400 1323 ἀνέμενον
1421 1281 1472 1314 καὶ
1494 1279 1688 1320 ἀσταθμητό-

993 1346 1090 1366 τατον
1117 1335 1218 1374 τύχης
1247 1333 1433 1375 ἀνθρωπίνης
1458 1331 1579 1371 κίνημα.
1622 1332 1692 1363 Na-

994 1387 1099 1417 zianz.
1115 1385 1235 1417 eadem
1247 1386 1295 1417 ait
1310 1389 1397 1416 orat.
1414 1392 1508 1415 xvn.
1522 1385 1597 1414 269.
1613 1391 1689 1422 quae

994 1436 1042 1466 ita
1057 1435 1253 1467 concludit:
1276 1434 1316 1466 ὥς
1341 1434 1442 1474 αὔραις
1466 1431 1542 1463 εῖναι
1565 1431 1690 1470 μᾶλλον

993 1484 1160 1524 πιστεύειν,
1175 1483 1226 1516 καὶ
1240 1482 1400 1524 γράμμασι
1415 1484 1483 1515 τοῖς
1492 1482 1559 1513 καθ’
1568 1481 1691 1518 ὕδατος,

989 1534 1010 1570 ἢ
1026 1533 1187 1574 ἀνθρώπων
1201 1532 1354 1575 εὐημερίᾳ,
1367 1542 1443 1574 quae
1460 1531 1602 1563 totidem
1614 1539 1689 1560 ver-

990 1584 1042 1615 bis
1074 1585 1185 1624 Epist.
1216 1587 1268 1615 18.
1314 1584 1360 1614 Et
1386 1581 1577 1614 Simonides
1600 1580 1689 1611 bene

992 1632 1082 1672 apud
1100 1633 1275 1664 Plutarch.
1292 1632 1325 1662 iu
1342 1631 1506 1663 consolat.
1523 1630 1567 1661 ad
1581 1629 1688 1669 Apol-

992 1682 1140 1712 lonium:
1164 1681 1325 1722 ἀνθρώπων
1351 1681 1459 1720 ὀλίγον
1482 1679 1539 1719 μὲν
1564 1678 1689 1720 κάρτος,

992 1729 1141 1771 ἄπρακτοι
1162 1731 1195 1762 δὲ
1215 1729 1394 1768 μεληδόνες,
1422 1729 1504 1760 αι’ὣνι
1529 1727 1563 1759 δὲ
1585 1728 1688 1767 παύρῳ

991 1779 1082 1812 πόνος
1097 1779 1176 1821 ἀμφὶ
1189 1780 1282 1822 πόνῳ,
1299 1782 1316 1812 ὁ
1330 1781 1356 1812 δ’
1373 1780 1511 1820 ἄφυκτος
1525 1780 1604 1818 ὅμως
1624 1781 1689 1810 ε’πι-

991 1830 1138 1872 κρέμαται
1151 1831 1292 1872 θάνατος,
1310 1833 1409 1864 κείνου
1423 1832 1484 1872 ’γὰρ
1498 1832 1570 1863 ἴσον
1584 1830 1688 1870 λαχὸν

990 1881 1080 1922 μέρος
1094 1882 1124 1913 οἵ
1131 1883 1159 1912 τ’
1172 1881 1282 1921 ἀγαθοὶ
1296 1882 1383 1913 ὅστις
1406 1893 1443 1912 τε
1469 1880 1574 1913 κακός.
1619 1882 1687 1912 Eu-

993 1932 1110 1972 ripidis
1126 1932 1184 1963 illa
1201 1937 1279 1963 nota
1296 1937 1396 1963 sunt:
1412 1933 1543 1971 μοχθεῖν
1554 1930 1688 1970 ἀναγκὴ,

992 1983 1056 2012 &c.
1100 1982 1168 2013 Sed
1196 1981 1427 2022 reponendum
1444 1982 1507 2017 his,
1523 1980 1610 2022 quod
1626 1981 1687 2012 Se-

993 2040 1079 2062 neca
1109 2036 1205 2063 recte
1234 2036 1348 2062 monet
1363 2042 1371 2062 :
1408 2036 1417 2049 ‘
1432 2030 1604 2062 Maximus
1634 2034 1688 2061 est

993 2081 1136 2120 animus,
1150 2081 1206 2121 qui
1220 2089 1256 2111 se
1267 2081 1342 2111 Deo
1353 2079 1536 2120 permisit3’
1550 2085 1585 2111 et
1597 2079 1688 2121 quod

993 2130 1110 2161 Graeci
1124 2131 1219 2161 aiunt
1235 2141 1243 2161 :
1283 2129 1330 2161 ἀεὶ
1347 2128 1381 2161 εὖ
1394 2129 1560 2161 πίπτουσιν
1571 2129 1602 2160 οἱ
1615 2129 1688 2160 Διὸς

992 2178 1093 2215 κύβοι.
1115 2180 1124 2197 ‘
1138 2180 1223 2211 Cum
1246 2184 1368 2211 natura
1390 2180 1514 2220 litigat,
1531 2179 1589 2220 qui
1605 2178 1690 2210 mori

993 2239 1097 2270 grave
1114 2228 1208 2269 fert,'
1231 2239 1273 2260 ex
1288 2230 1442 2261 Varrone
1458 2229 1594 2261 dicebat
1607 2229 1690 2260 Vin-

992 2279 1124 2311 centius
1140 2279 1174 2310 in
1189 2278 1337 2319 Speculo
1351 2279 1542 2310 Historiali.

1033 2332 1097 2361 520
1119 2329 1187 2361 Aut
1198 2330 1324 2369 languet
1336 2329 1485 2370 moriens]
1509 2329 1551 2361 Iu
1572 2328 1689 2361 morbo

990 2385 1087 2421 puta.
1131 2379 1199 2412 Aut
1213 2383 1352 2411 mortuus
1366 2383 1445 2411 aret.
1489 2379 1530 2410 In
1547 2379 1640 2410 arido
1652 2384 1689 2410 et

991 2438 1137 2461 exsucco
1160 2430 1268 2469 senio,
1289 2434 1327 2460 ut
1352 2438 1419 2460 non
1444 2428 1613 2459 immerito
1630 2437 1687 2458 ex-

991 2480 1116 2511 clamet
1131 2479 1272 2510 Democ.
1288 2478 1376 2519 apud
1392 2477 1489 2509 Stob.
1503 2478 1600 2517 ’γῆρας
1611 2476 1687 2508 ὁλό-

992 2527 1107 2569 κληρός
1119 2529 1187 2559 ἐστι
1197 2527 1345 2567 πήρωσις,
1353 2526 1454 2558 πάντα
1463 2525 1542 2565 ἔχει,
1551 2525 1602 2557 καὶ
1611 2525 1689 2557 πάν-

991 2590 1055 2609 των
1070 2579 1160 2610 ἐνδεῖ.
1204 2579 1251 2609 Et
1266 2577 1420 2618 Euripid.
1441 2575 1467 2607 εἶ
1481 2575 1578 2615 ζῶμεν
1588 2575 1686 2615 ἡμεῖς,

993 2626 1034 2659 ὧν
1048 2628 1065 2658 ὁ
1079 2627 1148 2663 βίος
1162 2625 1320 2665 τέθνηκεν.
1343 2626 1571 2666 Hippocrates
1587 2626 1688 2666 Epis-

995 2678 1064 2708 tola
1079 2677 1121 2708 ad
1139 2677 1360 2716 Damagetum
1375 2686 1381 2704 :
1401 2673 1475 2705 ὅλος
1484 2673 1636 2716 ἅνθρωπος
1650 2675 1685 2706 ἐκ

992 2728 1124 2765 ’γενετῆς
1152 2724 1261 2756 νοῦσός
1288 2725 1365 2755 ἐστι.
1421 2724 1509 2755 Vide
1535 2734 1611 2765 quae
1635 2734 1687 2755 se-

994 2782 1156 2818 quuntur,
1169 2775 1302 2816 gemina
1329 2773 1394 2804 illis
1421 2783 1495 2814 quae
1515 2773 1685 2814 Josephus

993 2827 1182 2858 miseratur.
1232 2824 1328 2855 Nilus
1343 2834 1351 2854 z
1387 2822 1490 2854 πάντα
1525 2823 1606 2861 σκιὰ,
1633 2823 1684 2854 καὶ

993 2875 1117 2912 καπνὸς,
1139 2874 1189 2906 καὶ
1203 2872 1413 2914 πομφόλυγες,
1429 2883 1461 2914 p.
1476 2875 1549 2905 211.
