1889 3194
541 378 604 408 DE
638 375 794 407 BELLo
827 374 1050 406 TROJANo
1083 375 1181 406 mn.
1214 375 1278 406 rv.
1541 363 1624 405 471

187 472 418 526 Crispatur
437 470 576 512 cirros
597 482 724 511 coma
745 473 940 523 myrtea3
961 468 1095 510 crinis
1116 469 1163 509 in
1185 481 1328 510 armos

187 538 476 591 Deprimitur,
493 537 738 590 poplesque
762 535 922 588 gradus
942 535 1167 588 consurgit
1186 535 1229 575 in
1251 535 1382 575 altos.

242 604 480 645 Actorides
502 604 596 644 acie
618 602 785 654 grandi,
807 615 1081 655 vernansque
1102 602 1274 643 decoris

186 670 401 720 Artubus,
422 670 600 722 eloquio
621 669 724 718 leni,
751 669 820 710 cui
844 680 947 709 cura
960 668 1120 721 juvare

189 736 464 785 Muneribus,
486 740 688 776 constare
710 735 810 785 sibi,
829 735 1059 788 disponere
1078 735 1264 775 cunctis.

1544 732 1631 773 115

245 801 352 843 Vox
364 803 508 842 eneris
535 802 579 842 di
596 802 767 844 scincta
780 803 913 856 ι]ὀ(>ἰε,
933 815 1054 842 mens
1074 802 1226 851 ardua,
1246 801 1337 842 fusi

188 868 368 918 Arctus,
390 869 623 909 Locrensis
645 868 795 909 titulos
816 865 972 921 Ajacis
994 868 1207 921 opimant.

247 935 432 990 Ajacem
449 935 685 975 Telamone
707 939 851 976 satum
871 947 998 976 coma
1017 935 1141 988 pulla
1160 936 1364 975 venustat

192 1002 244 1043 In
267 1006 461 1055 torquem
482 1002 666 1043 collecta
685 1002 841 1050 levem,
865 1002 1092 1043 modulata
1111 1002 1281 1042 serenis

191 1070 365 1121 Lingua
384 1069 519 1119 sonis,
540 1082 664 1109 mens
686 1068 852 1109 fraudis
871 1069 1022 1119 hebes,
1044 1069 1124 1110 sed
1144 1073 1319 1108 strenua
1338 1067 1481 1108 bellis.

1550 1065 1634 1106 120

248 1135 336 1176 Ore
356 1136 522 1185 hilaris,
541 1136 800 1189 modiceque
821 1135 1013 1177 humiles
1035 1136 1245 1177 collectus
1264 1135 1309 1174 in
1329 1146 1493 1183 armOS,

192 1202 300 1243 Dux
320 1201 519 1252 Ithacus,
536 1201 728 1255 prudens
749 1202 999 1243 consultum
1019 1202 1226 1255 pendere,
1247 1213 1409 1253 gnarus

193 1267 434 1321 Obliquare
450 1267 595 1317 dolos,
612 1268 770 1309 doctus
788 1273 970 1322 captare
990 1268 1222 1322 loquendo.

248 1334 375 1375 Voce
395 1335 532 1384 ferox,
555 1335 699 1376 animo
720 1347 941 1388 praecepS‚
961 1335 1151 1375 fervente
1171 1334 1364 1383 cerebrm

191 1400 472 1454 Audentique
491 1402 571 1451 ira,
591 1401 767 1442 validos
787 1401 1025 1455 quadratur
1044 1401 1088 1442 in
1108 1405 1227 1442 artus

192 1467 405 1520 Tydides,
427 1468 657 1521 plenisque
677 1470 865 1508 meretur
885 1467 1040 1521 Tydea
1063 1467 1210 1512 factis,

196 1533 271 1575 Sic
295 1535 454 1584 animo,
477 1535 542 1575 sic
565 1547 636 1575 ore
656 1535 767 1584 fero,
792 1535 856 1576 sic
877 1534 1079 1575 fulminat
1097 1534 1244 1575 armis.

852 1642 994 1674 NOTAE

240 1709 299 1739 111
326 1707 423 1738 Coma
446 1706 581 1748 myrtea]
614 1708 738 1745 Dares,
766 1705 893 1737 ‘flava.'

195 1757 424 1789 Philostratus
450 1767 483 1797 p.
499 1760 574 1789 708.
595 1757 654 1795 τὴν
666 1758 728 1795 μὴν
743 1758 780 1794 δὴ
796 1756 893 1795 κομὴν

196 1806 362 1846 ἀμφιλαφῆ
386 1806 473 1846 αὐτῷ
491 1812 587 1847 φησιν
610 1806 685 1838 εἶναι
707 1806 759 1838 καὶ
773 1807 893 1847 χρυσοῦ

194 1855 280 1893 ἡδίω.
324 1856 460 1887 videsis
485 1857 661 1888 Libanium
686 1857 721 1888 in
741 1857 894 1894 Achillis,

198 1905 342 1946 ulyssis,
354 1910 391 1936 et
406 1905 579 1937 Diomedis
597 1908 760 1938 encomio.

240 1956 302 1985 113
326 1954 492 1986 Actorides
516 1956 581 1986 acie
598 1956 727 1994 grandi,
747 1966 894 1988 vernans-

196 2013 255 2043 que
276 2004 394 2035 decoris
408 2004 566 2046 Artubus]
596 2006 692 2037 Facie
709 2006 891 2046 legendum

198 2053 233 2083 in
249 2053 450 2094 quibusdam
473 2055 580 2094 libris,
596 2056 655 2086 sed
678 2056 743 2087 acie
759 2057 890 2088 melius.

197 2103 373 2134 ‘Vernare
396 2104 564 2145 artubus,'
578 2109 616 2135 ut
641 2105 814 2137 Ennodius
829 2115 893 2137 sae-

202 2162 257 2193 pe,
273 2153 282 2170 ‘
298 2162 438 2183 vernare
455 2154 557 2193 stylo,
569 2154 740 2185 dictione!

243 2205 304 2233 11⁷
330 2202 450 2234 Titulos
469 2203 577 2241 Ajacis
597 2203 752 2243 opimant]
787 2202 894 2235 Auso-

199 2252 289 2292 nius,
323 2251 445 2283 ‘reflui
467 2253 569 2283 maris
594 2258 696 2284 aestus
719 2253 893 2293 opimat:'

202 2311 278 2342 quae
294 2300 413 2332 eodem
429 2310 530 2332 sensu
546 2302 701 2333 Phalaris
718 2303 827 2343 Epist.
841 2306 893 2334 62.

202 2348 375 2391 πλημμυρὶς
399 2351 599 2389 διαψυχθεῖσα
621 2351 748 2392 ἐνεργὸν
761 2351 831 2384 ἀντὶ
846 2352 898 2392 ἆρ-

200 2401 260 2439 Ύοῦ
274 2401 354 2432 ποιεῖ
366 2399 404 2431 τὸ
417 2400 533 2432 πεδίον.

248 2452 308 2481 121
333 2450 516 2490 Μοάἱσεᾳιιε
544 2450 673 2482 humiles
697 2452 841 2482 collectus
865 2452 900 2483 in

200 2509 314 2538 armore,
329 2500 408 2530 Dux
421 2499 561 2539 Ithacus]
583 2500 792 2532 Protesilaus
807 2501 897 2542 apud

203 2549 446 2580 philostratum
460 2549 493 2579 in
503 2549 643 2581 Heroic.
661 2550 818 2591 Ulyssem
829 2551 899 2582 Ho-

203 2599 290 2629 meri
305 2598 455 2630 nominat
469 2598 623 2637 παίγνιον·
641 2599 721 2630 item
740 2599 901 2641 ὑπόσιμον,

203 2648 240 2680 οὐ
268 2647 380 2688 μέγαν,
404 2648 665 2688 πεπλατυμμένον
691 2649 763 2680 τοὺς
784 2649 900 2690 ὀφθαλ-

203 2698 291 2738 μούς.

248 2755 309 2783 125
337 2751 464 2783 Validos
479 2750 651 2790 quadratur
671 2749 706 2780 in
727 2753 814 2781 artus
839 2750 899 2791 Ty-

209 2802 311 2842 dides]
334 2802 471 2832 Statura
485 2805 538 2832 est
552 2800 627 2831 haec
643 2800 768 2831 Plauto
784 2800 793 2816 ‘
807 2809 898 2831 com-

205 2851 307 2883 moda
323 2850 344 2890 ς’
367 2859 467 2891 quam
495 2849 626 2881 Noster
648 2853 751 2880 antea
775 2849 899 2886 innuit,

209 2926 218 2943 ,
229 2907 363 2944 aequato
374 2903 475 2934 Fulta
485 2905 578 2933 statu
590 2900 612 2933 ς’
625 2904 662 2932 et
675 2902 687 2917 ‘
697 2900 738 2932 In
751 2900 898 2932 medium

946 1705 1072 1737 librata
1096 1704 1249 1738 statum.'
1288 1705 1389 1737 Corn.
1414 1703 1529 1735 Celsus
1552 1712 1591 1734 n.
1610 1705 1641 1734 l.

944 1758 954 1774 ⁴
969 1756 1102 1797 Corpus
1149 1755 1393 1787 habilissimum
1439 1753 1642 1794 quadratum

947 1810 1013 1846 est,
1035 1815 1144 1847 neque
1175 1805 1315 1845 gracile,
1343 1812 1454 1845 neque
1480 1801 1645 1833 obesum.’

946 1855 1034 1886 Vide
1057 1855 1202 1887 Aristot.
1227 1855 1260 1885 in
1283 1853 1525 1894 Physiognom.
1549 1855 1585 1882 et
1601 1850 1644 1882 de

947 1905 1102 1945 partibus
1119 1904 1263 1936 Animal.
1288 1912 1337 1935 lv.
1362 1905 1412 1934 10.
1457 1901 1646 1932 Columella

946 1956 1048 1986 etiam
1063 1956 1200 1996 ‘porcos
1223 1951 1419 1994 quadratos’
1431 1953 1535 1983 vr1.9.
1552 1951 1562 1968 ⁴
1574 1950 1644 1989 gal-

946 2003 1044 2034 linas’
1061 2012 1141 2035 vm.
1158 2006 1190 2034 2.
1219 2006 1228 2020 ‘
1241 2001 1361 2033 canes'
1376 2009 1458 2032 v111.
1484 2001 1535 2030 14.
1560 1999 1644 2030 item

943 2051 1124 2094 τετράγωνα
1152 2051 1258 2092 ἱμάτια
1286 2052 1376 2092 apud
1399 2050 1594 2091 Appianum
1613 2057 1642 2078 v.

945 2104 1059 2143 ἐμφυλ.
1075 2109 1110 2134 et
1124 2103 1328 2134 Athenaeum
1344 2110 1377 2132 v.
1392 2101 1449 2132 sed
1464 2097 1644 2140 κυριυλογίσι

946 2163 1013 2184 non
1036 2162 1171 2192 semper
1194 2151 1405 2183 attenditur:
1430 2149 1646 2191 quemadmo-

949 2202 1029 2234 dum
1046 2203 1055 2219 ‘
1069 2202 1270 2243 quadratum
1282 2201 1290 2214 ’
1301 2200 1475 2232 nominant
1487 2198 1589 2230 etiam
1607 2197 1648 2227 il-

947 2253 1108 2293 1um,qui‚
1124 2256 1162 2283 ut
1174 2261 1249 2282 cum
1263 2250 1413 2282 Ausonio
1424 2250 1553 2289 loquar,
1568 2247 1648 2278 ‘Vir

951 2303 1058 2334 bonus
1073 2306 1138 2339 est,
1152 2300 1268 2332 mnndi
1284 2301 1391 2331 instar
1405 2299 1540 2337 habens,
1557 2301 1648 2329 teres

952 2358 1054 2394 atque
1071 2351 1234 2383 rotundus
1248 2349 1269 2389 ;'
1285 2350 1372 2390 quod
1391 2350 1494 2380 Plato
1511 2349 1542 2379 in
1560 2348 1647 2379 Pro·

953 2407 1024 2442 tag.
1041 2411 1118 2441 pag.
1133 2403 1207 2431 235.
1223 2399 1266 2430 ad
1286 2398 1492 2430 Simonidem
1515 2396 1645 2429 refert:

954 2451 1002 2483 ὅτι.
1027 2450 1120 2491 ἄνδρα.
1141 2450 1259 2489 ἀγαθὸν
1277 2448 1335 2487 μὲν
1356 2446 1494 2486 ἀληθέως
1508 2445 1650 2486 ’γένεο-θαι

951 2500 1105 2540 χαλεπὸν,
1119 2498 1211 2539 χερσί
1225 2510 1261 2529 τε
1276 2497 1350 2529 ποσί
1359 2509 1396 2528 τε
1410 2497 1460 2528 καὶ
1471 2495 1530 2536 νόῳ
1540 2495 1649 2536 τετρά-

951 2562 1064 2590 γωνον,
1079 2550 1151 2581 ἄνευ
1165 2548 1265 2589 ψόγου
1278 2548 1489 2587 τετυγμένονε
1515 2557 1581 2588 quo
1597 2556 1648 2578 re-

952 2601 1065 2641 spexit
1080 2600 1224 2630 Aristot.
1242 2607 1267 2630 1.
1291 2598 1402 2629 Ethic.
1420 2601 1474 2629 11.
1502 2598 1555 2628 De
1570 2597 1646 2628 Sta-

954 2656 1031 2683 tura
1047 2650 1124 2681 vide
1137 2649 1371 2681 Casaubonum
1387 2656 1446 2678 111.
1460 2647 1502 2678 ad
1518 2647 1613 2678 Suet.

996 2703 1058 2732 127
1083 2699 1136 2730 Sic
1148 2699 1262 2739 animo,
1276 2698 1321 2728 sic
1333 2707 1384 2728 ore
1386 2697 1474 2736 fero,
1484 2696 1648 2736 sicsulmi·

950 2754 1005 2782 nat
1020 2750 1130 2790 armis]
1155 2749 1251 2787 Virg.
1274 2748 1283 2766 ‘
1298 2746 1355 2780 Sic
1378 2747 1507 2788 oculos,
1521 2747 1569 2777 sic
1592 2746 1649 2776 ille

951 2810 1083 2839 manuni,
1095 2800 1143 2831 sic
1158 2808 1216 2830 ora
1228 2796 1364 2829 ferebat
1378 2795 1400 2829 :’
1415 2796 1505 2838 qnod
1520 2805 1562 2827 ex
1575 2795 1646 2827 Ho-

951 2859 1057 2883 mero.
