1889 3194
286 321 370 363 618

289 426 442 465 ὑπερεῖδεν
456 426 662 468 ἀναχώρησιν,
678 429 710 460 ἐς
721 428 753 460 δὲ
766 429 826 467 τὴν
839 428 984 468 Ἤπειρον

288 475 594 517 κατάρας...ε’ντᾶυθα
607 478 721 518 ᾤκησε.

329 527 381 558 Ab
393 528 507 559 Acasto
518 530 674 569 expulsum
686 539 782 567 regno
795 528 905 569 Pelea]
919 529 985 559 Eo-

288 576 366 607 dem
399 586 504 617 regno
531 582 610 608 ante
636 578 819 618 Trojanum
855 577 982 608 bellum

289 625 415 656 Peleus
427 626 592 657 Acastum
608 626 936 666 expuleratJasonis
951 630 986 657 et

289 675 561 716 Tyndaridarum
585 677 721 715 auxilio,
746 681 832 707 teste
855 676 984 707 Phere-

290 724 377 765 cyde
391 725 424 755 in
439 725 579 757 Scholiis
590 726 729 758 Pindari
745 726 786 757 ad
799 727 898 758 Nem.
915 726 985 757 Od.

290 777 323 805 3.
361 774 518 814 Itemque
541 774 751 815 Apollodoro
775 775 867 807 Bibl.
894 778 925 806 3.
951 781 987 806 et

291 823 436 854 Nicolao
450 824 662 856 Damascene
674 825 708 856 in
722 825 902 866 Excerptis
914 825 989 856 Pei-

292 873 466 904 rescianis.

335 924 519 955 Convivium
538 925 617 956 illud
641 927 767 957 deorum
785 924 990 966 appellatum]

292 973 478 1006 Referatur
503 975 568 1006 liuc
596 985 694 1007 coena
713 974 898 1008 δωδεκάθεος
919 976 990 1007 Au-

290 1025 380 1065 gusti
396 1034 439 1055 ex
460 1026 600 1057 Sneton.
619 1029 674 1057 70.

332 1073 498 1114 Sepiadum
509 1075 598 1106 littus
611 1077 689 1117 quod
702 1080 829 1117 propter
842 1086 988 1108 saxorum

289 1124 502 1165 difficultatem
512 1135 621 1157 nomen
632 1126 780 1165 ejusmodi
788 1126 988 1167 quaesiverat]

290 1174 396 1214 Sepia
412 1174 567 1206 nimirum
585 1177 700 1216 piscis,
715 1177 902 1218 κυφόνωτος,
921 1177 942 1215 ἡ
956 1177 989 1209 δὲ

290 1225 409 1262 Σηπιὰς
447 1226 527 1265 ἀκτὴ
571 1229 748 1261 Strabonis
792 1229 990 1262 testimonio

291 1284 344 1307 lx.
381 1276 548 1316 πετρώδης.
592 1279 693 1310 Unde
722 1280 810 1311 ratio
844 1279 988 1311 nominis

291 1331 413 1365 sponte
430 1336 466 1358 se
483 1328 607 1360 obtulit
629 1335 784 1361 naturam
801 1330 851 1361 rei
872 1330 987 1371 potius

293 1385 393 1415 quam
405 1376 590 1409 Poetarum
607 1378 738 1410 fabulas
754 1380 911 1412 sectanti.
931 1379 988 1411 Sic

291 1434 368 1457 aras
391 1426 422 1457 in
447 1437 530 1468 quas
553 1428 670 1460 AEneae
702 1440 806 1461 naves
832 1430 988 1471 impactae

293 1482 371 1508 sunt
383 1476 480 1509 ἵππου
491 1480 572 1509 νῶτα
583 1483 718 1510 vocatas
730 1481 868 1512 Servius
885 1490 926 1511 an
933 1490 987 1512 no-

293 1527 380 1558 tavit
410 1528 452 1558 ad
480 1529 539 1559 illa
562 1529 695 1569 Virgilii
727 1539 754 1560 1.
777 1530 853 1561 AEn.
879 1530 989 1561 ‘Saxa

293 1581 418 1608 vocant
443 1578 522 1609 Itali
546 1578 665 1610 mediis
681 1589 758 1620 quae
774 1579 809 1610 in
827 1578 988 1610 fluctibus

292 1634 360 1657 arae
377 1627 526 1658 Dorsum
542 1628 708 1660 immane.'
750 1629 792 1660 In
810 1628 862 1659 Ed
877 1630 990 1660 Vene—

295 1679 331 1706 ta
356 1676 481 1716 legitur
510 1682 519 1695 ⁴
537 1678 718 1718 Sepianum
749 1679 869 1710 littus!
921 1679 989 1710 Sed

295 1725 424 1756 Noster
444 1725 502 1763 τὴν
524 1726 664 1764 Σηπιάδα
687 1727 787 1765 ἀκτὴν
807 1728 989 1768 Sepiadum

295 1775 391 1806 littus
407 1775 524 1807 eadem
552 1778 690 1808 licentia
715 1779 926 1809 transtulisse
942 1779 990 1809 vi-

297 1824 398 1855 detur
413 1835 480 1866 qua
501 1826 535 1856 in
553 1827 627 1857 aliis
643 1829 749 1858 etiam
766 1828 955 1859 nominibus
972 1837 991 1858 e

297 1873 424 1905 Graeca
452 1875 486 1905 in
523 1876 680 1906 Latinam
719 1877 991 1908 terminationem

298 1924 535 1956 convertendis
553 1936 630 1956 usus
647 1930 712 1964 est,
732 1927 796 1957 nisi
812 1926 886 1966 ipsa
901 1926 990 1958 forte

298 1983 380 2005 saxa
394 1975 513 2016 quibus
529 1975 645 2016 Sepias
661 1982 880 2016 asperatur,a
896 1977 993 2018 Sepi-

297 2033 392 2055 arum
408 2025 628 2057 similitudine
641 2025 803 2067 Sepiades
818 2035 991 2068 nuncupa-

461 333 601 364 NOTAE
637 333 902 366 VARIORUM
938 335 987 364 ΙΝ
1026 335 1215 365 DlC'I'YM
1249 336 1563 368 CRETENSEM.

1038 428 1099 460 vit.
1143 429 1240 461 Sicut
1260 429 1449 461 Echinades
1470 430 1605 462 Insulas
1630 429 1736 471 aliqui

1038 478 1147 509 dictas
1158 478 1372 511 tradiderunt
1382 479 1432 511 διὰ
1445 479 1484 510 τὸ
1497 478 1600 520 τραχὺ
1613 479 1672 510 τοῦ
1684 478 1737 511 τό·

1036 539 1098 558 που
1115 527 1166 559 καὶ
1185 527 1249 560 οἷον
1273 527 1446 561 ἀκανθῶδες
1465 528 1548 561 κατὰ
1572 528 1645 561 τοὺς
1670 529 1738 569 ἐχί-

1037 589 1118 612 νους,
1136 578 1314 609 Eustathio
1333 584 1531 611 recensente
1547 580 1589 611 ad
1607 579 1738 620 Diony·

1037 629 1123 659 sium
1144 629 1374 670 Periegetem.
1418 631 1604 672 Praecipua
1619 635 1736 662 autem

1038 679 1221 710 celebritas
1235 681 1417 721 Sepiadnm
1430 681 1537 713 littori
1549 686 1667 722 postea
1679 681 1738 713 de-

1039 739 1128 759 mum
1145 729 1294 761 Persicae
1312 730 1427 762 classis
1443 730 1620 771 naufragio
1638 735 1740 771 parta

1040 784 1105 818 est,
1134 779 1177 811 de
1209 790 1276 822 quo
1313 781 1480 813 videndus
1511 781 1680 813 Herodot.
1706 781 1740 813 in

1040 830 1197 871 Polymn.
1216 834 1291 863 188.
1307 836 1344 863 et
1364 841 1460 874 seqq.
1478 830 1567 864 Add.
1589 831 1739 864 Pausan.

1042 879 1077 911 in
1093 879 1284 913 Arcadicis.

1087 929 1140 960 1112·
1169 930 1263 961 Pelea
1287 939 1380 961 avum
1406 930 1523 971 reperit
1556 932 1742 963 occultatum

1043 980 1188 1020 spelunca
1201 979 1308 1011 abdita
1322 984 1352 1011 et
1365 979 1537 1020 tenebrosa]
1566 982 1619 1012 Ex
1640 981 1742 1012 Enri-

1045 1031 1135 1071 pidis
1147 1030 1399 1071 Andromacha,
1413 1032 1470 1064 ubi
1484 1032 1602 1063 Thetis
1619 1032 1660 1064 ad
1676 1032 1744 1063 Pe-

1047 1082 1159 1113 leum:
1183 1083 1325 1113 Παλαιᾶς
1351 1080 1494 1124 χοιράδος
1514 1083 1622 1114 κοῖλον
1640 1081 1744 1123 μυχὸν

1042 1130 1195 1168 Σηπιάδος
1206 1130 1242 1171 ἵζ’
1242 1144 1287 1162 ου.

1086 1181 1199 1221 Itaqne
1213 1184 1333 1212 mutata
1343 1185 1426 1213 veste
1436 1181 1566 1213 Iolcium
1579 1181 1745 1223 simulans]

1042 1230 1097 1261 Ita
1123 1229 1283 1271 rescripsi
1310 1239 1354 1261 ex
1376 1231 1459 1271 Arg.
1478 1230 1564 1263 Cod.
1589 1231 1648 1262 ubi
1671 1232 1746 1263 ‘lo-

1041 1278 1174 1319 cicnm,'
1204 1284 1242 1310 et
1270 1278 1326 1310 ed.
1363 1280 1460 1312 Med.
1490 1280 1549 1311 ubi
1577 1280 1746 1314 ‘Jocum.’

1043 1329 1132 1360 Nam
1152 1329 1163 1346 ‘
1178 1329 1320 1360 Locrum
1334 1328 1343 1343 ’
1364 1329 1454 1370 quod
1469 1334 1522 1361 est
1537 1330 1570 1361 in
1587 1330 1746 1371 vulgatis,

1041 1379 1152 1410 locum
1174 1379 1292 1420 utique
1315 1379 1368 1411 hic
1390 1389 1457 1411 non
1473 1380 1591 1421 habet,
1607 1390 1682 1413 cum
1700 1381 1745 1413 ad

1042 1429 1173 1461 Iolcum
1189 1428 1265 1460 haec
1280 1428 1349 1460 sint
1365 1434 1470 1469 gesta.

1085 1479 1160 1519 §10
1184 1478 1346 1519 Nusquam
1370 1482 1496 1519 repente
1521 1479 1745 1521 comparuerit]

1042 1527 1115 1567 Οὐχ
1128 1527 1301 1568 εὑρίσκετο,
1315 1528 1325 1545 ‘
1342 1538 1410 1559 non
1426 1528 1612 1569 apparuit:
1627 1530 1654 1560 si
1669 1538 1745 1570 pro-

1043 1576 1130 1608 fanis
1146 1586 1242 1608 sacra
1255 1578 1411 1616 miscere,
1419 1578 1660 1620 solemnemque
1675 1577 1745 1611 for-

1045 1628 1183 1665 mulam,
1198 1637 1264 1668 qua
1277 1627 1432 1658 Henochi
1446 1627 1487 1658 ad
1501 1627 1611 1659 Deum
1626 1637 1745 1661 exces-

1044 1687 1100 1707 sus
1123 1682 1276 1715 notatur,
1299 1676 1364 1707 huc
1388 1675 1572 1708 transferre
1603 1676 1655 1709 fas
1677 1683 1744 1711 est.

1044 1727 1102 1759 Sic
1134 1727 1230 1757 Serv.
1255 1726 1329 1757 AEn.
1359 1734 1418 1757 111.
1452 1725 1496 1757 de
1524 1726 1746 1768 Scamandro,

1044 1778 1054 1794 ‘
1071 1777 1190 1807 Victor
1204 1776 1235 1806 in
1253 1775 1389 1806 Xantho
1404 1774 1542 1807 flumine
1565 1786 1632 1807 non
1649 1787 1745 1808 com·

1046 1824 1183 1867 paruit!
1197 1825 1330 1856 Gellius
1342 1824 1366 1855 1.
1377 1833 1458 1855 xm.
1468 1827 1478 1842 ‘
1488 1825 1555 1856 Sed
1567 1835 1640 1857 eam
1650 1827 1748 1859 muli·

1045 1886 1138 1907 erem
1167 1879 1249 1906 tunc
1279 1884 1299 1904 a
1326 1874 1509 1914 Tarquinio
1537 1874 1744 1914 degressam,

1043 1930 1161 1966 postea
1176 1933 1341 1964 nusquam
1357 1923 1423 1953 loci
1439 1922 1544 1954 visam
1559 1924 1742 1957 constitit!

1045 1974 1285 2015 Apollodorus,
1300 1972 1344 2002 de
1372 1972 1523 2013 Europa,
1547 1972 1682 2014 ἀφανοῦς
1707 1973 1742 2007 δὲ

1044 2024 1190 2067 Εὐρώπης
1203 2021 1383 2064 γενομένης.
