1889 3194
417 555 953 634 JOSEPHI
1033 511 1465 632 ISCANJ.

568 744 669 794 DE
705 744 940 794 BELLO
977 742 1318 793 TROJANO

782 922 977 964 LIBER
1023 921 1108 963 VI.

768 1263 900 1294 ARGU
913 1261 1149 1293 MEN'rUM.

276 1352 414 1393 Anxia
439 1351 581 1393 Sextus
604 1350 722 1392 habet
743 1349 863 1391 dubio
884 1349 1107 1391 certamina
1133 1347 1290 1395 Illarte,

279 1417 576 1473 Caeduntur-que
597 1417 711 1457 duces
735 1415 947 1471 Sarpedon
971 1415 1295 1471 Deiphobusque,

278 1483 437 1525 Troilus
457 1490 492 1526 et
513 1484 693 1539 sequitur
712 1481 979 1531 Palameden,
1003 1481 1224 1522 Memnona
1244 1482 1437 1531 Achilles,

276 1550 337 1591 Et
359 1551 498 1592 Paris.
565 1549 669 1590 Urbs
687 1549 862 1603 eapitur,
887 1547 1082 1589 Priamus
1101 1563 1169 1589 rex
1190 1549 1367 1589 mittitur
1391 1547 1566 1588 umbras:

277 1617 442 1673 Fletque
466 1616 636 1658 Hecuba
652 1633 666 1662 ;
696 1630 743 1656 ac
765 1614 963 1656 Danaum
983 1615 1155 1656 reditum
1177 1615 1451 1669 complectitur
1470 1613 1588 1654 idem.

220 1742 454 1801 SEGNJOR
476 1757 699 1811 explicitis
720 1756 952 1797 moerentia
973 1756 1096 1809 signa
1116 1757 1305 1798 catervis

218 1825 355 1879 Troja
375 1829 538 1874 movet,
556 1829 707 1865 rorant
726 1823 888 1877 clypei,
910 1823 1144 1875 cristaeque
1175 1828 1407 1876 gravantur

219 1891 446 1939 Luctibus,
466 1894 693 1942 angustum
715 1889 883 1931 crebris
904 1889 1167 1941 singultibus
1189 1902 1340 1931 aurum

220 1957 474 2011 Rumpitur,
496 1970 616 1999 arma
632 1963 808 2006 nocent,
832 1961 926 1998 toto
944 1957 1005 1997 nil
1025 1958 1196 2009 agmine
1218 1958 1385 2006 laetum,

220 2023 361 2064 Dulce
379 2024 487 2064 nihil
507 2038 515 2063 :
548 2024 673 2076 signa
692 2023 794 2076 ipsa
812 2024 958 2064 minus
977 2024 1218 2076 pugnantia
1238 2028 1369 2066 vento
1632 2038 1661 2065 o

220 2088 431 2131 Mentitas
451 2090 608 2131 laxant
627 2090 808 2139 animas,
829 2091 1125 2143 morituraque
1145 2090 1285 2131 tardis

220 2155 420 2197 Flatibus
440 2156 645 2197 inclinant
665 2156 817 2198 faciles
837 2157 1037 2210 languere
1056 2156 1279 2199 dracones.

869 2297 1010 2331 NOTAE

262 2373 279 2401 1
303 2370 436 2409 Segnior
450 2370 616 2411 explicitis,
638 2372 709 2413 εμκ]
753 2371 916 2403 Imitatur
970 2371 1136 2411 Flatibus,
1165 2375 1202 2403 et
1231 2370 1326 2403 vario
1362 2370 1526 2403 mentitur
1561 2371 1661 2404 sibila

218 2419 398 2460 Papinium
420 2420 524 2452 Theb.
555 2429 635 2452 V111.
665 2424 721 2454 21.
766 2421 914 2454 Gemina
968 2426 1083 2453 tractu
1097 2420 1121 2452 :’
1158 2420 1200 2452 ad
1229 2431 1305 2462 quae
1342 2421 1471 2452 Noster
1496 2423 1660 2462 respexit.

218 2468 289 2499 fere
306 2468 424 2500 scribit
439 2469 695 2510 Tryphiodorus
712 2469 809 2502 initio
830 2469 912 2502 ἇλώ-
967 2471 1057 2502 Vide
1082 2470 1125 2502 de
1148 2470 1361 2502 Draconibus
1378 2471 1427 2502 liis
1443 2470 1593 2510 Lipsium
1617 2471 1660 2503 de

218 2530 294 2549 σεως
317 2528 398 2550 suae.
965 2520 1072 2551 Milit.
1086 2521 1182 2552 Rom.
1197 2529 1246 2552 lv.
1261 2520 1351 2552 Dial.
1366 2523 1397 2551 5.
1433 2518 1600 2551 Alexand.
1617 2521 1660 2552 ab

260 2571 279 2598 7
304 2569 427 2599 Faciles
457 2570 604 2608 languere
636 2567 797 2609 dracones]
825 2569 912 2600 Dra·
966 2570 1068 2603 Alex.
1096 2580 1146 2603 1v.
1173 2574 1206 2602 2.
1253 2570 1429 2602 Heinsium
1449 2570 1492 2601 ad
1517 2579 1557 2601 ιι.
1573 2571 1661 2609 Silii,

218 2628 320 2649 eones
342 2618 482 2649 fuerunt
510 2619 600 2649 inter
621 2618 720 2657 signa
742 2618 912 2651 militaria.
966 2620 1126 2652 Beroald.
1139 2620 1181 2651 ad
1196 2621 1290 2652 Suet.
1303 2630 1362 2661 pp.
1382 2622 1453 2650 105.
1466 2622 1540 2650 109.
1574 2620 1659 2651 Inde

220 2667 425 2698 Claudianus
452 2666 494 2698 de
521 2675 579 2698 111.
617 2667 720 2698 Cous.
745 2667 910 2698 Houorii:
966 2668 1118 2709 signiferi
1141 2669 1341 2701 Draconarii
1365 2667 1542 2699 Ammiano
1565 2669 1659 2700 Mar-

219 2717 227 2731 ‘
243 2717 288 2746 Hi
305 2717 456 2747 volucres
479 2717 602 2748 tollunt
623 2716 762 2758 aquilaS,
775 2717 807 2748 hi
820 2718 914 2758 picta
966 2719 1088 2750 cellino
1102 2718 1186 2749 dicti
1205 2726 1266 2750 xx.
1291 2717 1378 2748 Vide
1395 2717 1658 2758 descriptionem

219 2765 400 2795 draconum
435 2766 532 2796 Colla
565 2766 691 2801 levant,
718 2766 912 2807 multusque
967 2768 1045 2799 talis
1059 2767 1276 2807 vexilliapud
1289 2766 1536 2797 Nazianzeuum
1548 2774 1658 2805 στηλι-

221 2818 327 2844 tuniet
345 2823 405 2853 per
429 2815 541 2846 nubila
567 2824 706 2855 serpens
722 2815 836 2846 Iratus
854 2815 913 2846 sti·
965 2818 1107 2856 τευτικῷ,
1123 2825 1146 2848 1.
1162 2826 1195 2857 p.
1211 2819 1264 2847 ⁷5.
1293 2815 1448 2847 Julianus
1465 2816 1554 2848 enim
1570 2818 1657 2848 Dra-

220 2863 370 2894 mulantc
405 2864 522 2895 Noto:
569 2865 719 2906 vivitque
764 2865 911 2906 receptis
966 2876 1087 2898 conum
1106 2866 1174 2898 ista
1197 2865 1294 2906 sigua
1321 2870 1511 2906 revocarat,
1535 2868 1656 2899 vexillo
