1889 3194
427 327 577 360 PAULI
612 325 867 358 VlNDINGIl
903 324 1044 355 NOTAE
1077 323 1129 354 IN
1166 322 1260 354 [ΑΒ.
1293 320 1369 351 111.

225 425 242 464 ξ
258 425 278 454 2
296 422 436 464 Reliquae
451 422 509 454 tali
522 421 663 463 obtentu]
687 421 772 461 Leg.
784 420 793 438 ‘
809 419 875 451 alio

182 472 353 505 obtentu.’

224 523 333 554 Etiam
347 522 485 555 Hecubae
501 522 585 564 filiae
606 521 762 561 innuplae]
792 521 876 551 Bar-

178 573 269 604 thius
284 573 395 604 locum
411 572 510 612 plane
525 574 648 611 mutat,
664 571 877 611 Polyxenam

179 621 349 662 dignitate
386 621 567 653 sacerdotii
605 621 764 661 privans:
804 620 878 651 scil.

179 671 342 702 ‘antistes
352 670 362 685 '
377 680 438 711 pro
450 676 460 690 ‘
473 669 670 710 antistites,'
684 670 694 688 ‘
708 668 879 701 redimita’

179 729 244 761 pro
278 721 288 738 ‘
303 718 497 758 redimitae‚'
534 720 544 738 ‘
560 718 787 760 precabatur’
817 728 879 760 pro

179 769 190 787 ‘
203 768 465 809 precabantur:'
489 769 528 800 it.
551 769 561 786 ‘
575 769 741 800 Minervae
754 769 828 800 haec
843 773 880 800 et

180 818 348 860 Apollinis
365 818 533 850 antistes.’
573 820 647 859 Ego
662 819 743 850 nihil
761 819 879 850 immu-

181 867 322 900 tandum
360 877 498 900 censeo.
556 868 677 900 Ambae
708 869 879 900 antistites

180 922 299 950 erant:
325 917 516 949 Cassandra
537 917 672 959 quidem
699 918 880 957 Minervae,

180 966 360 1008 Polyxena
376 966 565 1007 Apollinis:
589 977 666 999 cum
691 977 768 999 vero
784 978 880 998 sacra

180 1016 235 1048 hic
263 1015 358 1048 facta
380 1020 460 1048 sunt
486 1016 691 1057 Thymbraeo
718 1017 881 1058 Apollini,

179 1065 359 1106 Polyxena
375 1070 413 1097 ut
431 1067 549 1108 templi
573 1067 715 1098 antistes
735 1077 880 1108 appara-

180 1119 252 1147 tum
263 1115 474 1156 Cassandrae,
486 1126 562 1158 quae
572 1117 626 1148 hic
638 1117 786 1158 Hospita
802 1117 880 1157 fuit,

182 1165 364 1205 suggessit,
386 1165 477 1196 unde
495 1166 635 1203 Noster,
657 1166 880 1206 ‘suggerente

181 1214 247 1245 sibi
257 1214 266 1228 ’
281 1213 362 1256 (hoc
374 1219 426 1246 est
438 1215 484 1255 ei,
496 1215 714 1258 Cassandrae)
730 1216 739 1233 ‘
755 1216 880 1257 Polyx-

180 1272 245 1294 ena
259 1268 460 1304 apparatum
478 1265 566 1296 sacri
581 1265 681 1305 ejus.'

223 1312 433 1354 Suggerente]
451 1314 553 1345 Ultro
573 1313 752 1346 offerente.
789 1314 882 1345 Flor.

181 1371 221 1394 ιι.
238 1366 269 1395 8.
293 1364 304 1381 ⁴
319 1364 419 1395 Ultro
435 1374 471 1396 se
489 1365 749 1405 suggerentibus
772 1366 882 1397 causis

182 1412 359 1453 imperium
376 1413 604 1453 procederet:

225 1463 378 1504 Mandat]
391 1463 498 1496 Jubet
508 1463 634 1495 Achilli
646 1464 883 1498 nuntiandum.

182 1511 239 1544 Ita
263 1512 396 1544 locutus
417 1512 576 1545 ,Iustinus
603 1522 708 1546 xxiv.
730 1517 763 1546 2.
786 1514 881 1545 ‘Ita-

181 1571 248 1603 que
273 1572 339 1593 non
362 1562 520 1595 credenti
553 1564 691 1595 mandat
720 1564 809 1596 velle
844 1573 881 1595 se

183 1621 260 1643 cum
275 1612 354 1644 filiis
376 1613 446 1654 ejus
464 1614 558 1653 regni
573 1615 780 1646 consortium
801 1614 882 1654 jun-

184 1663 290 1702 gere!
333 1665 378 1696 Et
404 1665 453 1696 sic
474 1665 607 1697 Gallice
626 1666 727 1697 hodie
743 1666 881 1705 dieitur,

180 1713 190 1729 ‘
205 1713 371 1747 Mander.'

178 1764 284 1795 velles.

226 1815 244 1855 ξ
259 1817 278 1845 3
307 1814 386 1849 Quoe
399 1823 450 1846 res
465 1824 500 1846 eo
521 1814 736 1858 haberefidem
755 1815 879 1848 videba-

185 1863 254 1904 tur]
274 1864 358 1904 Leg.
373 1863 385 1880 ‘
397 1863 499 1896 ideo-³

225 1914 244 1954 ᾧ
259 1915 281 1944 4
295 1913 446 1945 Ascensis
463 1913 604 1945 curribus
625 1914 736 1946 bellum
753 1914 879 1955 ineunt]

182 1963 238 1995 De
254 1972 412 1994 curruum
427 1972 489 1994 usu
510 1962 544 1994 in
557 1964 685 2003 proeliis
704 1965 772 2004 leg.
795 1965 881 1996 Cur-

183 2013 267 2044 tium
282 2022 341 2045 111.
365 2016 418 2046 11.
438 2018 475 2045 et
492 2013 659 2046 Scheffer.
675 2015 718 2046 de
734 2025 769 2047 re
787 2015 878 2047 vehi-

184 2063 252 2095 cul.
270 2067 436 2095 veterum.

228 2112 351 2144 Hector
363 2112 442 2144 situs
455 2113 490 2144 in
502 2116 591 2153 parte
601 2112 680 2154 alia]
695 2113 882 2145 Consimili-

184 2166 238 2194 ter
255 2172 307 2194 ιν.
322 2165 377 2194 20.
413 2163 423 2180 ‘
436 2163 542 2194 Multi
566 2172 694 2202 eorum,
710 2163 766 2204 qui
783 2163 883 2204 primi

184 2216 379 2253 evaserant,
396 2221 499 2252 super
511 2221 624 2243 muros
636 2211 718 2243 siti!

228 2261 356 2302 Reliqui
366 2263 456 2292 duces
470 2261 662 2302 confirmati]
684 2263 766 2302 Leg.
781 2261 792 2279 ‘
803 2272 883 2294 con·

183 2310 350 2343 firmatis?
374 2311 424 2342 Ut
440 2311 529 2351 apud
547 2320 623 2341 suos
640 2311 774 2342 Hector
791 2312 883 2343 labo-

143 2369 147 2374 ’
184 2360 341 2392 rantibus
371 2360 497 2391 auxilio
526 2359 655 2400 fuerat,
691 2361 741 2392 ita
767 2362 883 2393 Graeci

185 2420 279 2450 suos,
295 2410 353 2442 ubi
368 2419 454 2450 opus
467 2413 553 2448 erat,
569 2410 829 2452 confirmant‚et
850 2413 884 2444 in

186 2461 328 2492 alteram
342 2464 478 2501 partem
490 2461 662 2492 exercitus
677 2463 885 2503 transgredi·

187 2514 304 2541 untur.

229 2560 247 2600 ς
263 2563 283 2591 5
299 2557 404 2598 Alios]
419 2558 505 2599 Leg.
522 2557 695 2600 ‘aliosque
719 2560 803 2593 satis
823 2561 883 2594 im-

185 2609 285 2649 pigre
300 2612 494 2650 pugnantes
510 2608 692 2641 vulnerat.'

229 2658 278 2689 At
305 2659 359 2690 ubi
382 2668 452 2690 eum
477 2658 616 2689 Achilles
637 2659 684 2691 ita
709 2660 744 2691 in
767 2661 885 2693 hostem

183 2712 361 2750 promptum
383 2709 621 2749 animadvertit]
648 2710 731 2750 Leg.
750 2711 807 2742 ‘in
824 2713 883 2744 hos

187 2763 358 2800 promtum
370 2757 391 2797 3‘
414 2768 461 2790 sc.
488 2758 643 2799 morem,
658 2759 885 2803 Polyxenam,

187 2812 223 2839 et
238 2817 373 2839 suorum
389 2808 485 2848 alios,
499 2811 619 2840 contra
633 2818 715 2850 quos
732 2810 885 2844 irruebat

191 2857 336 2889 Hector.

420 1714 502 1746 Vous
523 1725 572 1747 me
592 1717 720 1748 mandez
740 1717 793 1747 des
807 1726 880 1747 nou-

1541 307 1627 350 629

967 419 996 450 A
1013 428 1070 458 quo
1089 417 1249 448 Olizonem
1260 412 1416 455 genitam]
1433 411 1484 444 Ut
1499 420 1552 443 ιν.
1568 414 1622 445 22.

924 469 1032 501 fusius
1058 472 1188 499 narrat.
1229 465 1372 498 Olizona
1400 462 1528 504 quippe
1553 461 1625 492 filia

926 519 1059 557 Phinei,
1070 517 1182 558 neptis
1196 515 1374 556 Agenoris,
1385 511 1535 543 Dardani
1548 520 1626 542 con-

919 570 997 609 jux,
1024 566 1215 599 Erichtonii
1245 569 1354 596 mater
1377 563 1469 595 fuit:
1507 562 1624 593 nescio

927 618 1016 649 unde
1051 627 1147 648 suam
1184 615 1342 647 Amalixo
1389 612 1494 644 habet
1532 612 1627 642 Faes-

927 667 1019 700 chius
1044 667 1087 698 de
1109 675 1245 698 nummo
1268 663 1487 706 Pylaemenis,
1521 671 1623 702 quam

928 716 1095 757 Agenoris
1120 715 1237 756 filiam,
1260 712 1416 746 Dardani
1441 711 1621 752 conjugem

928 766 1023 799 facit.

970 817 988 857 ξ
1004 819 1024 847 6
1045 815 1175 848 Vulneri
1190 815 1287 846 locum
1301 812 1354 845 ubi
1367 815 1478 844 nactus
1493 810 1556 850 est]
1586 819 1627 841 ιι.

927 870 981 898 40.
1004 868 1013 884 ‘
1028 868 1135 897 Ratns
1165 866 1276 896 locum
1305 862 1436 894 vulneri
1467 862 1625 892 inventu-

927 926 1000 947 rum
1014 916 1035 955 ;’
1053 917 1114 947 hoc
1130 921 1196 956 est,
1211 914 1425 947 occasionem
1442 913 1618 943 vulneran-

929 966 964 997 di
981 967 1124 997 hostem.

971 1018 1023 1056 §7
1051 1016 1180 1054 Colligit
1197 1024 1260 1045 sese
1282 1014 1315 1044 in
1336 1011 1438 1052 arma]
1470 1011 1568 1051 Virg.
1588 1020 1625 1042 x.

929 1067 1004 1098 AEn.
1026 1067 1036 1085 ‘
1052 1067 1116 1098 Sed
1132 1066 1228 1097 bellis
1245 1073 1324 1096 acer
1337 1064 1486 1095 Halesus
1500 1061 1628 1093 Tendit

928 1116 963 1147 in
994 1116 1170 1155 adversos,
1206 1123 1309 1156 seque
1343 1114 1378 1144 in
1408 1122 1468 1144 sua
1498 1111 1628 1153 colligit

930 1169 1048 1198 arma.’

974 1219 1027 1258 §8
1051 1217 1103 1248 Ita
1125 1215 1293 1256 praesentia
1306 1214 1372 1254 ejus
1394 1213 1490 1245 animi
1514 1214 1627 1244 tollun-

930 1267 999 1306 tur]
1030 1268 1178 1299 Multum
1208 1266 1297 1297 enim
1325 1265 1415 1296 valet
1442 1264 1628 1305 praesentia

930 1317 1047 1349 Turni.

974 1367 1051 1399 Diei
1069 1376 1177 1406 vesper
1191 1365 1274 1406 erat]
1301 1364 1444 1396 Sallust.
1466 1363 1489 1396 J
1494 1362 1629 1403 ugurth.

932 1420 986 1449 52.
1009 1419 1019 1436 ‘
1036 1418 1162 1457 Etjam
1177 1416 1245 1447 diei
1264 1423 1387 1454 vesper
1404 1413 1502 1445 erat.’

973 1469 991 1508 ξ
1015 1470 1054 1498 10
1082 1466 1173 1498 Alter
1199 1464 1410 1496 Echinadibus
1438 1462 1628 1505 Imperator]

931 1518 1016 1557 Leg.
1033 1514 1287 1547 ‘Echinadum.'

973 1566 1180 1598 [reclinatione
1194 1564 1313 1604 rerum]
1358 1563 1517 1595 Bai-thius
1533 1562 1629 1603 legit,

929 1617 939 1634 ‘
958 1616 1198 1656 Indignatione
1215 1613 1350 1644 rerum?

974 1667 1147 1697 Fortunam
1179 1664 1251 1695 belli
1290 1664 1414 1694 vincere
1442 1662 1630 1703 aggressus]

930 1719 1045 1749 Lucan
1062 1717 1184 1748 Phars.
1207 1724 1259 1747 ιν.
1280 1715 1290 1732 ‘
1307 1715 1386 1746 Nou
1410 1713 1530 1745 eadem
1550 1713 1632 1745 belli

929 1772 1037 1800 totum
1050 1766 1189 1798 fortuna
1202 1774 1263 1806 per
1273 1765 1391 1796 orbem
1403 1763 1595 1796 Constitit.'

973 1817 1144 1849 Insolentia
1164 1815 1274 1854 gentis
1294 1815 1375 1856 suoe]
1403 1814 1566 1845 Bai-thius
1595 1813 1629 1844 in

928 1867 1113 1899 Adversar.
1131 1866 1241 1897 eradit
1255 1874 1454 1906 pronomen,
1469 1874 1552 1896 suae.

971 1919 1037 1959 §ll
1055 1916 1149 1948 Omni
1160 1914 1327 1956 supplicio]
1346 1916 1430 1956 Leg.
1445 1915 1456 1933 ‘
1469 1914 1630 1957 omnique

929 1966 1121 2007 supplicio-¹

973 2019 1142 2058 Nunquam
1170 2020 1272 2049 aulem
1293 2027 1313 2049 ιι
1337 2017 1460 2048 Groecis
1488 2017 1631 2057 solitum]

930 2069 1034 2100 Forte
1050 2070 1059 2085 ‘
1072 2066 1272 2107 cognitum!

973 2118 1089 2148 Multis
1102 2116 1200 2147 mollis
1215 2115 1379 2156 impressa]
1413 2115 1483 2147 Alii
1498 2115 1632 2156 legunt,

930 2167 940 2185 ‘
949 2167 1091 2198 occultis
1104 2167 1137 2197 in
1146 2165 1253 2202 locis,’
1265 2170 1302 2196 ut
1310 2165 1512 2205 respiciatur
1522 2165 1563 2196 ad
1575 2175 1633 2196 an-

930 2217 1141 2255 tecedentia,
1154 2217 1163 2233 ‘
1177 2215 1368 2246 recordatio
1381 2215 1556 2246 vulnerum
1569 2225 1634 2257 per

929 2267 1004 2298 loca
1020 2266 1169 2306 corporis
1186 2264 1410 2305 pudibunda)

974 2318 992 2357 ξ
1010 2319 1048 2347 13
1067 2317 1173 2355 Neque
1188 2317 1284 2347 mullo
1297 2318 1368 2356 post
1392 2324 1433 2346 ex
1446 2314 1525 2355 alio]
1548 2315 1631 2356 Leg.

931 2365 941 2383 ‘
956 2366 1041 2398 alia'
1058 2376 1104 2397 sc.
1121 2369 1234 2406 parte.

974 2417 992 2456 ς
1006 2419 1046 2448 14
1060 2416 1151 2456 Isque
1158 2415 1229 2445 vino
1238 2412 1536 2454 sopitajamsarz'lla
1547 2413 1633 2445 relli-

930 2468 1020 2507 quius
1035 2466 1069 2497 z‘n
1084 2474 1194 2496 urnam
1209 2464 1389 2504 collegerat]
1410 2464 1487 2495 Mos
1504 2464 1631 2505 quippe

932 2517 1132 2548 Graecorum
1157 2513 1236 2554 fuit,
1257 2513 1390 2544 cineres
1413 2513 1492 2544 vino
1511 2518 1547 2545 et
1571 2524 1632 2544 un-

933 2570 1061 2606 guento
1077 2566 1285 2605 inspergere,
1301 2563 1372 2603 οἴνῳ
1393 2563 1425 2595 ἐν
1445 2563 1568 2605 ἀκρήτῳ
1580 2563 1631 2595 καὶ

932 2615 1090 2656 ἇλείφατι,
1104 2619 1144 2646 ut
1159 2614 1205 2644 ait
1221 2613 1321 2644 Hom.
1335 2613 1405 2644 Od.‘
1419 2615 1473 2644 24.

976 2668 994 2708 ς
1012 2669 1049 2697 15
1079 2667 1123 2696 Et
1152 2663 1188 2694 ob
1217 2663 1252 2694 id
1281 2664 1322 2694 ad
1342 2661 1518 2704 finitimos]
1548 2663 1632 2704 Leg.

933 2717 944 2735 ‘
955 2717 1043 2757 apud
1062 2712 1246 2746 finitimos!

976 2768 1046 2808 §16
1062 2767 1116 2804 Εῳ
1129 2763 1262 2804 incerto]
1279 2761 1364 2794 Haec
1380 2771 1424 2794 ex
1440 2761 1562 2804 glossis
1585 2762 1628 2794 ir-

933 2816 1076 2856 repsisse
1090 2814 1257 2845 videntur.

977 2866 1145 2906 Nunquam
1160 2867 1262 2895 tamen
1279 2861 1362 2892 vires
1380 2860 1508 2894 consilio
1523 2871 1628 2903 super·
