1889 3194
601 319 665 348 DE
698 317 857 349 BELLO
888 316 1114 348 TROJANO
1148 317 1244 348 LlB.
1276 317 1341 347 v1.

1604 306 1689 349 537

240 412 478 454 Contentus
499 411 712 453 cecidisse
733 412 888 462 virum,
906 412 1065 465 premit
1085 412 1262 464 agmina
1281 411 1426 453 victor

239 478 398 519 Cetera
418 477 684 528 Priamides,
705 484 748 519 et
769 482 889 520 terna
909 478 1149 532 tricuspide
1171 479 1301 520 clava

239 545 411 585 Funera
430 546 684 588 continuat:
714 545 858 587 fossos
880 545 1015 599 gemit
1035 544 1204 586 Astilus
1227 558 1390 595 armos,

1601 545 1687 586 265

238 612 401 653 Pectus
422 612 532 666 Itys,
551 625 826 666 vacuamque
847 614 1052 654 excussis
1074 613 1209 654 ilibus
1232 613 1382 654 alvum

235 678 530 733 Antiphates:
562 680 640 721 sed
661 693 784 722 saeva
797 681 914 729 licet,
931 683 1074 721 tamen
1093 679 1269 733 inguine
1287 692 1513 734 nunquam

237 746 426 787 Inferius
445 750 645 800 grassata
664 760 832 798 manus,
853 747 1144 800 tumidusque
1164 747 1364 801 superbit

236 813 492 866 Poplitibus
513 815 645 855 caesis
666 814 874 855 humilem
893 814 1105 856 infamare
1127 813 1411 867 triumphum.

291 880 320 921 J
324 893 395 921 am
412 881 550 933 magis
570 880 792 922 ardentem
812 884 966 922 tenues
986 893 1241 922 consumere
1263 893 1431 934 pugnas

1602 880 1687 922 270

235 946 288 988 In
311 947 526 1000 populum
549 947 698 997 taedet,
717 947 890 1000 vulgari
911 947 1000 989 tela
1020 959 1170 988 cruore

235 1014 483 1056 Immensus
501 1016 665 1057 violare
682 1015 839 1068 pudor,
858 1028 939 1056 nec
958 1028 1150 1069 paupere
1171 1013 1345 1055 fraudat

235 1081 417 1122 Plebem
439 1082 598 1131 anima,
618 1081 724 1122 furit
738 1081 785 1121 in
798 1081 978 1134 Jugulos
997 1093 1233 1134 regumque
1258 1080 1513 1134 ducumque

233 1146 408 1198 Acrior,
425 1152 468 1189 et
489 1161 578 1201 qua
597 1148 721 1189 acies
741 1148 879 1201 stipat
899 1151 1115 1200 gemmata
1135 1147 1358 1196 cohortes,

233 1213 381 1265 Irruit‚
402 1213 674 1268 Atridasque
695 1215 866 1265 ambos,
886 1214 966 1255 sed
989 1214 1164 1268 dispare
1182 1215 1282 1265 telo,

1599 1215 1685 1255 275

234 1281 431 1330 Sauciat,
451 1281 565 1322 hunc
579 1281 760 1334 jaculis,
780 1280 905 1321 illum
928 1281 1066 1322 sude:
1093 1281 1246 1322 tertius
1266 1294 1417 1322 ensem

231 1346 502 1389 Vulnificum
523 1359 687 1401 passus
709 1347 880 1401 plangit
900 1346 1143 1401 Calydonis
1165 1348 1387 1389 alumnus.

234 1413 338 1456 Hos
359 1427 533 1468 quoque
552 1414 757 1464 fudisset,
780 1414 846 1454 sic
867 1426 1090 1467 nunquam
1112 1413 1275 1454 debilis
1297 1414 1380 1462 ira,

234 1481 310 1522 Sic
327 1494 522 1534 praesens
543 1492 715 1534 semper
733 1480 895 1521 virtus:
928 1484 976 1521 at
996 1481 1124 1521 turba
1145 1480 1369 1534 profundo

231 1548 473 1602 Interjecta
493 1560 669 1601 gravem
687 1546 916 1588 frustratur
935 1548 1112 1588 vulnere
1132 1546 1352 1589 dextram.

1599 1549 1683 1591 280

887 1688 1030 1721 NOTAE

230 1764 349 1796 addit:
374 1773 434 1795 sua
453 1773 587 1806 quoque
613 1767 728 1803 aetate,
751 1764 820 1795 tale
845 1763 928 1805 qnid

228 1814 422 1846 factitatum
447 1814 491 1846 ab
514 1815 563 1851 iis,
587 1814 644 1856 qui
670 1814 808 1846 dorsum
833 1813 927 1845 incli-

227 1868 362 1904 nantes,
385 1866 622 1896 conscensuris
647 1864 681 1895 in
707 1874 812 1905 equos
829 1868 930 1896 erant

229 1923 292 1954 pro
319 1914 529 1956 stapedibus,
552 1924 635 1956 quos
663 1920 798 1946 vocant.
845 1915 929 1945 Erat

230 1969 345 1995 tamen
366 1965 440 2005 jam
470 1969 549 1996 ante
573 1965 743 1996 Eustatliii
767 1965 928 1996 saeculum

228 2023 306 2046 usus
343 2024 460 2047 eorum
496 2015 778 2046 adminiculorum
815 2019 929 2054 notus,

229 2065 350 2106 quibus
376 2065 474 2097 hodie
501 2066 650 2097 utimur:
681 2064 813 2097 faciunt
839 2063 928 2096 enim

228 2115 361 2146 illorum
377 2115 583 2147 mentionem
599 2115 821 2156 antiquissimi
840 2114 928 2145 Rab-

228 2166 396 2204 binorum,
418 2169 456 2196 ut
472 2170 507 2196 et
521 2164 601 2196 alibi
616 2163 799 2196 docemus!
839 2163 929 2195 Haec

228 2215 296 2246 ille.
340 2213 451 2246 Poeta
467 2219 582 2245 noster
602 2214 612 2231 ‘
625 2213 802 2246 scansilia'
823 2214 929 2245 nomi·

229 2265 325 2296 navit
340 2264 396 2295 οὐκ
411 2263 566 2303 ἀστόχως,
586 2268 625 2294 ut
642 2264 780 2294 Lucret.
798 2272 831 2295 v.
850 2263 860 2280 ‘
873 2263 927 2294 In-

228 2314 325 2352 sitia:
342 2315 376 2345 in
390 2314 536 2345 textoria
548 2323 585 2344 re
600 2324 607 2344 :
626 2313 672 2344 ita
687 2313 832 2352 Plinius,
848 2316 857 2331 ‘
869 2322 928 2343 an-

227 2373 289 2395 nus
304 2362 479 2403 scaneins:
493 2361 708 2401 κλιμακτικός.
732 2362 928 2394 Ammianus

227 2413 451 2445 Marcellinus
464 2422 540 2444 xvi.
551 2417 559 2430 ‘
571 2413 679 2444 elatos
693 2413 817 2444 vertice
830 2423 927 2444 scan-

227 2464 280 2495 sili
297 2463 501 2504 suggestus,'
518 2463 560 2494 de
574 2472 670 2494 coma
687 2462 846 2504 loquitur.
879 2464 929 2495 Ut

229 2514 344 2545 Latini
368 2515 377 2531 ‘
391 2512 539 2552 nexilis,'
562 2513 571 2529 ‘
583 2511 774 2551 structilis:
791 2517 800 2530 ‘
814 2512 927 2543 tincti-

227 2563 292 2604 lis,’
315 2568 323 2581 ‘
338 2561 488 2603 textilis‚'
515 2566 523 2580 ‘
538 2561 686 2601 taetilis:
710 2561 720 2577 ‘
735 2561 927 2602 insensilis,'

227 2618 236 2632 ‘
255 2612 407 2653 sessilis‚’
444 2617 454 2631 ‘
470 2611 642 2653 deletilis,’
670 2615 680 2630 ‘
701 2611 927 2652 adapertilis,’

227 2675 302 2707 quae
326 2664 416 2706 apud
431 2664 627 2696 Lucretium
641 2667 677 2695 et
693 2663 855 2695 Ovidium
874 2673 926 2694 re-

226 2715 353 2756 perias.
398 2715 563 2746 Perottus
594 2712 636 2744 ad
673 2713 845 2745 Martialis
871 2715 924 2744 66.

227 2766 328 2807 Epig.
343 2764 516 2805 ‘scansile‚
531 2773 593 2805 per
608 2763 699 2805 quod
713 2763 850 2795 ascendi
867 2772 926 2804 po-

227 2815 318 2848 test!

269 2869 331 2898 264
359 2866 460 2898 Tema
485 2865 656 2907 tricuspide
681 2862 783 2904 clava]
819 2862 922 2895 Ovid.

983 1764 993 1782 ‘
1007 1764 1186 1806 positoque
1203 1764 1393 1806 tricuspide
1409 1763 1504 1797 telo-⁹

1024 1819 1088 1848 267
1106 1816 1220 1848 Tamen
1234 1816 1363 1855 inguine
1377 1825 1533 1856 nunquam
1546 1814 1685 1853 Inferius

981 1870 1128 1907 grassata
1142 1866 1265 1907 manus]
1281 1866 1449 1907 Respexit
1465 1865 1507 1897 ad
1524 1866 1592 1904 illa,
1609 1875 1684 1906 quae

985 1918 1132 1958 Dictys:
1150 1918 1160 1935 ‘
1175 1917 1251 1948 Nec
1267 1916 1422 1948 Patrocli
1443 1919 1575 1948 tantum
1595 1924 1684 1947 mors

983 1967 1146 2007 gemitum
1163 1967 1256 1998 illum
1269 1966 1399 1997 cunctis
1412 1965 1613 2005 incusserat,
1624 1965 1683 1996 sed

983 2018 1158 2058 praecipue
1190 2017 1382 2049 recordatio
1413 2018 1586 2048 vulnerum
1622 2025 1684 2056 per

981 2068 1055 2099 loca
1068 2068 1221 2109 corporis
1238 2066 1448 2108 pudibunda,
1463 2067 1552 2107 quod
1569 2075 1684 2097 exem-

983 2117 1075 2157 plum
1089 2117 1267 2158 pessimum
1279 2125 1341 2157 per
1353 2116 1512 2147 mortales
1524 2120 1604 2146 tunc
1615 2116 1684 2156 pri-

983 2176 1072 2198 mum
1100 2167 1271 2207 proditum
1296 2170 1361 2204 est,
1384 2175 1556 2207 nunquam
1582 2170 1685 2197 antea

982 2217 1118 2249 Graecis
1133 2215 1292 2248 solitum)
1329 2215 1474 2247 Ovidius
1491 2215 1524 2247 id
1541 2224 1607 2247 non
1623 2215 1683 2246 ob-

982 2270 1098 2297 servat
1115 2275 1150 2297 v.
1167 2270 1201 2297 et
1217 2274 1286 2297 xn.
1299 2264 1442 2297 Metam.
1473 2265 1592 2306 Neque
1603 2265 1682 2295 Vir-

982 2315 1096 2357 gilius.

1023 2366 1086 2396 272
1110 2364 1279 2395 Immensus
1293 2363 1409 2394 violare
1420 2362 1535 2404 pudor]
1560 2363 1615 2395 Sic
1631 2363 1682 2395 in-

982 2413 1052 2445 fra:
1073 2415 1082 2432 ‘
1097 2414 1275 2445 Immensae
1292 2412 1422 2453 pariter
1437 2422 1681 2455 nemorumque

981 2464 1158 2504 virumque
1176 2461 1306 2493 ruinae.'
1350 2467 1358 2480 ‘
1373 2462 1460 2493 Pars
1474 2463 1602 2504 clypeis
1619 2463 1680 2494 im-

980 2523 1096 2544 mensa
1113 2512 1233 2552 sedet,’
1248 2521 1308 2552 pro
1324 2512 1520 2544 innumera:
1546 2513 1680 2553 συνεχὲς

977 2563 1087 2600 ποσὸν,
1113 2563 1181 2594 ἀντὶ
1201 2563 1257 2593 τοῦ
1278 2560 1485 2602 διωρισμένου.
1530 2562 1588 2594 Ita
1611 2565 1680 2595 Lu-

979 2618 1065 2645 cret.
1087 2622 1127 2644 11.
1152 2613 1161 2630 ‘
1176 2613 1221 2644 Et
1247 2612 1343 2653 quasi
1366 2611 1550 2652 longinquo
1572 2611 1679 2645 fluere

978 2663 1091 2693 onmia
1113 2662 1281 2693 cernimus
1298 2660 1397 2696 aevo‚’
1424 2671 1485 2701 pro
1504 2660 1677 2696 diuturno.

978 2713 1120 2744 Terent.
1135 2716 1143 2730 ‘
1153 2710 1444 2750 sexcentatanta‚'
1452 2721 1513 2752 pro
1522 2716 1583 2744 tot.
1597 2712 1680 2745 ‘Cu-

980 2772 1092 2793 rarum
1121 2761 1256 2802 peperit
1281 2760 1384 2791 millia
1411 2765 1537 2801 quanta
1564 2761 1642 2793 mihi
1658 2762 1680 2793 !’

979 2812 1143 2853 Propert.
1190 2810 1279 2843 Vide
1307 2811 1407 2851 plura
1430 2810 1520 2851 apud
1548 2812 1678 2845 Ritter-

980 2862 1068 2894 shus.
1084 2862 1126 2893 ad
1144 2861 1357 2894 Guntliernm
1374 2869 1425 2893 ιν.
1441 2863 1514 2893 373.
