1889 3194
287 333 371 373 500
807 341 1010 373 JosEpHi
1044 340 1208 372 iscANi

287 438 346 478 Et
366 437 556 491 Superos
578 437 714 486 ultus,
734 436 894 490 paucis
914 436 958 476 in
976 435 1094 477 bella
1115 448 1217 477 secu
1228 437 1285 477 tis

283 504 501 553 Accessit,
522 504 642 554 vicit,
662 504 785 545 rediit
802 517 812 545 :
843 504 1004 544 bellum
1026 503 1219 544 Hercule
1237 503 1355 545 nullo
1668 505 1726 547 75

285 571 421 612 Nunc
444 571 538 620 erit,
557 577 600 611 et
619 570 786 610 nullum
809 570 950 611 sensit
970 570 1088 623 prior
1104 569 1246 611 hostis
1266 570 1503 612 Achillem.

286 637 422 687 Quod
444 637 482 678 si
503 636 684 690 gentiles
707 637 880 677 animos
901 649 1167 690 cognoscere
1191 643 1374 688 certum,

284 704 606 757 Certantesque
629 715 778 753 ausuS,
803 703 1004 756 dignetur
1024 717 1151 745 nemo
1171 706 1376 758 priorem,

283 770 479 812 Erubeat
499 770 583 811 sibi
604 770 791 824 quisque
812 782 988 824 parem:
1017 784 1166 825 quare,
1183 772 1348 826 inclyta
1367 772 1523 826 pubes,

281 837 433 878 Tende
453 849 530 890 per
547 837 765 878 imbellem
785 837 943 890 gladiis
963 838 1181 880 ultoribus
1201 839 1392 890 hostem,
1669 840 1726 884 80

280 904 453 955 Tende,
475 917 575 956 age,
590 904 691 956 juro
713 905 854 955 Deos,
870 905 1044 946 facilem
1065 906 1158 947 sine
1180 905 1328 947 Marte
1348 906 1623 961 triumphum,

282 971 303 1012 I
310 984 581 1026 gnavumque
601 985 779 1025 queror:
798 973 902 1026 quid
924 975 1062 1015 virtus
1083 974 1188 1024 alta,
1208 973 1315 1027 quid
1335 986 1458 1015 arma

283 1038 486 1079 Bellica?
547 1039 691 1092 Terga
711 1038 879 1081 dabunt
897 1053 1061 1090 omnes,
1080 1044 1124 1082 et
1145 1044 1326 1094 pectora
1345 1040 1509 1082 nullus.

282 1105 586 1159 Perjurumne,
607 1107 705 1156 viri,
725 1119 886 1160 poenas
907 1107 1093 1149 solvisse
1113 1111 1342 1162 tyrannum

283 1172 481 1215 Sufficiat
494 1175 513 1214 Ἰ
545 1173 708 1215 cecidit
727 1187 814 1216 non
832 1175 1071 1216 exorabilis
1091 1175 1250 1224 hostiS,
1669 1175 1727 1218 85

282 1238 474 1281 Infestus
495 1245 695 1294 superest
713 1241 879 1296 hospes
896 1255 906 1284 ε
936 1242 1169 1285 violentior
1189 1242 1279 1292 ille,

283 1307 376 1348 Hic
396 1307 548 1361 pejor:
579 1308 747 1362 gladios
767 1309 899 1362 igitur
919 1322 1000 1352 nec
1021 1309 1112 1350 tela
1129 1308 1344 1350 recondat

282 1373 463 1425 Debita,
485 1379 687 1417 terrarum
708 1377 916 1430 quisquis
938 1377 1219 1427 commercia,
1243 1376 1447 1432 quisquis

285 1440 511 1494 Integrare
530 1446 665 1493 toros,
686 1447 923 1497 castasque
945 1444 1123 1497 impune
1144 1456 1319 1484 sorores

282 1507 313 1549 J
318 1521 473 1561 ungere
495 1522 675 1551 securus
697 1514 837 1552 curat.
898 1509 1017 1561 Quid
1040 1510 1197 1563 plura?
1228 1511 1431 1551 voluntas
1670 1507 1728 1550 90

287 1574 444 1617 Omnis
465 1576 510 1616 in
531 1576 732 1619 effectum
753 1589 914 1618 causas
933 1577 1082 1618 habet.
1142 1577 1212 1618 Ite
1230 1577 1444 1628 volentes,

284 1640 372 1689 Ite,
393 1641 541 1692 duces,
562 1655 688 1684 arces
714 1643 858 1692 nullae,
878 1643 1001 1685 nulla
1021 1656 1142 1684 arma
1160 1647 1403 1685 morentur:

285 1707 345 1748 Et
365 1721 478 1762 quos
499 1713 563 1750 ter
577 1709 713 1763 quina
729 1710 856 1764 fregit
869 1709 1121 1764 Tirynthius
1141 1710 1260 1760 alno,

285 1773 520 1816 Innumera
536 1775 704 1817 calcate
720 1788 866 1817 manu.
924 1776 999 1818 Sic
1019 1776 1150 1825 fatur,
1173 1780 1217 1818 et
1237 1779 1374 1817 ortum

891 1860 1026 1873 ‘em
1027 1860 1124 1872 00000

327 1906 370 1936 89
396 1905 563 1947 Castosque
576 1906 697 1947 impune
707 1916 828 1948 sopores
849 1906 916 1939 Ms.
930 1915 1037 1947 marg.
1074 1905 1160 1938 Vide
1177 1911 1249 1939 not.

328 2034 368 2062 75
393 2033 545 2073 Accessit,
560 2033 648 2074 vicit,
666 2033 777 2075 rediit]
803 2033 855 2065 Ad
869 2033 978 2065 imita·
1031 2043 1232 2076 quemquam
1242 2035 1312 2075 jam
1328 2033 1418 2066 ferre
1440 2037 1554 2075 potest
1571 2034 1728 2067 Caesarve

286 2081 414 2113 tionem
440 2083 606 2114 Caesaris:
632 2084 755 2123 ‘Veni‚
783 2084 865 2119 vidi,
888 2084 978 2125 vici‚’
1031 2085 1194 2125 priorem,
1209 2085 1436 2126 Pompeiusve
1452 2084 1593 2126 parem?

285 2133 373 2173 quod
386 2139 468 2172 puto
484 2132 663 2165 formatum
677 2134 719 2165 ad
734 2135 872 2165 ductum
884 2139 978 2165 vete·
1072 2136 1114 2165 89
1139 2135 1309 2175 Castasque
1339 2135 1460 2175 impune
1496 2133 1630 2174 sorores]
1673 2133 1730 2166 ΑΙ.

285 2183 330 2214 ris
358 2183 445 2214 illius
473 2183 515 2214 ab
539 2183 725 2215 Aristotele
755 2184 892 2224 allegati
919 2192 977 2216 111.
1034 2185 1202 2225 Castosque
1224 2185 1347 2226 impune
1367 2193 1510 2225 sopores:
1545 2188 1728 2226 utrumque

285 2234 388 2265 Rhet.
419 2236 471 2265 12.
500 2232 608 2275 ἦλθον,
638 2234 812 2274 ἀπήντησα,
837 2233 978 2273 ἐδεόμην.
1030 2233 1184 2274 probum.

285 2283 376 2315 Dio:
399 2283 473 2324 πρὸς
488 2283 625 2323 πόλεμον
649 2283 736 2322 ἦλθε,
757 2284 808 2316 καὶ
831 2283 910 2316 εῖδεν
928 2285 981 2316 αιἰ-
1073 2286 1115 2315 90
1144 2284 1294 2316 Voluntas
1311 2283 1422 2315 Omnis
1437 2283 1471 2314 in
1493 2282 1637 2324 effectum
1657 2293 1730 2315 cau·

285 2333 352 2373 τὸν,
367 2333 419 2365 καὶ
435 2333 569 2372 ἐνίκησε.
591 2335 709 2366 Florus
726 2335 768 2365 de
785 2335 904 2366 eadem
923 2344 979 2366 re:
1030 2343 1082 2365 sas
1096 2334 1200 2375 habet]
1218 2334 1394 2365 Passivum
1411 2332 1494 2365 illud
1509 2333 1634 2373 innuit,
1649 2342 1728 2373 pro-

285 2386 295 2402 ‘
314 2385 411 2416 More
427 2384 587 2425 fulminis,
604 2384 693 2426 quod
708 2394 774 2416 uno
790 2384 979 2426 eodemque
1029 2385 1166 2416 missum
1183 2385 1306 2417 cadere
1321 2385 1353 2415 in
1371 2384 1537 2424 debitum,
1554 2383 1619 2423 ἅμα
1643 2382 1730 2423 ἔπος,

286 2440 470 2475 momento,
481 2436 586 2474 venit,
601 2435 983 2476 percussit,abscessit.'
1032 2434 1096 2473 ἅμα
1125 2434 1227 2476 ἔργον,
1265 2433 1422 2470 κατέλαβε
1447 2433 1520 2466 τοὺς
1547 2434 1663 2473 λόγους
1689 2433 1728 2464 τὸ

287 2485 456 2517 Ausonius
468 2485 566 2516 simili
579 2484 752 2524 ἀσυνδέτῳ;
766 2487 774 2502 ‘
787 2484 985 2526 Profectus,
1033 2483 1136 2525 ἔργον,
1147 2490 1184 2516 ut
1200 2484 1458 2524 Chrysostomus
1474 2482 1637 2524 loquitur,
1653 2482 1726 2514 Ho-

285 2536 409 2577 victus,
438 2537 584 2576 vinctus,
611 2536 684 2575 regi
712 2534 872 2567 deditus!
924 2535 982 2567 Ita
1031 2537 1102 2568 mil.
1125 2538 1180 2568 32.
1208 2536 1242 2567 in
1270 2534 1473 2567 Matthaeum
1491 2543 1524 2574 p.
1540 2535 1615 2564 302.
1651 2532 1724 2564 Dio

285 2586 558 2618 Maccabaeorum
573 2595 610 2617 Π.
636 2588 687 2617 13.
701 2586 733 2616 in
749 2584 828 2622 fine,
849 2589 885 2617 et
900 2595 978 2626 cap.
1035 2586 1226 2618 Cocceius:
1248 2585 1403 2624 μιμεῖσθαι
1420 2583 1465 2624 τῷ
1484 2581 1563 2623 ἔργῳ
1585 2580 1659 2613 τοὺς
1669 2581 1728 2614 λό-

286 2645 359 2677 seq.
402 2635 574 2677 ἐγάμησεν,
608 2635 812 2674 εὖστάθησεν,
849 2634 979 2667 ὲκένωσε
1031 2646 1120 2675 γους.
1138 2643 1243 2667 xmu.
1260 2644 1292 2675 p.
1305 2636 1380 2665 21⁷.
1422 2632 1479 2664 Ita
1493 2630 1666 2662 AEschines
1683 2632 1727 2663 ad

287 2684 368 2720 βίου.
1032 2686 1325 2718 Demosthenem:
1348 2680 1421 2722 ἅψαι
1441 2683 1504 2713 τῶν
1527 2680 1636 2722 ἔργων,
1661 2681 1727 2714 ἐπί-

329 2739 371 2767 78
396 2736 556 2776 Dignetur
569 2745 657 2767 nemo
669 2735 819 2777 priorem,
842 2735 979 2767 Erubeat
1033 2738 1131 2776 δειξον
1144 2735 1216 2774 ἡμῖν
1230 2733 1260 2774 ὅ,
1270 2745 1301 2765 τι
1315 2731 1431 2772 λέγεις.
1452 2731 1613 2764 Nazianz.
1627 2731 1727 2764 Orat.

288 2785 347 2815 sibi
372 2786 498 2825 quisque
525 2785 646 2826 parem]
688 2787 740 2817 Ex
777 2786 834 2817 illo
864 2786 978 2818 Flori:
1032 2789 1085 2818 36.
1108 2796 1140 2827 p.
1157 2788 1231 2816 581.
1260 2783 1350 2824 ἔργον
1378 2781 1527 2822 ἀπόδειξις
1555 2781 1727 2814 διαθέσεως.

287 2835 296 2851 ‘
314 2843 375 2865 nec
390 2835 441 2866 hic
468 2834 603 2867 ferebat
623 2845 752 2876 parem,
769 2845 832 2867 nec
855 2836 911 2867 ille
927 2845 979 2867 su·
1033 2834 1122 2866 Vide
1138 2834 1237 2866 etiam
1254 2833 1421 2866 Isidorum
1437 2831 1601 2866 Pelusiot.
1617 2841 1643 2866 1.
1660 2833 1726 2875 Ep.

289 2883 456 2923 perior-em
474 2884 493 2923 ς’
528 2885 618 2926 quod
655 2885 810 2917 Lucanus
827 2894 836 2916 :
881 2886 891 2903 ‘
904 2885 980 2917 Nec
1035 2887 1110 2916 342,
1127 2888 1163 2917 et
1180 2892 1234 2916 ιιι.
1251 2885 1324 2916 158.
