1889 3194
273 313 359 355 504

800 326 1003 357 JOSEPHI
1039 325 1205 357 ISCANI

274 417 559 469 Protesilaus,
580 420 654 469 ait,
676 419 757 460 iter
775 418 873 469 hac,
894 419 977 460 hac
997 419 1157 460 ibimus
1179 419 1359 474 (inquit)

275 484 316 525 Ο
337 484 461 534 socii,
483 497 571 526 non
590 489 681 527 tota
701 486 920 540 Phrygum
941 497 1072 539 quam
1092 486 1320 539 poscimus
1337 487 1433 538 Ide,

274 551 539 593 Communes
559 553 768 606 partimur
788 564 933 604 agros.

993 551 1109 593 Haec
1128 552 1264 600 fatus,
1285 555 1329 595 in
1349 567 1474 597 enses

273 616 422 668 Irruit,
442 622 488 659 et
508 631 597 673 qua
618 620 737 660 acies
757 619 889 660 instat
909 618 1189 669 densissima,
1211 619 1362 662 durum

273 684 523 739 Extorquet
541 686 765 728 violentus
786 687 879 736 iter,
898 691 988 727 tres
1008 686 1165 728 littoris
1187 686 1302 737 Indi,

1632 690 1717 732 160

275 752 480 807 Quinque
499 753 685 800 Arabes,
708 757 875 807 septem
895 751 1160 795 Nabathaeae
1179 754 1320 806 gentis
1343 754 1546 797 alumnos

272 817 502 861 Consumit
521 820 703 862 victrice
723 832 869 860 manu.

929 819 1080 861 Dabat
1100 820 1235 862 obvia
1254 820 1452 863 Phorbas

271 884 480 937 Pectora,
501 890 545 928 et
566 887 733 929 intenta
752 886 962 928 veniebat
980 885 1185 928 turbidus
1205 887 1349 930 hasta.

271 951 334 994 At
353 953 469 994 ferus
492 954 765 1008 Hysiphides
789 954 977 1008 praeciso
999 953 1151 1008 stipite
1170 955 1333 996 ferrum

273 1018 475 1070 Decutit,
499 1033 551 1061 ac
571 1020 756 1062 maculis
774 1021 931 1074 ruptis,
953 1024 1001 1061 et
1020 1021 1195 1062 casside
1214 1021 1367 1074 fracta,

272 1085 457 1128 Pectore
479 1087 657 1129 dividuo
677 1087 878 1141 perducit
897 1087 940 1128 in
960 1087 1040 1128 ilia
1060 1088 1208 1129 telum.

329 1154 492 1195 Stabat
511 1155 556 1195 in
576 1167 761 1196 occursu
781 1153 931 1208 pelagi
953 1152 1191 1196 Chaldaeus
1213 1153 1409 1196 Orontes

276 1220 484 1275 Dumque
504 1226 622 1263 rates
641 1221 834 1264 inhibere
853 1224 993 1276 parat,
1015 1234 1259 1275 suspensus
1279 1222 1323 1262 in
1342 1222 1492 1274 ictum,

274 1287 412 1329 Fallit
433 1301 565 1329 arena
583 1289 739 1343 pedes,
760 1292 801 1330 et
821 1289 973 1330 inanes
995 1289 1167 1342 excipit
1188 1301 1324 1330 ausus

272 1354 556 1410 Praecipitem
577 1369 775 1398 mersura
794 1356 952 1398 Thetis
968 1368 981 1397 ε
998 1357 1152 1410 premit
1172 1356 1339 1398 Inacha
1360 1357 1501 1410 pubes

1633 1354 1719 1417 170

273 1421 494 1476 Desuper,
514 1423 588 1465 ille
609 1436 766 1477 parens
786 1423 830 1464 in
852 1437 982 1478 gyros
1000 1424 1183 1465 brachia
1204 1424 1386 1477 spargit,

272 1487 326 1530 In
344 1489 503 1532 mediis
525 1502 572 1531 se
591 1489 722 1531 librat
742 1490 887 1545 aquis,
906 1502 1021 1532 nunc
1041 1491 1179 1534 exerit
1199 1491 1326 1542 ultro,

885 1611 1042 1625 Ouum
1046 1613 1122 1625 ’ΝΟ

317 1689 377 1719 171
402 1688 503 1720 Pares
519 1688 672 1722 Dresem.

924 1786 1064 1819 NOTAE

316 1860 379 1889 156
401 1857 468 1889 Iter
482 1858 549 1894 hac,
564 1858 621 1889 hac
634 1858 758 1896 ibimus,
771 1859 890 1900 inquit]
912 1859 968 1892 Sic

272 1909 515 1951 Hippomedon
530 1909 620 1950 apud
637 1911 760 1951 Papiri.
774 1920 841 1942 vu.
858 1916 894 1943 et
904 1911 968 1942 Ca-

273 1969 401 2000 paneus
418 1968 454 1991 x.
477 1960 486 1976 ‘
501 1959 586 1996 Hac,
612 1960 672 1998 ait,
692 1962 727 1992 in
746 1961 893 2002 Thebas,
903 1962 968 1993 hac

272 2019 327 2040 me
340 2009 443 2050 jubet
459 2009 562 2040 ardua
579 2009 701 2049 virtus,
714 2010 771 2042 Ire
783 2010 810 2049 ;’
824 2016 861 2042 et
877 2011 967 2052 apud

271 2058 389 2090 Silium
406 2068 430 2090 1.
468 2059 629 2091 Murrus:
646 2061 655 2077 ‘
670 2060 746 2092 Hac
761 2061 826 2092 iter
842 2066 904 2098 est,
921 2061 970 2093 in-

273 2108 360 2149 quit,
378 2108 471 2140 vobis
488 2108 529 2139 ad
545 2110 666 2140 moenia
683 2110 821 2142 Romae.'

317 2160 378 2189 162
402 2158 508 2190 Dabat
533 2159 622 2190 obvia
651 2159 791 2191 Phorbas
818 2159 968 2201 Pectora]

273 2207 421 2238 Nomina
437 2208 580 2240 militum
596 2209 775 2241 maximam
796 2214 928 2251 partem
950 2219 970 2242 a

273 2257 420 2297 Papinio
455 2257 599 2289 sumsit:
644 2269 754 2300 pauca
781 2270 800 2291 a
826 2260 969 2301 Virgilio

273 2310 309 2338 et
332 2307 500 2348 Homero;
529 2310 693 2350 pauciora
714 2310 756 2343 ab
780 2310 920 2353 Hygino
935 2314 971 2342 et

272 2357 391 2399 Dicty.

318 2411 377 2440 165
409 2409 459 2441 Ac
487 2409 614 2442 maculis
646 2409 764 2451 ruptis,
792 2413 824 2442 et
853 2410 971 2442 casside

268 2459 392 2501 fracta]
416 2459 485 2492 Per
506 2460 516 2477 ‘
530 2459 701 2492 maculas’
724 2460 906 2492 reticulum
921 2461 971 2491 in·

274 2510 390 2550 telligo
411 2509 617 2549 coriaceum,
639 2519 706 2550 quo
729 2510 826 2550 galea
849 2510 971 2541 astrin-

275 2559 374 2598 gitur.
412 2559 556 2590 Homer.
585 2559 628 2591 ΙΙ.
651 2564 689 2591 Κ.
719 2560 896 2590 Meriones
922 2559 969 2590 ibi

275 2608 333 2639 dat
350 2609 461 2648 Ulyssi
478 2609 598 2648 κυνέην,
623 2620 698 2651 quae
713 2609 846 2641 πολέσιν
862 2609 970 2641 ἔντοσ-

276 2661 327 2690 Θεν
341 2659 443 2697 ἱμᾶσιν
459 2659 624 2691 Ἐντέτατο
640 2662 784 2700 στερεῶς,
794 2661 844 2691 vel
857 2661 969 2691 loricae

276 2710 416 2741 annulos
431 2709 502 2742 sive
525 2711 669 2742 circulos
690 2710 817 2741 ferreos
840 2715 900 2741 aut
915 2719 970 2740 co·

275 2758 415 2795 riaceos,
438 2760 557 2800 quibus
584 2770 746 2792 summum
775 2765 896 2800 pectus
921 2765 972 2790 te-

278 2807 412 2844 gebant.
451 2809 506 2840 De
529 2810 634 2840 lorica
658 2809 733 2840 vide
758 2810 907 2850 Lipsium
929 2809 972 2840 de

278 2856 402 2888 Militia
424 2858 572 2890 Romana
595 2867 654 2891 ιιι.
671 2862 701 2889 6.
747 2860 833 2891 Sunt
857 2864 971 2890 autem

1022 1860 1136 1892 annuli
1153 1860 1209 1892 isti
1231 1860 1338 1892 instar
1361 1859 1565 1891 macularum
1588 1863 1625 1891 et
1647 1859 1720 1901 pla-

1023 1911 1174 1952 gularum
1198 1911 1230 1941 in
1248 1911 1325 1949 reti,
1342 1910 1384 1941 de
1406 1910 1526 1952 quibus
1548 1910 1718 1950 Josephus

1021 1961 1173 2001 Scaliger
1196 1960 1228 1991 in
1244 1960 1391 2000 conject.
1408 1969 1441 1999 p.
1458 1962 1511 1990 67.
1557 1959 1718 1989 Manilius

1022 2010 1064 2041 ad
1076 2011 1156 2042 talia
1167 2008 1338 2049 πλέγματα
1354 2009 1539 2050 respiciens
1557 2008 1623 2039 ait:
1640 2009 1650 2025 ‘
1661 2008 1720 2039 In-

1023 2065 1207 2101 cautosque
1223 2060 1360 2091 trahunt
1374 2059 1583 2090 macularum
1597 2058 1721 2089 vimine

1024 2108 1194 2150 thynnos.’

1066 2161 1129 2189 166
1152 2158 1284 2190 Pectore
1298 2155 1438 2196 dividuo]
1471 2156 1605 2187 Horatii
1622 2160 1657 2188 et
1672 2156 1721 2188 O·

1025 2209 1106 2240 vidii
1124 2209 1286 2241 verbum:
1311 2209 1320 2226 ‘
1333 2208 1378 2239 Et
1401 2207 1481 2239 mihi
1503 2208 1641 2240 dividuo
1659 2208 1721 2239 fin-

1024 2261 1125 2293 detur
1139 2270 1278 2292 munere
1291 2259 1446 2301 quadra.’
1470 2261 1480 2278 ‘
1492 2260 1620 2300 Insula,
1635 2259 1722 2292 divi-

1024 2311 1092 2342 dua
1108 2320 1208 2352 quani
1224 2310 1350 2351 premit
1367 2309 1472 2340 amnis
1487 2311 1594 2349 aqua?

1065 2363 1127 2393 171
1164 2360 1224 2391 Ille
1262 2369 1374 2399 parens
1405 2359 1440 2390 in
1468 2368 1565 2400 gyros
1595 2358 1722 2390 brachia

1022 2409 1161 2451 spargit]
1188 2410 1276 2441 Male
1295 2418 1410 2449 pavens
1425 2408 1602 2440 substituit
1618 2409 1722 2440 Caro-

1024 2461 1088 2499 lus,
1114 2469 1189 2491 cum
1210 2468 1303 2499 pares
1328 2457 1510 2499 legendum
1534 2458 1592 2499 sit,
1613 2459 1719 2500 loqui-

1024 2515 1081 2541 tur
1112 2509 1201 2540 enim
1226 2509 1269 2540 de
1295 2513 1446 2539 natante.
1487 2508 1543 2539 Sic
1566 2509 1719 2539 seneca:

1024 2565 1033 2577 ‘
1048 2558 1248 2600 Spargenda
1276 2562 1330 2588 est
1359 2555 1502 2594 manu5,'
1534 2557 1635 2597 epist.
1663 2559 1719 2588 29.

1024 2609 1124 2640 Silius
1138 2616 1188 2639 ix·
1203 2609 1212 2625 ⁸
1226 2606 1392 2638 Scindunt
1403 2615 1438 2636 se
1452 2611 1583 2645 turmae,
1597 2605 1721 2645 praedi.

1023 2660 1072 2691 cit
1094 2667 1255 2699 spargere
1280 2654 1428 2695 bellum,’
1449 2659 1486 2686 et
1505 2663 1573 2686 vn.
1603 2655 1720 2696 ‘spar-

1025 2714 1161 2750 gentem
1183 2708 1217 2739 in
1235 2706 1372 2738 vulnera
1393 2713 1501 2735 saevos
1518 2704 1651 2736 Fraude
1668 2704 1720 2736 fn.

1025 2769 1076 2799 gae
1093 2756 1259 2795 calamos,'
1273 2765 1299 2786 1.
1325 2756 1334 2771 ‘
1348 2754 1425 2787 Qua
1439 2753 1563 2793 sparsit
1577 2751 1720 2795 ferrum,

1026 2811 1114 2842 latus
1128 2808 1227 2841 rubet
1239 2815 1372 2849 aequore
1386 2804 1506 2837 limes.’
