1889 3194
238 367 323 410 460

240 472 520 513 Bracteolam
541 474 695 522 caries,
716 485 876 523 agnum
903 471 1050 524 lupus,
1071 470 1222 511 ulcera
1243 471 1427 523 byssum
1448 483 1459 509 ε

766 379 968 411 JOSEPHi
1005 379 1170 408 lscANl

1598 468 1684 509 395

241 538 329 579 Sed
346 538 504 579 famam
524 539 645 579 fraus
663 538 783 579 nulla
804 538 912 578 latet
932 549 942 574 z
973 550 1061 577 non
1083 549 1170 577 una
1189 536 1370 577 duorum

242 604 357 645 Esse
382 609 558 658 potest:
589 618 691 645 nam
713 605 854 658 prima
874 603 1003 644 fidem
1025 603 1126 643 dum
1147 603 1317 644 foedera
1338 609 1531 655 servant,

242 670 437 713 Alterius
458 685 544 712 non
566 684 677 712 uxor
698 672 790 720 crit,
814 670 895 710 sed
916 669 1069 723 praeda
1090 670 1267 710 cubilis.

301 738 470 780 Interea
489 739 675 779 Graium
699 750 896 791 praeceps
913 737 1148 790 perlabitur
1165 737 1316 777 orbem

242 805 429 855 Luctus,
453 810 498 845 et
519 806 706 858 Europae
728 803 907 844 dotatas
928 804 1103 844 nomine
1122 807 1262 844 terras

1603 802 1688 843 400

242 872 431 914 Armato
451 884 617 913 rumore
641 871 785 924 quatit
802 883 812 909 2
842 871 1059 912 laeduntur
1079 871 1124 911 in
1144 882 1234 910 uno

243 938 344 980 Una
361 951 529 987 omnes»,
547 951 625 978 scu
644 938 761 991 quod
782 937 978 992 populos
995 938 1155 992 injuria
1169 949 1321 989 regum

243 1004 404 1046 Acrius
427 1005 640 1046 incendit:
671 1018 751 1045 seu
770 1006 913 1057 regnis
935 1005 1089 1058 praelia
1111 1005 1223 1045 livor

245 1072 439 1116 Inducit‚
457 1084 536 1112 seu
557 1072 748 1125 quisque
771 1085 873 1112 suas
894 1072 1121 1125 praesumit
1140 1072 1185 1112 in
1205 1071 1293 1112 iras

246 1137 380 1189 Quod
396 1138 490 1179 fieri
512 1139 599 1179 sibi
620 1139 745 1179 triste
767 1144 943 1192 potest:
967 1138 1087 1192 quod
1109 1139 1215 1180 flere
1238 1141 1466 1192 peractum

1606 1137 1693 1179 405

246 1205 470 1259 Quodque
492 1206 585 1259 pati
606 1211 804 1259 potuere,
827 1212 1031 1259 gemunt:
1061 1206 1161 1247 hinc
1184 1205 1386 1247 omnibus
1407 1204 1540 1255 idem,

246 1272 372 1313 Idem
388 1273 577 1321 animus,
598 1273 769 1313 similes
790 1273 1002 1314 scelerum
1019 1272 1259 1327 praecidere
1274 1276 1438 1321 motus,

247 1338 307 1379 Et
322 1339 539 1380 thalamos
557 1340 728 1381 sancire
749 1346 870 1381 metu
887 1353 898 1381 ε
929 1341 1016 1381 ruit
1035 1353 1175 1394 ocyus
1197 1352 1314 1392 ergo,

247 1406 354 1447 Non
370 1406 498 1460 jussa
517 1410 724 1460 expectat
742 1408 949 1461 populus,
973 1408 1079 1448 belli
1101 1407 1232 1448 ardor
1250 1405 1382 1447 inerti

252 1472 480 1521 Nascitur,
501 1477 685 1526 augetur
704 1473 831 1515 forti:
864 1476 928 1515 sic
950 1475 1104 1528 praelia
1122 1475 1283 1527 vulgus

1609 1470 1694 1511 410

248 1538 465 1592 Praecipit
485 1552 497 1578 ι
527 1546 572 1580 at
591 1540 752 1580 viduos
770 1540 804 1580 it
822 1540 1020 1581 solatura
1038 1545 1228 1595 penates

251 1605 384 1646 Clara
404 1605 566 1646 ducum
587 1606 738 1656 series,
763 1606 927 1648 Maleae
945 1621 1057 1661 quos
1079 1607 1209 1659 erigit
1228 1605 1377 1654 umbo,

904 1704 938 1736 N
943 1704 1045 1737 OTAE

249 1776 321 1807 gyr.
339 1771 448 1807 vocat,
464 1766 506 1797 de
523 1776 615 1807 auro,
631 1777 697 1808 quo
713 1772 834 1799 statuae
851 1768 947 1800 indu-

250 1816 428 1847 cebantur.
472 1816 564 1847 Talis
588 1826 668 1847 vero
693 1816 793 1848 sucus
817 1819 948 1858 elegan-

252 1871 305 1896 ter
331 1865 530 1905 exprimitur
555 1876 574 1896 a
593 1865 782 1898 Prudentio
810 1866 844 1898 in
868 1868 948 1909 Psy·

251 1915 359 1946 chom.
387 1919 460 1946 551.
480 1915 536 1946 ubi
552 1916 706 1947 Avaritia
729 1927 764 1948 se
789 1918 820 1948 in
842 1919 946 1958 parsi·

250 1966 397 1996 moniam
420 1965 658 2006 transfigurat:
680 1968 689 1984 ‘
710 1967 874 2008 opertam
892 1978 947 1999 ca-

251 2015 335 2045 riem
347 2014 355 2027 ’
381 2014 468 2046 dixit
505 2017 676 2056 apposite,
706 2022 742 2048 ut
774 2018 950 2055 Nazmius,

251 2070 260 2082 ‘
278 2070 399 2105 operta
427 2066 590 2097 mentium
605 2066 627 2105 ;'
649 2068 769 2107 Virgil.
795 2068 804 2084 ‘
822 2069 950 2099 telluris

252 2115 399 2155 operta‚'
413 2116 553 2148 V1.AEn.
570 2117 692 2157 Papin.
708 2119 716 2135 ‘
730 2122 851 2158 operta
863 2128 950 2159 prae-

251 2165 321 2202 lia,’
340 2175 376 2196 x.
398 2166 511 2196 Valer.
525 2167 665 2197 Flaccus
680 2177 705 2198 1.
721 2168 730 2184 ‘
745 2178 840 2198 sacra
853 2177 950 2208 oper-

252 2214 312 2246 ta!
357 2214 412 2245 lta
429 2215 648 2255 Symmachus
670 2216 703 2246 in
721 2216 821 2248 Orat.
844 2217 853 2234 ‘
872 2217 950 2247 dum

252 2266 339 2296 ratio
363 2266 412 2296 eis
429 2266 460 2296 iu
476 2271 595 2306 operto
613 2267 657 2297 sit
671 2266 695 2298 ι’
717 2272 755 2298 ut
773 2267 874 2298 Ovid.
892 2276 951 2299 111.

254 2317 347 2347 Fast.
385 2317 394 2333 ‘
420 2326 486 2347 nou
524 2322 578 2347 est
622 2318 760 2348 rationis
798 2318 953 2358 opertae.’

253 2366 362 2398 Prud.
384 2367 394 2384 ‘
407 2376 530 2398 arcano
544 2372 675 2398 naturae
687 2373 796 2400 tectus
811 2371 956 2409 operto,’

254 2422 374 2448 contra
398 2419 525 2458 Symm.
549 2427 590 2449 11.
622 2419 802 2459 psychom.
825 2429 858 2451 v.
880 2422 956 2451 461.

252 2467 460 2508 ‘laterisque
476 2468 602 2498 sinistri
615 2469 719 2499 Velat
735 2468 957 2508 oper-mento!

255 2517 357 2557 Item,
370 2519 379 2534 ‘
398 2518 476 2548 boni
488 2517 661 2549 mendacis
683 2519 865 2558 opertuiu,'
881 2522 955 2550 336.

259 2568 306 2598 Ut
323 2567 495 2598 Demades
512 2568 544 2598 in
558 2568 658 2600 Orat.
673 2578 733 2599 sua
746 2579 778 2609 p.
795 2572 868 2601 180.
883 2568 956 2610 πρό-

256 2618 365 2654 βλημα
379 2616 540 2657 σωτηρίας.

299 2669 363 2697 396
386 2666 447 2697 Sed
466 2667 589 2704 famam
609 2667 705 2705 fraus
740 2668 826 2699 nulla
862 2668 954 2709 latet]

259 2715 378 2746 Claud.
402 2718 410 2733 ‘
428 2716 605 2747 Coelicolas
621 2716 714 2748 fraus
741 2718 832 2747 nulla
851 2718 956 2749 latet.'

261 2766 451 2806 Xenophon
464 2777 471 2797 ε
483 2766 568 2798 θεοὺς
576 2766 618 2805 μή
629 2767 695 2798 ἐστι
704 2769 868 2799 διαλαθεῖν.
880 2769 957 2799 Mu-

262 2824 349 2845 saeus
367 2815 454 2855 eleg.
471 2817 601 2847 Γλῶσσα
614 2816 676 2856 γὰρ
690 2817 852 2857 ἀνθρώπων
865 2823 957 2856 φιλο-

261 2863 419 2901 κέρτομος·
432 2863 465 2893 ἐν
474 2864 506 2894 δὲ
517 2866 632 2905 σιωπῇ,
641 2865 757 2904 Ἔργον
768 2866 842 2907 ὅπερ
857 2866 958 2897 τελέει

261 2923 310 2943 τις
321 2912 363 2942 ἐνὶ
374 2911 534 2950 τριόδοισιν
543 2913 656 2944 ἀκούει.
682 2916 837 2947 Nazianz.
847 2916 956 2955 Epist.

1002 1779 1097 1801 xvn.
1115 1771 1189 1800 779.
1210 1766 1432 1809 προθυμότερον
1456 1766 1489 1796 ἐν
1513 1766 1578 1797 τοῖς
1600 1765 1698 1797 ἄλλο·

1000 1819 1095 1860 τρίοις
1105 1818 1330 1859 φιλοσοφοῦσιν
1345 1816 1504 1856 ἅνθρωποι.
1528 1814 1698 1846 Pindarus

1002 1881 1083 1902 vere
1101 1880 1125 1902 1.
1147 1870 1287 1910 Olymp.
1303 1866 1376 1899 εἰδὲ
1391 1867 1460 1898 θεὸν
1474 1864 1566 1905 Ἀνήρ
1578 1877 1626 1897 τις
1644 1864 1698 1896 ἕλ-

1001 1920 1096 1951 πεταί
1106 1932 1135 1950 τι
1145 1918 1308 1950 λασέ-Μεν
1323 1916 1426 1957 ἔρδων,
1439 1914 1615 1955 ἁμαρτάνει.
1637 1915 1699 1946 Ni·

1003 1976 1098 2002 cetas
1115 1969 1296 2000 choniates
1314 1977 1338 1998 1.
1361 1966 1537 2006 ἄφθεγκτον
1557 1965 1598 2006 τῇ
1612 1963 1699 2005 φήμῃ

1003 2018 1106 2058 μηδὲν,
1130 2015 1363 2058 ἆνεξερεῦνητόν
1388 2027 1425 2046 τε
1446 2015 1496 2046 καὶ
1516 2012 1700 2053 ἀνεξέλεγκ-

1003 2081 1068 2105 τον,
1093 2073 1167 2100 etl.
1187 2070 1239 2100 De
1263 2066 1477 2097 Andronico:
1500 2064 1520 2102 ἢ
1540 2062 1627 2105 φήμη
1649 2062 1700 2095 καὶ

1003 2119 1044 2151 τὰ
1067 2118 1124 2149 ὑπὸ
1145 2119 1207 2157 ’γῆν
1229 2115 1422 2158 κρυπτόμενα
1443 2116 1541 2156 διορᾷ,
1565 2124 1598 2155 p.
1624 2115 1701 2145 302.

1005 2169 1172 2201 Claud.4.
1199 2167 1335 2199 Consul.
1360 2166 1489 2197 Honor.
1512 2164 1523 2182 ‘
1540 2173 1619 2195 nam
1645 2163 1703 2194 lux

1006 2220 1168 2251 altissima
1183 2217 1246 2248 fati
1262 2216 1446 2248 Occultum
1463 2213 1546 2245 nihil
1568 2222 1643 2245 esse
1659 2213 1704 2244 si·

1005 2271 1069 2308 nit,
1084 2268 1302 2306 latebrasque
1319 2274 1379 2305 per
1395 2273 1510 2295 omnes
1526 2263 1650 2297 Intrat,
1667 2266 1704 2293 et

1006 2319 1181 2350 abstrusos
1217 2315 1372 2355 explorat
1399 2312 1491 2344 fama
1527 2310 1705 2343 recessus!

1007 2368 1169 2400 Nazianz.
1195 2370 1283 2397 orat.
1314 2373 1340 2395 1.
1368 2366 1419 2395 18.
1439 2361 1582 2402 τάχιστα
1608 2361 1646 2393 ἂν
1667 2362 1704 2392 ἐκ

1006 2418 1113 2458 μικροῦ
1134 2416 1297 2456 σπινθῆρος
1316 2414 1333 2444 ὃ
1353 2413 1410 2450 τῆς
1432 2410 1578 2450 ἀληθείας
1599 2410 1703 2452 πόρσω

1008 2467 1202 2507 ἐκλάμψειεν.

1043 2521 1105 2550 410
1118 2517 1171 2548 Sic
1184 2514 1294 2556 proelia
1303 2513 1414 2551 vulgus
1427 2509 1597 2550 Praecipit]
1607 2508 1704 2547 Προῦ-

1009 2570 1104 2607 λαβε,
1121 2565 1301 2605 anticipat,
1317 2563 1370 2593 vel
1385 2564 1543 2600 occupat.

1051 2619 1115 2648 412
1138 2615 1251 2646 Μοῖσαι
1266 2621 1340 2652 quos
1355 2609 1453 2648 erigit
1467 2607 1569 2648 umbo]
1583 2606 1706 2648 Papin.

1010 2665 1122 2698 Achil.
1136 2673 1178 2695 11.
1189 2665 1198 2681 ‘
1212 2661 1383 2694 nudisonae
1398 2656 1487 2698 quod
1501 2657 1623 2688 circuit
1636 2666 1706 2688 um-

1011 2716 1054 2747 bo
1086 2711 1234 2745 Maleae!
1277 2709 1376 2748 Virg.
1409 2706 1623 2747 ‘Maleaeque
1654 2714 1708 2737 se-

1011 2764 1174 2806 quacibus
1203 2759 1324 2792 undis.’
1366 2755 1490 2788 Strabo
1506 2763 1587 2786 vm.
1615 2755 1705 2786 illius

1010 2814 1184 2846 meminit:
1208 2807 1336 2841 Μαλέαν
1360 2805 1393 2837 δὲ
1418 2804 1539 2846 κάμψας
1559 2804 1708 2837 ἐπιλάθου

1009 2865 1071 2894 τῶν
1085 2861 1199 2892 οἴκαδε.
1232 2856 1457 2889 Proverbium
1473 2860 1526 2886 est
1542 2855 1631 2895 apud
1646 2856 1707 2887 Ni-

1011 2919 1122 2944 cetam
1139 2909 1338 2941 Choniatem
1356 2906 1412 2937 lib·
1428 2914 1469 2937 11.
1487 2905 1531 2936 de
1545 2906 1706 2937 Manuele
