1889 3194
563 341 628 372 DE
663 339 823 372 BELLO
856 339 1082 372 TROJANO
1116 340 1209 371 LlB.
1243 341 1318 372 111.

1572 332 1650 373 451

204 436 444 491 Interpres,
466 435 701 491 cordisque
717 435 821 489 vagi
842 433 1101 489 praesentior
1122 435 1259 477 index

202 503 325 545 Leno
346 503 503 544 oculus
523 503 649 545 taciti
669 502 803 556 garrit
822 501 1038 556 praeludia
1057 502 1166 544 voti.

259 570 324 612 Ut
342 582 445 612 vero
466 570 703 625 explicitas
724 568 940 624 peregrini
958 568 1177 621 Tyndaris
1199 569 1295 612 auri

1572 571 1659 616 245

201 637 452 679 Blanditias
468 637 629 688 hausit,
649 637 962 691 complutaque
977 637 1142 678 murice
1158 638 1259 678 vela

201 704 467 759 Conspexit,
488 704 596 759 quid
615 709 719 757 agat
737 704 891 754 haeret,
907 704 1105 757 praebere
1123 707 1302 758 rogatas

201 771 385 814 Promta
405 785 576 822 manus,
597 771 784 825 cogique
800 770 980 813 volens:
1010 773 1054 812 at
1073 771 1202 813 turba
1220 771 1432 826 precandi

201 839 438 894 Stipatrix,
454 839 610 894 juveni
629 839 699 880 fas
718 837 903 889 invidet,
923 838 1089 892 inclyte
1107 839 1283 893 praedo,

859 969 1003 1002 NOTAE

199 1041 295 1085 φρένα
310 1042 432 1085 κούρης.
457 1044 536 1077 Huc
549 1048 684 1086 spectat
696 1054 785 1078 vers,
798 1054 900 1086 quem

201 1093 431 1134 Hieronymus
448 1095 586 1135 allegat,
606 1095 720 1135 Epist.
737 1104 777 1127 11.
791 1094 801 1112 ‘
815 1095 900 1127 Risu

198 1148 235 1175 et
251 1148 372 1184 arguto
388 1144 549 1185 quiddam
571 1145 726 1185 promisit
741 1144 876 1177 oceno:

241 1197 304 1225 243
334 1195 504 1235 cordisque
519 1196 592 1235 vagi
604 1196 789 1236 praesentior
805 1196 901 1227 index

197 1244 282 1276 Leno
303 1245 405 1276 oculus
421 1245 511 1276 taciti
524 1246 629 1284 garrit
649 1245 801 1286 praeludia
822 1245 902 1286 voli]

198 1293 253 1325 Ἐκ
267 1295 324 1326 τοῦ
338 1295 414 1336 ὂρᾷν
434 1296 472 1326 τὸ
494 1297 578 1337 ἐρᾴν,
593 1300 630 1327 nt
647 1296 736 1326 inter
754 1295 900 1336 reliquos

197 1345 303 1375 etiam
331 1344 483 1376 Isidorus
507 1345 684 1377 Pelusiota
718 1343 817 1376 affert
842 1354 900 1378 111.

197 1396 263 1436 Ep.
278 1399 353 1428 254.
377 1395 575 1428 Aristaenet.
592 1396 693 1436 epist.
711 1398 741 1426 1.
764 1406 806 1426 ex
828 1396 900 1427 Ho-

199 1454 294 1476 mero
325 1445 501 1486 eleganter
515 1455 523 1476 :
556 1444 629 1485 ἔρως
654 1444 816 1476 ἐπαίδευσε
839 1445 899 1483 τὴν

195 1493 388 1534 ποθουμένην
422 1494 583 1535 εὐστόχως
618 1494 801 1534 ἐπιτοξεύειν
835 1496 898 1526 τῶν

194 1544 364 1586 ὀφθαλμῶν
377 1546 501 1581 βολαῖς.
547 1545 774 1577 Philostratus
792 1544 827 1575 in
851 1545 896 1576 E-

195 1595 321 1636 pistola
337 1595 482 1635 Graecis,
506 1593 536 1627 οἴ
558 1594 714 1635 ὀφθαλμοὶ
728 1595 896 1635 ξύμβουλοι

195 1647 255 1678 τοῦ
269 1647 367 1689 ἑρᾳνε
392 1651 428 1678 et
454 1647 488 1678 iu
510 1646 577 1678 alia
601 1656 678 1688 pag.
700 1649 776 1679 913.
799 1648 896 1687 cujus

195 1696 342 1737 initium,
356 1696 449 1728 πόθεν
458 1709 518 1736 μου
527 1696 586 1734 τὴν
594 1697 699 1737 ψυχὴν
707 1696 894 1736 κατέλαβες,

196 1745 240 1778 de
256 1746 375 1778 eadem
392 1756 428 1778 re
445 1747 576 1778 multis.
619 1747 791 1778 Musaeus:
818 1747 895 1787 Ὀφ·

196 1795 314 1836 θαλμὸς
329 1796 356 1828 δ’
378 1796 447 1828 ὁδός
471 1796 551 1838 ἐστι,
576 1798 642 1829 &c.
667 1797 676 1815 ‘
692 1797 794 1829 Oculi
818 1802 896 1830 sunt

196 1847 300 1878 animi
336 1846 450 1884 fores,’
486 1851 525 1878 ut
561 1847 698 1880 dicebat
739 1848 893 1880 Polemo.

195 1897 286 1928 Vide
301 1895 406 1928 Arist.
424 1906 450 1930 1.
471 1897 560 1929 Hist.
576 1897 691 1929 Anim.
705 1901 758 1930 10.
772 1904 808 1930 et
824 1899 895 1930 Pli-

194 1947 287 1979 nium
303 1956 343 1979 11.
359 1950 411 1979 37.
448 1947 591 1978 Nonnus
609 1948 751 1989 Dionys.
767 1957 803 1980 v.
815 1949 892 1989 ’οφ-

195 1996 312 2036 θαλμὸς
326 1995 530 2036 προκέλευθος
551 1996 673 2036 ἐγίνετο
687 1997 807 2037 πομπὸς
821 1998 894 2040 ἐρῶ-

195 2057 268 2077 των.
314 2046 443 2077 Eadem
468 2051 521 2077 est
546 2048 715 2079 sententia
743 2048 895 2080 Philonis

197 2105 224 2128 1.
238 2095 307 2136 περὶ
318 2097 380 2126 τῶν
395 2097 428 2127 ἐν
438 2095 510 2127 εἴδει
524 2095 633 2136 νόμων.
675 2097 827 2130 Isidorus
846 2099 896 2130 ita

196 2146 349 2186 explicat
364 2146 445 2177 illud
458 2147 587 2179 Jerem.
603 2156 653 2179 rx.
668 2150 699 2179 2.
710 2149 817 2180 ‘mors
834 2158 896 2190 per

198 2194 367 2226 fenestras
381 2196 562 2236 ascendit:
572 2197 668 2238 Epa.
680 2200 733 2229 89.
747 2197 845 2229 Idem
853 2198 896 2230 de

198 2254 236 2276 re
252 2245 369 2276 eadem
386 2254 441 2277 ln.
457 2247 520 2287 Ep.
538 2249 589 2278 11.
601 2246 766 2287 ἆκρατέσιν
779 2247 895 2288 ὀφθαλ-

197 2296 267 2333 μοῖς
295 2294 402 2326 ἑστιᾶν
426 2295 464 2326 τὸ
488 2294 597 2337 πάθος,
624 2302 660 2328 et
684 2306 741 2328 111.
763 2298 828 2338 Ep.
844 2301 898 2329 66.

199 2344 351 2376 Philonis
368 2350 402 2376 et
422 2345 487 2376 ista
501 2351 577 2377 sunt
595 2346 649 2377 De
664 2347 849 2378 Cherubim
863 2357 896 2387 p.

198 2397 251 2425 95.
267 2394 298 2424 αἱ
308 2393 340 2425 δὲ
351 2394 624 2435 μαστρωπεύουσαι
634 2395 685 2427 καὶ
696 2398 894 2438 προξενοῦσαι

198 2445 256 2476 τὰς
284 2444 395 2482 ἡδονὰς
430 2445 543 2487 ’γαστρὶ
575 2445 784 2487 ῥητορεύουσι.
831 2448 894 2480 Dio

200 2495 361 2526 Prusaeus
371 2496 509 2528 Tarsica
524 2505 565 2528 ιι.
582 2507 614 2537 p.
627 2500 700 2529 408.
710 2497 730 2536 ἡ
745 2496 896 2537 ἀσέλγεια

197 2546 235 2576 δι’
261 2546 346 2576 ὤτων
371 2546 421 2577 καὶ
444 2546 480 2577 δι’
504 2546 672 2587 ὀφθαλμῶν
699 2547 897 2587 πανταχόθεν

198 2594 362 2626 εἰσδύεται.
374 2596 519 2636 Insignis
535 2602 585 2628 est
601 2598 663 2629 hac
679 2597 722 2629 de
739 2607 774 2629 re
789 2598 896 2630 Clem.

197 2646 296 2678 Alex,
310 2647 438 2687 γνώμης
455 2648 596 2689 Paedag.
606 2657 660 2680 111.
674 2658 707 2689 p.
720 2651 794 2680 184.
808 2658 837 2681 c.
847 2651 897 2681 ll.

197 2697 305 2729 Plura
321 2697 363 2729 de
380 2699 436 2729 illa
452 2698 553 2730 Ovid.
571 2704 659 2730 seut.
684 2703 694 2718 ⁸
707 2699 794 2730 oculi
818 2703 897 2731 sunt

197 2747 232 2778 in
249 2757 361 2780 amore
378 2748 501 2780 duces’
524 2748 601 2779 vide
616 2749 705 2790 apud
722 2749 894 2780 Hoeschel.

194 2797 230 2828 in
243 2798 448 2839 HorapoLp.
463 2801 535 2830 184.
559 2799 736 2831 Barthium
753 2799 786 2830 in
802 2799 895 2831 Cirin

195 2850 248 2879 68.
265 2849 386 2891 Chrys.
404 2849 532 2881 Homil.
546 2853 576 2881 3.
587 2849 629 2880 de
642 2849 753 2880 verbis
769 2849 895 2889 Esaiae,

197 2897 208 2914 ‘
223 2899 290 2930 vidi
301 2899 509 2941 Dominum,'
522 2910 554 2943 p.
569 2902 645 2932 862.
677 2899 820 2934 Quintil.
834 2899 892 2931 de-

954 1046 1160 1080 clamatione
1186 1056 1213 1080 1.
1234 1046 1361 1079 ‘vitiis
1378 1045 1503 1079 nostris
1526 1045 1559 1078 in
1583 1047 1655 1079 ani·

953 1106 1043 1129 mum
1072 1107 1133 1138 per
1156 1098 1272 1130 oculos
1296 1099 1350 1129 via
1370 1098 1447 1130 est.’
1493 1097 1591 1130 Nilus
1606 1099 1655 1129 in-

953 1147 1078 1188 signite
1095 1157 1222 1188 paraen.
1246 1150 1300 1179 67.
1323 1146 1499 1188 ἆσφαλίζου
1511 1147 1572 1186 τὴν
1587 1147 1658 1179 ἀκο-

955 1196 996 1234 ὴν
1020 1196 1070 1228 καὶ
1094 1196 1167 1228 τοὺς
1193 1196 1380 1237 ὀφθαλμοὺς,
1406 1198 1444 1228 δι’
1468 1197 1570 1229 αὐτῶν
1594 1197 1656 1238 γὰρ

955 1245 1059 1278 πάντα
1080 1247 1121 1278 τὰ
1144 1246 1226 1284 βέλη
1253 1249 1311 1285 τῆς
1332 1247 1440 1279 κακίας
1461 1247 1653 1289 εἰσέρχεται.

955 1297 1099 1328 Hieron.
1112 1297 1153 1328 ad
1161 1307 1275 1328 versus
1285 1297 1503 1330 Jovinianum
1515 1307 1559 1330 ιι.
1573 1299 1656 1340 ‘per

955 1346 1129 1378 oculorum
1143 1345 1310 1379 fenestras
1317 1347 1436 1379 animae
1447 1347 1588 1380 libertas
1598 1358 1656 1381 ca-

954 1396 1070 1437 pitur.'

994 1448 1057 1477 244
1080 1446 1166 1478 Leno
1192 1448 1311 1488 oculus]
1333 1447 1537 1488 Προαγωγός.
1566 1448 1655 1480 Pru-

951 1495 1045 1527 dent.
1077 1496 1273 1538 Hamartig.
1303 1507 1337 1529 v.
1365 1501 1441 1530 261.
1470 1497 1653 1531 ‘solvendi

950 1546 1026 1578 leno
1042 1546 1207 1587 pudoris,'
1230 1548 1272 1579 de
1289 1558 1371 1579 auro
1390 1549 1551 1590 loquitur.
1595 1548 1654 1581 Ita

948 1596 982 1627 in
994 1596 1178 1628 Catalectis
1189 1597 1374 1638 Scaligeri:
1389 1598 1399 1614 ‘
1413 1598 1458 1629 Se
1471 1597 1653 1630 Narcissus

948 1651 1040 1679 amat
1062 1653 1184 1688 captus
1205 1648 1383 1680 lenonibus
1403 1648 1527 1680 undis:
1564 1649 1653 1681 Gar-

948 1697 993 1728 rit
1018 1699 1174 1737 proeludia
1200 1699 1282 1740 voti]
1313 1697 1576 1740 Ἀκροβολισμοὺς
1595 1708 1656 1731 no-

949 1746 1058 1778 minat
1089 1746 1211 1779 Aeliill.
1239 1748 1370 1781 Tatius.
1425 1748 1652 1781 Macedonius

949 1796 1055 1829 Anth.
1080 1797 1234 1830 Graecor.
1260 1799 1431 1840 Epigram.
1456 1797 1653 1840 χρεμέτισμα

948 1846 1153 1887 προκέλευθον
1165 1848 1328 1888 praeludia
1339 1849 1468 1889 garrire
1478 1850 1563 1881 vult.
1581 1849 1651 1880 Eu-

948 1896 1068 1937 ripidis
1093 1897 1273 1939 Interpres
1297 1898 1331 1930 in
1353 1899 1500 1932 Oreste:
1523 1900 1580 1938 τῆς
1594 1901 1652 1940 ψυ-

945 1947 1008 1987 χῆς
1027 1949 1133 1979 παθῶν
1147 1947 1261 1981 εἰκόνες
1275 1949 1305 1980 οἱ
1319 1948 1485 1992 ὀφθαλμοὶ,
1503 1960 1537 1992 p.
1554 1953 1629 1983 142.

988 2000 1050 2029 245
1075 1998 1245 2038 Peregrini
1273 1999 1427 2040 Tyndaris
1451 2001 1523 2032 auri
1546 2001 1651 2033 Blan-

948 2047 1048 2078 ditias
1068 2048 1188 2089 hausit]
1213 2049 1362 2081 Lucilius
1391 2051 1492 2092 scite,
1514 2056 1552 2083 ut
1577 2053 1651 2094 qui·

950 2096 1027 2128 dem
1038 2098 1178 2129 illustris
1189 2098 1342 2140 Scaliger
1355 2100 1536 2132 concinnat
1550 2111 1559 2132 :
1573 2105 1651 2134 ‘ne-

949 2157 1118 2188 quaquam
1146 2152 1198 2179 est
1220 2158 1338 2181 aurum
1354 2151 1466 2182 aureis
1482 2152 1576 2192 cujus
1592 2161 1651 2183 ve-

948 2197 1140 2229 hementius
1154 2198 1282 2230 ambit.'
1331 2199 1422 2231 Vide
1437 2201 1588 2232 Dousam
1605 2201 1651 2233 ad

951 2246 1072 2277 Lucilii
1088 2246 1291 2287 fragmenta.

993 2298 1057 2327 246
1082 2297 1302 2338 Complutaque
1316 2298 1432 2331 murice
1443 2299 1526 2341 vela]
1559 2299 1649 2332 Vide

951 2354 976 2377 1.
992 2348 1067 2376 471.

993 2398 1057 2426 249
1086 2396 1202 2428 Juvem'
1219 2395 1277 2434 fas
1300 2396 1435 2438 invidet]
1470 2396 1569 2439 Ἐξὸν,
1596 2398 1649 2430 καὶ

947 2445 1085 2484 θεμιτόν;
1100 2447 1149 2478 ita
1158 2446 1253 2479 nefas
1261 2446 1420 2480 ἀδύνατον.
1429 2448 1515 2481 Hor.
1523 2449 1533 2466 ‘
1543 2450 1649 2483 Quic-

950 2498 1030 2539 quid
1057 2498 1225 2538 corrigere
1255 2503 1308 2531 est
1336 2499 1456 2531 nefas.’
1489 2500 1584 2534 Plut.
1610 2502 1647 2534 in

950 2548 1084 2579 Paulo:
1108 2547 1232 2586 θεμιτὸν
1252 2548 1308 2580 οὐκ
1326 2548 1394 2580 ἔστι
1414 2549 1457 2588 μὴ
1483 2549 1648 2586 βάλλοντα

951 2599 1165 2638 κατευτυχεῖν.
1203 2598 1302 2639 Virg.
1319 2598 1329 2615 ‘
1344 2600 1530 2631 Mortaline
1546 2610 1648 2632 manu

950 2647 1049 2680 factae
1058 2648 1248 2680 immortale
1259 2649 1383 2680 carinae
1391 2650 1456 2680 Fas
1466 2649 1612 2682 habeant
1623 2651 1649 2682 ἓ·

951 2707 1005 2730 rx.
1027 2698 1101 2730 AEn.
1128 2698 1232 2730 Ovid.
1257 2708 1299 2731 11.
1323 2699 1467 2731 Metam.
1497 2699 1566 2732 fab.
1591 2704 1644 2734 16.

950 2749 1079 2790 ‘neque
1095 2749 1183 2780 enim
1196 2749 1381 2781 succedere
1398 2751 1497 2782 tectis
1508 2751 1572 2782 Fas
1586 2751 1648 2784 ha-

950 2798 1030 2830 bet?
1074 2799 1177 2830 Prud.
1205 2799 1387 2832 Ἀποθεῶσει
1422 2804 1496 2832 976.
1519 2802 1529 2819 ‘
1552 2803 1645 2834 Dum

948 2853 1158 2890 transgressa
1173 2850 1242 2882 Dei
1259 2850 1405 2892 positum
1425 2850 1477 2882 fas
1491 2851 1644 2894 improba

947 2899 1081 2932 calcat.’
