1889 3194
249 314 332 354 512

251 418 309 459 Et
329 417 543 472 quicquid
565 415 739 470 cupidis
761 414 884 456 Mars
904 427 1003 463 usu,
1025 412 1243 454 Mulciber
1264 416 1369 463 arte,

772 320 977 352 JOSEPHI
1012 319 1178 350 ISCANl

1612 411 1699 453 310

252 486 448 539 Ingessit
467 485 586 534 satis,
609 484 864 533 cumulant3
895 480 1076 522 tortoris
1099 480 1217 521 Iberi

250 553 280 595 J
285 558 426 598 actus,
442 552 627 594 insidias
646 550 815 600 Parthi,
832 549 1065 590 libramina
1086 548 1219 589 Daci.

253 619 351 669 Ille,
371 620 492 661 velut
512 618 675 659 Siculis
695 616 925 668 insurgens
944 618 1078 658 umbo
1095 613 1320 668 procellis,

251 686 561 739 Instantesque
581 683 749 738 premit,
770 686 901 736 atque
922 683 1010 723 iras
1030 681 1140 723 ridet
1160 681 1330 722 inanes.

254 753 386 794 Parte
407 753 497 794 alia
513 751 716 792 Paridem
739 749 956 803 Phrygios
975 748 1021 788 in
1039 748 1158 789 bella
1178 753 1409 789 vocantem

1612 747 1701 789 315

252 820 444 862 Infestat
458 818 688 860 Menelaus
708 830 854 870 agens,
874 816 1115 871 paucisque
1135 815 1336 868 profatus

254 888 485 941 Increpat:
520 884 803 938 Agnoscisne,
822 883 1018 937 hospes?
1050 882 1328 922 reminiscere
1351 880 1524 922 tandem

254 954 497 1007 Spartanos
518 951 715 993 coluisse
735 950 897 992 Lares:
928 948 983 990 ad
1003 952 1154 988 mutua
1174 948 1276 989 veni

255 1020 483 1073 Hospitia‚
503 1018 614 1059 heus
635 1030 731 1070 age,
747 1016 878 1058 redde
900 1015 1036 1064 vices,
1057 1014 1143 1056 duc
1160 1014 1377 1068 Pergama
1400 1019 1545 1056 tecum

255 1087 305 1129 Si
325 1099 414 1140 qua
432 1086 549 1127 domi
566 1084 778 1139 rapienda
797 1083 878 1125 tibi
895 1096 905 1124 :
946 1094 1140 1136 quonam
1161 1095 1296 1135 usque
1316 1082 1500 1123 moraris
1513 1082 1532 1121 ‘i

1616 1079 1702 1123 320

254 1153 285 1195 J
289 1167 402 1207 unge
423 1165 580 1194 manus
597 1165 607 1194 t
649 1165 755 1193 num
775 1155 898 1203 terga
919 1150 1082 1203 paras?
1112 1149 1185 1189 ille
1213 1153 1304 1190 arte
1325 1147 1556 1203 Cydonum

259 1220 432 1270 Fretus,
454 1219 600 1260 Icirea
618 1218 785 1260 delibat
806 1216 989 1271 cuspide
1010 1216 1196 1256 frontem

256 1287 494 1341 Principis,
515 1290 645 1340 atque
665 1285 799 1335 addit,
817 1284 840 1326 I
860 1296 992 1334 nunc,
1012 1283 1178 1324 accedo
1201 1282 1351 1336 petitis
1369 1295 1381 1323 z

257 1354 334 1396 Sic
354 1353 573 1396 Helenam
593 1353 753 1403 visure,
775 1352 888 1394 veni.
931 1350 1168 1392 Crudescit
1187 1350 1231 1391 in
1253 1350 1363 1391 iram

862 1479 1100 1497 muno-‘ceo

301 1573 365 1603 322
388 1570 497 1602 lturea
518 1569 671 1601 Dresem.
707 1567 797 1600 Vide
813 1572 884 1600 not.

915 1672 1061 1706 NOTAE

259 1761 363 1785 unum
385 1751 510 1784 Omnia
532 1752 602 1783 tela
627 1749 776 1791 vovent,’
791 1751 856 1782 &c.
879 1759 956 1792 quae

260 1802 344 1833 inibi
361 1802 479 1833 multa.

304 1854 366 1883 311
383 1851 521 1890 Ingessit
534 1849 634 1890 satis]
651 1850 879 1882 Declarantur
894 1858 957 1890 per

260 1901 334 1940 illa,
344 1911 419 1942 quae
432 1901 490 1933 lib.
501 1911 527 1933 ι.
538 1900 581 1932 de
592 1902 729 1932 inventa
739 1900 956 1940 navigatione

259 1952 375 1983 multis
399 1951 510 1982 dicta:
534 1951 544 1969 ‘
567 1951 659 1982 ferat
681 1951 756 1992 ipsa
778 1955 956 1982 cruentum

261 2001 362 2035 Quod
389 2002 524 2043 peperit
553 2000 685 2041 fatum‚’
707 2010 732 2032 r.
758 2004 812 2032 92.
835 2005 872 2032 et
897 2009 956 2032 111.

262 2053 337 2082 155.
360 2053 426 2084 ὅτε.
452 2051 604 2092 inprimis
626 2053 743 2083 1.126.
773 2050 783 2067 ‘
800 2059 881 2091 gens
906 2050 956 2081 in-

261 2101 337 2133 cola
352 2100 458 2132 fatum
475 2101 557 2141 Ipsa
572 2099 680 2132 facit!

304 2153 367 2182 312
389 2150 571 2182 Libramina
595 2151 695 2192 Daci]
717 2151 806 2182 Vide
833 2160 858 2183 1.
882 2154 957 2184 298.

261 2200 455 2232 Manutium
489 2209 530 2232 11.
563 2200 647 2232 Crit.
679 2200 781 2232 Thes.
824 2210 857 2242 p.
882 2204 956 2233 304.

262 2250 431 2283 Alexand.
455 2250 496 2282 ab
513 2249 681 2282 Alexand.
697 2260 763 2282 vn.
793 2254 846 2283 22.
873 2251 956 2283 inibi

260 2300 504 2341 Tiraquellum,
516 2305 553 2332 et
569 2300 761 2332 Luctatium
777 2301 819 2332 ad
830 2301 955 2342 Papin.

262 2358 313 2381 ιν.
327 2349 435 2380 Theb.

305 2401 368 2430 313
387 2399 458 2438 Ille,
470 2399 551 2430 velut
562 2398 676 2430 Siculis
690 2398 853 2438 insurgens
866 2399 955 2430 umbo

259 2448 416 2489 procellis]
428 2449 618 2480 Similitudo
629 2447 790 2490 frequens
804 2449 955 2481 maximis

263 2499 396 2540 Poetis,
422 2500 586 2539 Homero,
607 2499 767 2540 Virgilio,
791 2500 955 2541 Papinio:

263 2548 353 2588 quod
370 2553 406 2580 et
420 2558 563 2590 magnus
585 2550 716 2581 notavit
738 2550 892 2590 Scaliger
906 2559 957 2582 vr.

262 2598 388 2640 Papin.
405 2600 554 2631 breviter
569 2600 629 2631 sed
641 2599 848 2632 efficaciter:
863 2602 872 2619 ‘
889 2601 956 2632 vel-

264 2649 315 2679 uti
342 2650 418 2681 salit
439 2650 529 2681 unda
552 2650 719 2681 minantes
733 2650 774 2681 In
790 2651 959 2691 scopulos,

264 2703 301 2729 et
323 2697 435 2730 fracta
461 2698 573 2730 redit.'
619 2699 740 2731 Cicero
756 2701 848 2740 prius
864 2699 960 2731 dixe-

265 2752 318 2778 rat
334 2748 367 2778 in
385 2749 493 2789 Epist.
505 2757 556 2780 lx.
568 2751 620 2780 16.
644 2748 654 2765 ‘
667 2747 834 2780 fortunam
851 2749 960 2781 levem

266 2801 302 2826 et
317 2796 516 2829 imbecillam
532 2798 573 2829 ab
587 2798 697 2830 animo
713 2798 808 2830 firmo
825 2804 860 2831 et
885 2810 959 2840 gra-

267 2846 311 2885 vi,
338 2851 496 2888 tanquam
523 2847 663 2881 fluctum
690 2858 710 2880 a
736 2859 828 2891 saxo,
852 2849 960 2891 frangi

1009 1746 1194 1789 oportere)
1238 1746 1350 1779 Umbo
1379 1750 1492 1780 autem
1522 1750 1578 1780 est
1598 1748 1701 1791 πρῶνε

1010 1803 1048 1830 ut
1065 1798 1189 1838 Papin.
1206 1797 1240 1828 in
1258 1797 1408 1829 Hercule
1422 1798 1575 1830 Surrent.
1599 1803 1608 1817 ¹
1624 1809 1706 1831 con·

1009 1852 1065 1880 tra
1081 1848 1171 1889 riget
1187 1848 1286 1878 umbo
1306 1848 1444 1888 maligni
1461 1848 1589 1880 Montis
1601 1847 1625 1888 ;‘
1647 1848 1706 1888 ἄμ-

1009 1899 1083 1934 βων.
1128 1897 1274 1928 Varroni
1292 1906 1342 1929 ιν.
1357 1897 1400 1928 de
1418 1897 1499 1938 ling.
1516 1897 1593 1930 Lat.
1608 1908 1706 1930 usur-

1010 1952 1111 1989 patur
1132 1956 1193 1988 pro
1217 1947 1307 1978 omni
1323 1947 1413 1986 quod
1429 1948 1576 1980 eminet:
1599 1948 1707 1990 Papi-

1010 1998 1066 2030 nio
1093 2007 1154 2040 pro
1178 1998 1313 2038 clypeo,
1334 2001 1429 2038 toga,
1451 1997 1600 2038 brachio,
1615 2003 1654 2030 ut
1670 2002 1706 2031 et

1011 2047 1214 2079 Bernartius
1245 2047 1286 2078 ad
1317 2056 1341 2078 ι.
1364 2048 1531 2080 Thebaid.
1560 2049 1706 2081 notavit.

1011 2097 1101 2128 Vide
1118 2106 1274 2137 magnum
1291 2096 1452 2137 Scaliger.
1480 2097 1514 2129 in
1534 2098 1707 2140 conjecta-

1011 2147 1083 2179 neis
1100 2146 1142 2177 ad
1159 2146 1346 2178 Varronem
1363 2156 1396 2187 p.
1408 2150 1460 2178 50.

1053 2200 1115 2228 321
1133 2197 1193 2229 Ille
1208 2201 1278 2228 arte
1293 2197 1452 2238 Cydonum
1465 2197 1579 2229 Fretus
1587 2197 1706 2239 Icirea]

1011 2247 1208 2288 Legendnm
1237 2247 1366 2279 Iturea:
1396 2252 1436 2278 ut
1461 2248 1558 2288 Virg.
1574 2248 1706 2290 Georg-

1010 2306 1052 2329 11.
1069 2299 1078 2314 ‘
1092 2298 1228 2329 Itureos
1242 2298 1312 2329 taxi
1327 2302 1529 2339 torquentur
1544 2298 1579 2330 in
1590 2298 1713 2332 arcus!

1010 2348 1165 2380 Lucanus
1182 2357 1248 2380 vn.
1270 2349 1280 2366 ‘
1294 2347 1381 2379 Illuc
1401 2352 1436 2379 et
1455 2348 1560 2389 Libye
1584 2349 1708 2380 Numi-

1009 2398 1080 2440 das²
1096 2403 1131 2429 et
1147 2399 1252 2430 Creta
1267 2398 1424 2439 Cydonas
1440 2398 1562 2430 Misit:
1579 2397 1706 2430 Itureis

1010 2458 1127 2480 cursus
1139 2447 1204 2480 fuit
1216 2448 1293 2479 inde
1307 2448 1462 2489 sagittis.’
1473 2447 1593 2479 eodem
1602 2447 1706 2479 libro:

1009 2501 1019 2518 ‘
1036 2500 1134 2531 Tunc
1160 2505 1195 2531 et
1218 2499 1338 2540 Itur-ei,
1361 2498 1535 2540 Medique,
1559 2496 1705 2529 Arabes·

1011 2559 1089 2590 que,
1105 2549 1215 2580 soluto
1232 2548 1325 2580 Arcu
1342 2548 1443 2579 turba
1458 2547 1595 2578 minax.'
1636 2546 1710 2578 Itu-

1011 2599 1062 2631 rei
1079 2600 1211 2640 populi,
1229 2599 1278 2629 ait
1305 2597 1437 2629 Probus
1454 2597 1497 2628 ad
1514 2596 1709 2637 Virgilium,

1010 2650 1174 2691 Scythiae,
1188 2649 1243 2681 vel
1265 2648 1372 2688 Syriae
1395 2646 1533 2686 rectius,
1547 2652 1585 2678 ut
1600 2646 1707 2678 Scali-

1014 2710 1074 2742 ger
1086 2700 1173 2741 legit
1186 2699 1220 2730 in
1236 2699 1302 2730 suis
1318 2698 1361 2730 ad
1374 2698 1560 2728 Varronem
1573 2696 1709 2737 conjec-

1013 2750 1136 2783 taneis.
1164 2755 1174 2769 ‘
1185 2747 1354 2790 Ithyraei,'
1365 2747 1417 2778 vel
1434 2751 1443 2765 ‘
1457 2746 1643 2786 Ithaaraei,’
1657 2747 1708 2779 ait

1013 2799 1134 2831 Vibius
1155 2799 1349 2839 Sequester,
1374 2796 1489 2828 libello
1514 2796 1557 2827 de
1585 2796 1706 2829 Genti-

1014 2850 1090 2891 bus,
1113 2851 1122 2868 ‘
1140 2849 1230 2891 Syrii
1247 2858 1308 2881 usu
1323 2847 1451 2890 sagittae
1469 2847 1594 2889 periti.’
