1889 3194
528 758 893 810 RECENSUS
939 757 1282 809 CODICUM
1329 759 1486 809 MSS·

343 904 618 948 DICTYOS
653 904 1021 956 CRETENSIS,
1059 903 1336 948 DARETIS
1369 904 1670 956 PHRYGII,

684 994 764 1036 ΕΤ
792 993 1063 1038 JOSEPHI
1094 993 1330 1045 ISCANI,

384 1140 469 1173 QUI
490 1141 545 1173 IN
569 1139 910 1175 BIBLIOTHECIS
934 1140 1252 1174 BRITANNICIS
1279 1138 1633 1173 ASSERVANTUR.

671 1453 835 1497 Codices
854 1455 899 1497 in
922 1453 1070 1497 Museo
1092 1454 1352 1498 Britannico.

345 1568 403 1609 ΙΝ
440 1566 642 1610 Biblioth.
674 1567 782 1624 Reg.
811 1570 841 1611 6
870 1569 907 1611 C
931 1580 1042 1610 vm.
1072 1569 1172 1611 cod.
1201 1570 1439 1613 membran.
1472 1581 1577 1611 saec.
1608 1577 1729 1609 xm.

285 1634 390 1675 olim
411 1634 458 1675 S.
482 1635 640 1678 Mariae
666 1635 995 1691 RyevallensiS,
1018 1637 1226 1688 continet,
1245 1650 1348 1679 cum
1367 1636 1513 1678 Paulo
1546 1634 1726 1684 Oresio,

286 1701 465 1742 Daretis
491 1702 670 1756 Phrygii
690 1703 745 1743 de
766 1703 894 1745 Bello
928 1703 1124 1758 Trojano
1146 1703 1271 1746 Hist.
1304 1702 1511 1746 Cornelio
1545 1703 1726 1757 Nepote

283 1767 353 1821 (ut
373 1768 488 1810 falso
509 1768 663 1821 fertur)
683 1768 935 1823 interprete.

342 1834 398 1875 10
417 1833 476 1876 A.
500 1845 551 1876 x.
570 1836 612 1877 6.
643 1835 726 1877 Est
746 1836 891 1878 codex
914 1836 1173 1879 chartaceus
1202 1850 1306 1879 saec.
1323 1847 1431 1880 xv1.
1452 1836 1727 1891 complexus,

285 1913 386 1942 cum
407 1901 509 1943 aliis
529 1903 683 1955 variis,
707 1903 886 1946 Daretis
907 1903 1087 1959 Phrygii
1101 1905 1224 1948 Hist.
1239 1904 1436 1959 Nepotis
1455 1916 1616 1946 nomen
1627 1902 1726 1958 jac-

283 1971 464 2010 tantem.

340 2035 397 2077 13
416 2036 473 2078 A.
492 2047 535 2076 v.
574 2035 684 2078 Cod.
727 2037 966 2079 membran.
1007 2050 1113 2080 saec.
1143 2049 1252 2081 xlv.
1292 2038 1576 2092 complexus,
1613 2037 1727 2080 inter

286 2102 376 2144 alia
393 2103 546 2153 multa,
570 2104 749 2146 Daretis
770 2104 953 2158 Phrygii
974 2105 1236 2148 Historiam.

339 2170 396 2210 15
415 2169 472 2211 A.
496 2180 631 2211 xxii.
661 2170 772 2213 Cod.
793 2172 1035 2213 membran.
1055 2185 1161 2214 saec.
1184 2182 1282 2213 xn.
1298 2171 1509 2223 continet,
1523 2184 1610 2214 una
1624 2184 1725 2213 cum

281 2232 528 2290 Prophetia
548 2237 834 2291 Sibyllarum,
856 2241 900 2279 et
920 2239 1019 2281 aliis
1040 2239 1322 2294 quibusdam,
1344 2238 1524 2281 Daretis
1544 2237 1726 2295 Phrygii

284 2302 545 2345 Historiam.

341 2370 394 2410 In
428 2367 630 2411 Biblioth.
653 2369 783 2411 Harl.
815 2371 878 2413 N.
899 2372 970 2413 65.
1025 2372 1207 2414 Daretis
1240 2372 1422 2427 Phrygii
1457 2371 1579 2414 Hist.
1609 2371 1725 2414 Belli

283 2436 483 2490 Trojani,
517 2450 616 2478 cum
637 2437 739 2478 aliis
773 2438 939 2480 multis.
996 2439 1249 2492 Praefigitur
1283 2439 1486 2493 Epistola
1525 2437 1722 2480 cornelii

285 2503 492 2557 Nepotis.
544 2503 655 2545 Cod.
677 2505 914 2545 membran.
935 2505 1127 2547 charact.
1150 2506 1284 2548 Goth.
1305 2518 1412 2547 saec.
1434 2516 1551 2547 xlu.

341 2570 400 2610 N.
423 2571 550 2611 3114.
581 2570 690 2611 Cod.
711 2572 948 2612 membran.
970 2585 1072 2614 saec.
1097 2584 1184 2613 xv.
1217 2573 1409 2627 Dictyos
1429 2572 1649 2614 Cretensis
1670 2571 1724 2614 de

284 2636 417 2677 Bello
445 2637 664 2690 Trojano;
707 2638 801 2678 sine
841 2640 1208 2690 annotationibus,
1250 2639 1327 2680 sed
1360 2638 1495 2679 nitide
1530 2638 1723 2692 scriptus

285 2703 475 2744 charact.
497 2703 672 2745 Italico.

341 2769 393 2809 In
429 2768 631 2810 Biblioth.
660 2768 824 2813 Cotton.
858 2772 1090 2822 Claudius,
1124 2773 1177 2813 B.
1200 2783 1290 2813 v11.
1327 2775 1395 2813 est
1426 2770 1526 2812 cod.
1558 2773 1719 2825 partim

284 2836 519 2876 membran.
542 2837 699 2889 partim
723 2837 916 2881 chartac.
936 2839 1212 2893 complexus,
1246 2851 1344 2880 eum
1375 2837 1475 2879 aliis
1502 2839 1722 2892 plurimis,
