1889 3194
474 293 622 324 PAULl
658 293 912 323 VINDlNGll
947 293 1086 324 NOTAE
1122 294 1170 324 ΙΝ
1206 296 1299 325 LlB.
1333 296 1363 325 1.

196 394 296 416 unum
310 385 499 416 conducta.’

241 437 391 476 Consilio]
428 438 633 469 Constanter
659 438 746 469 hanc
772 437 890 468 lectio-

193 494 269 516 nem
287 486 498 517 retinendam
511 497 646 522 censeo,
659 492 692 518 et
704 497 770 518 uon
783 493 790 505 ‘
802 488 890 519 Con-

192 535 294 567 cilio.’
336 537 503 577 Exempla
533 538 622 578 apud
650 543 799 569 nostrum
832 537 889 569 ob-

194 595 258 616 via.

238 635 374 670 Quantis
399 636 594 676 mortalibus]
619 638 711 670 Quot
739 636 888 668 mortali-

192 684 268 724 bus,
286 690 375 716 utet
392 685 471 716 alibi
499 688 655 726 ‘quantis
670 687 677 699 ’
705 687 794 727 apud
820 687 888 718 Au-

192 735 324 766 thoretn
357 744 417 775 pro
446 736 455 752 ‘
472 735 576 776 quot’
600 737 764 772 invenies,
790 746 831 767 ιι.
854 740 885 768 6.

189 786 200 802 ⁴
212 785 256 815 Et
274 785 390 825 quanti
407 785 585 826 Pelopidae
603 786 636 816 in
650 795 689 816 ea
702 787 820 817 militia
836 796 886 817 es·

189 833 289 865 sent.'
333 834 368 865 Si
391 835 591 874 ‘quantam'
615 845 676 876 pro
700 836 709 853 ‘
725 837 860 876 quantis
877 835 886 849 '

190 883 325 923 legeris,
349 884 430 914 nihil
460 884 538 915 inde
569 885 770 916 incommodi
808 886 884 916 erit.

189 932 361 965 Quantam
378 933 513 964 scilicet
532 934 798 974 indignationem
818 940 884 966 tam

188 986 287 1013 atrox
303 981 433 1013 facinus
449 983 630 1014 incuteret.

231 1032 249 1072 ς
265 1034 284 1062 7
307 1032 489 1063 Alexander
511 1043 579 1065 cum
593 1034 780 1074 supradictis
794 1035 885 1065 comi-

187 1081 270 1112 tibus
284 1082 386 1123 venit]
403 1083 551 1115 Joannes
571 1083 800 1115 Antiochenus
816 1085 884 1116 Ms.

186 1131 219 1161 in
247 1132 460 1163 Bibliotheca
486 1133 685 1174 Bodleiana,
709 1133 883 1174 quilib.v.

187 1179 313 1221 Χρόνων
336 1185 476 1224 Τρωῖκῶν
502 1183 605 1214 multa
622 1194 662 1214 ex
679 1184 785 1224 Dicty
799 1185 883 1215 reci-

187 1237 248 1269 tat,
272 1233 355 1264 alias
380 1233 651 1265 circumstantias
677 1234 795 1272 addit;
819 1235 882 1265 sci-

185 1283 267 1315 licet
281 1283 526 1320 Alexandrum,
548 1290 626 1325 post
643 1287 696 1316 33.
716 1294 881 1317 annorum

185 1333 218 1364 in
235 1343 316 1374 agro
333 1333 505 1366 Amandra
526 1345 667 1372 moram,
681 1335 814 1375 Trojam
831 1335 880 1366 in-

186 1392 337 1422 gressum
366 1383 470 1416 fuisse
496 1383 568 1423 μηνὶ
596 1386 729 1424 Ξανθικῷ
755 1387 801 1424 τῷ
829 1384 881 1417 καὶ

184 1431 363 1473 Ἀπριλλίω.

229 1483 413 1523 Exemplum
428 1482 597 1524 facinoris]
630 1484 815 1525 Egregium
841 1485 879 1516 il-

184 1531 241 1562 lud
259 1533 345 1563 Livii
370 1537 425 1563 est
451 1541 555 1564 xxvr.
580 1537 588 1551 ‘
605 1533 659 1564 Ad
685 1535 798 1575 plures
821 1545 879 1566 ex-

183 1582 344 1622 emplum,
369 1592 468 1623 quam
491 1583 666 1615 calamitas
697 1585 877 1625 pertinet;⁷

183 1638 220 1664 et
246 1633 338 1669 alibi,
369 1633 521 1664 ‘diutius
549 1634 674 1666 durant
709 1636 877 1676 exempta,

182 1693 282 1724 quam
305 1693 414 1715 mores
427 1683 446 1722 ;’
477 1689 512 1715 et
542 1694 583 1716 11.
618 1686 627 1702 ‘
646 1686 769 1727 Neque
798 1687 877 1718 huic

182 1738 251 1764 tam
269 1734 441 1774 pestilenti
462 1736 621 1775 exemplo
642 1736 794 1768 remedia
809 1737 877 1768 ulla

180 1784 223 1815 ah
239 1784 445 1824 imperatore
462 1785 604 1826 quaesita
620 1785 720 1817 sunt.'

224 1836 242 1875 ς
259 1837 279 1865 8
302 1834 419 1874 Reguli
439 1838 563 1875 repente
586 1836 749 1868 consilium
764 1837 876 1868 irrum-

176 1884 271 1925 punt]
299 1884 433 1925 Ubique
463 1885 552 1926 apud
579 1886 754 1918 authorem
785 1888 877 1919 Pria·

181 1935 281 1966 midae
299 1941 377 1967 sunt
394 1936 514 1977 Reguli
528 1947 536 1974 ;
555 1941 591 1967 ut
607 1945 643 1968 u.
659 1939 709 1969 14.
722 1937 765 1968 de
781 1938 876 1969 Pria-

180 1994 254 2016 mo:
280 1985 290 2002 ‘
317 1985 367 2017 ire
397 1986 428 2016 in
458 1987 634 2017 consilium
664 1988 805 2027 cupiens
833 1987 875 2018 ab

181 2035 306 2075 regulis
332 2035 502 2067 cohibitus
530 2041 592 2067 est.
637 2036 707 2077 lpsi
732 2045 875 2077 namque

181 2095 242 2126 pro
270 2086 390 2117 relicto
412 2092 509 2126 patre
530 2092 732 2118 conventum
755 2087 874 2118 irrum-

180 2140 265 2176 punt
278 2138 297 2174 ;’
312 2140 348 2167 et
370 2145 403 2167 v.
425 2138 435 2153 ‘
453 2136 608 2168 Priamus
631 2146 706 2168 cnm
730 2137 874 2168 residuis

178 2187 305 2226 regulis
319 2187 429 2225 venit;
444 2195 520 2216 nam
534 2191 676 2217 caeteros
690 2186 780 2217 bello
794 2187 875 2218 ami-

178 2236 294 2268 serat.'
331 2237 410 2268 Scio
426 2242 461 2267 et
478 2237 611 2276 regulos
629 2246 688 2276 pro
705 2237 875 2276 Magnati-

178 2286 239 2318 bus
262 2287 332 2317 sive
358 2287 451 2327 regio
474 2287 635 2327 sanguiue
663 2287 747 2318 ortis
765 2287 872 2318 sumi:

177 2337 226 2368 ita
243 2337 379 2376 vulgata
395 2337 517 2368 versio.

221 2388 238 2427 ξ
257 2389 277 2417 9
300 2386 483 2417 Dardanum
495 2385 640 2424 genuisse
659 2395 698 2416 ex
711 2395 768 2426 quo
786 2387 874 2427 Tros,

175 2435 247 2478 ξω]
270 2437 353 2468 Tros
369 2436 423 2467 hic
439 2446 504 2467 non
523 2435 610 2466 filius
628 2436 782 2467 Dardani
806 2442 873 2476 est,

177 2487 236 2518 sed
262 2487 333 2528 ejus
360 2496 403 2517 ex
428 2486 647 2517 Erichthonio
669 2491 704 2517 et
730 2485 874 2517 Olizona

176 2546 304 2577 nepos;
329 2536 418 2567 unde
445 2536 571 2567 Noster
593 2544 642 2566 ιν.
673 2536 683 2553 ‘
699 2536 872 2567 Electram

177 2587 344 2627 genuisse,
371 2596 413 2617 ex
442 2596 506 2626 qua
537 2590 648 2616 ortum
677 2586 872 2616 Dardanum

176 2636 328 2667 Olizonae
353 2635 473 2666 Phinei
498 2635 668 2676 junctum,
694 2635 873 2667 Erichtho-

175 2686 265 2717 nium
283 2686 315 2717 ei
331 2686 488 2717 dedisse:
510 2686 584 2726 ejus
604 2684 714 2716 Tros!
747 2686 792 2716 Et
808 2685 872 2716 Ar-

175 2735 288 2765 rianus
309 2734 352 2765 de
371 2735 556 2765 Dardano:
581 2733 740 2773 Δάρδανος
761 2735 796 2765 ἐκ
811 2733 872 2767 Σά-

174 2797 233 2822 μου
248 2785 303 2821 τῆς
324 2784 457 2826 Θρᾳκίας
479 2785 576 2816 ἐλθὼν
597 2783 654 2814 τὰς
670 2785 727 2814 τοῦ
740 2786 873 2825 Τεύκρου

175 2834 330 2869 βασιλέως
363 2834 532 2876 θυγατέρας
561 2834 667 2875 ἔγημε,
702 2836 795 2873 Νησὼ
822 2836 872 2868 καὶ

1554 285 1638 327 621

940 386 1079 419 Βάτειαν.
1094 386 1144 418 καὶ
1160 388 1194 418 ἐκ
1208 387 1264 426 μὲν
1283 389 1340 425 τῆς
1361 388 1485 425 Νησοῦς
1500 387 1539 425 ἦν
1554 390 1639 428 αὐτῷ

939 437 1076 477 θυγάτηρ
1100 437 1257 476 Σίβυλλα,
1290 440 1354 468 &c-
1385 439 1420 469 ἐκ
1447 438 1576 470 Βατείας
1604 438 1637 470 δὲ

937 486 1122 527 Ἐριχθόνιος
1144 487 1196 518 καὶ
1212 487 1313 519 Ἶλος.
1359 488 1427 519 Sed
1452 488 1505 519 hic
1525 489 1638 519 omnia

942 537 1098 578 Apolline
1124 542 1244 577 egent;
1266 548 1343 568 nam
1369 537 1544 569 Olizonam
1568 547 1638 568 ma·

940 594 1023 617 trem
1042 587 1251 618 Erichthonii
1270 587 1394 627 Dictys
1417 588 1553 628 statuit,
1571 587 1636 618 Ar-

939 637 1050 667 rianus
1066 636 1212 674 Batian;
1235 636 1324 667 Ilum
1347 637 1403 667 ille
1427 636 1637 668 Erichthonii

937 692 1108 727 nepotem,
1124 686 1179 717 hic
1195 685 1349 718 fratrem.
1393 686 1462 717 Sed
1478 687 1550 717 haec
1566 696 1636 716 om-

936 735 992 766 nia
1014 735 1086 766 fere
1113 740 1203 776 sunt,
1219 740 1256 767 ut
1271 735 1396 767 Strabo
1421 735 1514 775 alibi,
1536 734 1636 774 μύθων

937 785 1115 818 ἆνασκευαί.

979 838 1053 877 §lo
1080 836 1231 878 Tyndari,
1257 846 1297 868 ex
1327 847 1385 876 quo
1412 837 1480 878 ipsa
1506 836 1633 876 genita]

936 887 1036 917 Unde
1059 887 1295 918 consobrinam
1321 887 1507 927 Penelopis
1530 886 1633 917 fuisse

936 940 1088 967 constat:
1128 936 1242 968 Icarus
1283 937 1410 977 quippe
1449 937 1633 978 Penelopis

936 991 1046 1027 pater,
1060 986 1210 1027 Tyndari
1227 986 1335 1018 frater
1350 992 1435 1018 erat.

981 1036 1151 1076 Traduoeit]
1176 1037 1321 1068 Retineo
1351 1038 1543 1071 lectionem,
1571 1047 1632 1078 pro

935 1086 945 1103 ‘
964 1085 1183 1117 transduxit!
1227 1086 1272 1117 Et
1295 1087 1341 1117 ita
1363 1086 1486 1127 ubique
1509 1085 1581 1117 fere
1598 1087 1631 1118 in

936 1135 1020 1166 Cod.
1047 1135 1114 1167 Ms.
1141 1134 1225 1167 Juui
1252 1136 1395 1167 Caesaris
1424 1146 1465 1166 ex
1502 1137 1631 1167 Biblio-

935 1185 1034 1215 theca
1058 1185 1220 1226 Ampliss.
1248 1187 1317 1217 Dn.
1341 1185 1510 1217 Obrechti
1535 1191 1543 1203 ¹
1561 1191 1630 1217 tra-

934 1233 1080 1266 ducere'
1112 1244 1172 1275 pro
1204 1236 1213 1252 ‘
1231 1235 1479 1275 transducere,'
1506 1241 1544 1268 ut
1570 1237 1629 1267 im-

934 1285 1041 1326 pressi
1060 1284 1136 1316 libri
1152 1285 1290 1317 habent.

975 1335 1064 1365 Inter
1078 1335 1212 1375 Regulos
1226 1336 1344 1366 medius
1357 1335 1498 1376 adstans]
1512 1335 1630 1367 Verba

930 1384 1062 1416 scilicet
1085 1383 1251 1416 facturus.
1296 1385 1351 1416 Ita
1376 1385 1419 1416 de
1442 1386 1565 1427 Ulysse
1587 1395 1629 1417 Π.

931 1436 940 1452 ‘
959 1435 1095 1475 Ulysses
1122 1435 1252 1466 medius
1277 1435 1415 1466 adstans
1438 1436 1628 1477 huJusmodi

930 1485 1116 1515 orationem
1142 1484 1285 1517 habuit.’
1335 1486 1381 1517 Et
1406 1485 1469 1517 hoc
1494 1487 1628 1517 honoris

930 1535 1039 1575 gratia
1075 1534 1217 1574 factum,
1254 1535 1324 1566 sive
1369 1540 1407 1566 nt
1445 1536 1629 1575 auditores,

929 1585 1037 1615 instar
1060 1594 1208 1624 coronae,
1234 1590 1448 1625 perorantem
1473 1586 1628 1618 attende-

929 1639 1015 1666 rent.

972 1686 989 1726 ξ
1006 1687 1046 1715 13
1072 1686 1189 1716 Eorum
1213 1694 1270 1724 ego
1291 1689 1411 1716 secutus
1432 1686 1627 1728 comitatum]

929 1735 981 1766 De
1008 1736 1113 1776 Dicty
1140 1736 1220 1768 Joh.
1246 1735 1479 1767 Antiochenus
1503 1737 1571 1767 Ms.
1589 1746 1626 1768 v.

927 1785 1049 1826 Χρόνων
1055 1788 1206 1827 Τρωϊκῶν·
1218 1786 1326 1818 Καθὼς
1336 1787 1352 1817 ὁ
1362 1786 1544 1826 σοφώτατος
1553 1787 1628 1819 Δίκ-

927 1848 994 1875 τυς,
1017 1836 1052 1868 ὃς
1068 1838 1103 1868 ἐκ
1116 1837 1173 1873 τῆς
1186 1835 1321 1875 Κρήτης,
1342 1839 1404 1868 &c.
1420 1836 1459 1874 ἣν
1472 1837 1533 1877 ’γὰρ
1546 1838 1627 1877 μετὰ

926 1888 983 1918 τοῦ
995 1886 1170 1925 Ἰδομενέως
1184 1887 1240 1918 τοῦ
1248 1884 1412 1927 προμάχου
1425 1889 1487 1918 τῶν
1496 1890 1627 1919 Δαναῶν

926 1938 983 1968 τοῦ
994 1936 1202 1968 κατελθόντος
1215 1936 1258 1969 εἷς
1268 1937 1324 1968 τὸν
1337 1937 1476 1977 πόλεμον
1487 1937 1550 1977 ἅμα
1560 1940 1627 1971 τοῖς

926 1987 1039 2018 ἄλλοις
1053 1988 1203 2027 Ἀχαιοῖς,
1218 1987 1416 2027 συγγραφεὺς
1427 1988 1489 2027 ’γὰρ
1500 1989 1557 2018 τοῦ
1571 1989 1625 2019 αὐ-

925 2039 982 2069 τοῦ
1003 2038 1061 2069 τοῦ
1085 2038 1262 2075 Ἰδομενέως
1285 2036 1460 2077 ἐτύγχανεν
1485 2039 1502 2068 ὁ
1533 2039 1624 2069 αὐτὸς

925 2087 1048 2123 Δίκτυς,
1058 2086 1108 2118 καὶ
1120 2088 1257 2127 ἑωρακὼς
1269 2087 1400 2128 ἀκριβῶς
1410 2087 1451 2118 τὰ
1461 2089 1517 2118 τοῦ
1528 2088 1623 2119 πολέ-

924 2151 993 2178 μου,
1005 2138 1055 2169 καὶ
1071 2137 1312 2178 σινγγαψάμενος
1325 2138 1364 2169 ὣς
1374 2137 1488 2177 παρών.
1524 2139 1624 2170 Circa

924 2190 1025 2221 finem
1043 2198 1093 2221 tv.
1128 2188 1260 2219 Author
1277 2189 1350 2228 ipse
1364 2187 1406 2218 de
1423 2197 1458 2218 se
1470 2188 1622 2228 plenius:

923 2243 931 2258 ‘
945 2240 1033 2271 Haec
1045 2249 1105 2279 ego
1115 2239 1261 2270 Gnosius
1274 2239 1409 2278 Dictys,
1420 2248 1533 2269 comes
1545 2238 1623 2269 Ido-

925 2291 1048 2327 menei,
1063 2287 1273 2328 conscripsi‚'
1288 2290 1355 2319 &m

966 2339 1017 2370 Ab
1033 2339 1142 2379 Ulysse
1156 2337 1298 2377 cognita]
1322 2338 1404 2378 Leg.
1421 2338 1431 2355 ⁴
1445 2342 1564 2378 postea
1580 2337 1622 2368 ab

923 2390 1046 2431 Ulysse
1062 2388 1226 2428 cognita?

982 2439 1166 2479 Eurypylus
1214 2437 1388 2476 fii-emonis,
1437 2438 1618 2478 Ormenius]

924 2488 1102 2520 Commata
1120 2488 1270 2519 tollenda
1286 2488 1341 2518 hic
1364 2492 1466 2518 sunt:
1490 2497 1532 2518 ex
1555 2487 1622 2519 Or-.

923 2539 1032 2569 menio
1056 2537 1183 2579 quippe
1209 2537 1401 2578 Eurypylus
1424 2535 1502 2577 fuit,
1518 2541 1556 2568 ut
1572 2537 1622 2568 in-

922 2587 974 2620 fra
994 2591 1044 2620 17.
1060 2593 1094 2618 et
1111 2597 1154 2618 ex
1173 2587 1322 2618 Homero
1339 2591 1488 2618 constat.

966 2640 983 2679 ξ
1002 2641 1042 2669 14
1067 2637 1146 2673 Quoe
1160 2646 1200 2668 ex
1217 2636 1351 2667 Chirone
1371 2633 1548 2674 dicebatur]
1573 2636 1622 2667 Ut

923 2697 948 2719 1.
971 2688 981 2705 ‘
998 2688 1108 2719 dictus
1123 2697 1164 2717 ex
1181 2687 1294 2718 Cretae
1311 2685 1394 2717 Ida-³

968 2737 1007 2768 ln
1029 2737 1141 2777 primis
1156 2735 1367 2767 adolescentia*
1390 2734 1495 2774 annis]
1519 2743 1571 2766 lv.
1587 2737 1621 2767 9.

923 2787 932 2804 ‘
959 2787 1000 2818 ln
1031 2786 1148 2827 primis
1177 2786 1331 2826 pueritiae
1363 2783 1483 2814 annis!
1534 2785 1621 2816 Sunt

922 2837 979 2879 qui
996 2837 1028 2867 in
1045 2836 1106 2867 hac
1129 2835 1269 2877 periodo
1285 2838 1359 2866 tota
1373 2833 1532 2865 mendum
1550 2843 1622 2865 sus-
