1889 3194
297 273 381 313 570

821 283 1021 314 JOSEPHI
1059 283 1224 314 lscANl

298 374 416 419 Exul
438 377 506 430 agi
522 377 678 432 jussus
698 377 865 418 AEneas
885 376 1051 430 pendit,
1074 382 1120 417 et
1139 388 1249 416 usus

297 444 457 497 Puppe
475 445 544 486 bis
566 443 751 493 undena,
772 456 883 497 quas
906 443 1060 495 praedo
1082 442 1270 483 duxerat
1293 442 1420 483 alnos

297 511 546 562 Dardanus,
566 510 690 552 exilii
711 510 894 551 comites
916 510 1071 550 habet:
1103 510 1208 549 urbe
1230 510 1397 562 potitur

295 577 507 628 Antenor,
529 577 734 630 regnique
754 576 887 617 decus
909 589 987 616 rex
1008 576 1150 617 lectus
1172 575 1375 628 adauget,

295 644 515 686 Astrictus
535 644 673 684 sociis
694 644 739 683 in
758 643 926 683 foedera
944 642 1049 684 laeta
1069 642 1288 683 Gabinus.

296 711 430 752 Hunc
452 715 596 752 tamen
616 713 789 750 extorto
810 709 988 762 cupiens
1006 713 1199 749 evertere
1219 712 1392 762 sceptro

297 777 536 820 Maenalias
558 777 778 818 mendicat
799 788 925 828 opes,
953 775 1133 817 Dircaea
1152 781 1346 829 pererrat

296 844 491 898 Oppida,
513 844 722 896 digressis
743 843 891 884 audax
912 842 1075 883 bellare
1097 843 1299 895 Pelasgis

295 912 475 961 AEneas,
498 911 574 952 sed
597 923 726 952 cassa
745 910 849 950 novi
870 909 1093 950 molimina
1113 909 1216 950 belli

296 979 506 1029 Questus,
527 979 571 1019 in
595 977 846 1018 Hadriacas
869 976 976 1017 exul
996 976 1216 1017 delabitur
1235 977 1392 1018 undas.

1656 976 1743 1019 890

294 1046 387 1087 Hic
409 1045 508 1086 urbi
531 1044 728 1098 Corcyra
748 1057 891 1093 novae,
913 1056 1046 1096 quam
1068 1048 1292 1085 struxerat
1310 1044 1422 1098 ipse,

292 1112 483 1162 Nomen,
506 1117 548 1153 et
567 1111 730 1164 exiguo
751 1114 901 1163 regnat
922 1114 1148 1152 contentus
1169 1111 1325 1163 agello,

293 1179 506 1221 Romanis
527 1179 632 1222 olim
652 1179 893 1232 permissus
914 1177 1139 1219 moenibus
1160 1181 1327 1220 auctor.

910 1285 1101 1299 “meu-Oe
1108 1287 1144 1298 te

333 1363 394 1392 885
421 1360 556 1392 Gabinis
576 1359 666 1392 Edd.
694 1360 783 1391 Mor.
801 1366 836 1391 et
867 1359 1039 1398 Spondan.
1058 1359 1232 1392 Gebrennis
1254 1361 1414 1393 Dresem.
1459 1360 1547 1393 Vide
1563 1365 1739 1395 not.—891

291 1402 379 1435 Hinc
401 1404 663 1435 Dresem.—893
682 1403 867 1434 Praemissus
885 1403 1043 1434 Dresein.

945 1475 1085 1507 NOTAE

308 1543 311 1554 ³
324 1544 386 1573 885
399 1542 560 1572 Astrictns
570 1542 661 1572 sociis
672 1541 831 1579 infoedera
840 1542 913 1572 laeta
923 1540 988 1571 Ga·

290 1591 394 1630 binus]
411 1591 572 1623 Quisnam
589 1591 644 1622 hic
660 1592 669 1608 ‘
683 1591 835 1622 Gabinus
846 1590 868 1621 ?’
896 1600 988 1621 mon—

291 1646 396 1670 strum
437 1640 600 1671 lectionis.
644 1640 696 1671 Ex
731 1639 837 1680 Dicty
867 1639 987 1680 liquet,

288 1698 323 1719 v.
351 1700 425 1730 quae
448 1690 565 1721 melior
586 1690 688 1721 lectio
705 1689 769 1720 sit:
791 1690 801 1706 ‘
818 1689 871 1720 An
890 1695 987 1720 tenor

290 1748 394 1779 regno
413 1740 540 1779 potitur
555 1740 713 1779 Trojano.
757 1739 813 1769 Fit
827 1740 986 1780 princeps

289 1788 447 1819 amicitiae
476 1788 567 1827 ejus’
597 1787 718 1829 (verba
742 1788 884 1829 Dictys)
908 1793 987 1820 ‘rex

290 1838 519 1869 Cebrenorum
530 1837 730 1869 OEnidaens.’
742 1838 897 1869 Cebrene
910 1847 988 1869 vero

288 1895 342 1919 est
366 1888 538 1928 provincia
563 1888 700 1919 minoris
725 1887 829 1927 Asiae,
854 1887 897 1918 de
921 1898 988 1929 qua

288 1938 395 1969 multa
423 1938 545 1969 Strabo
581 1937 640 1968 lib.
664 1946 747 1968 xm.
774 1947 808 1977 p.
834 1940 990 1969 410·417.

288 1988 477 2028 Stephanus
503 1988 687 2028 Byzantius
711 1988 743 2019 in
772 1986 930 2027 Κεβρηΐα;
954 1988 987 2018 in

288 2049 352 2079 qua
382 2039 574 2079 sepulcrum
605 2038 740 2069 Paridis
763 2044 798 2070 et
825 2039 986 2069 OEnones.

287 2090 350 2121 Est
372 2091 476 2121 etiam
499 2089 590 2120 urbis
614 2099 749 2128 nomen,
767 2099 866 2130 aqua
889 2090 986 2121 Pria-

287 2149 359 2170 mus
385 2138 489 2170 filium
516 2139 525 2155 ‘
543 2138 764 2170 Cebrionem'
788 2138 985 2170 denomina-

289 2189 349 2228 vit,
375 2190 469 2230 cujus
502 2189 604 2220 etiam
633 2189 802 2220 Homerus
832 2189 985 2220 meminit

286 2238 387 2270 Iliad.
402 2242 441 2270 A.
457 2248 489 2278 p.
508 2240 582 2269 398.
597 2242 633 2269 et
658 2238 908 2279 epigrammatis
925 2243 983 2270 Κε-

286 2288 390 2328 βρηνοὶ
417 2288 524 2330 ἄνδρες
547 2287 656 2328 ἔχωσι.
692 2289 851 2330 Apollod.
867 2298 924 2321 ιιι.
949 2300 983 2331 p.

287 2342 362 2371 181.
376 2341 448 2371 184.
495 2339 656 2370 Cebrenis
673 2344 724 2370 est
739 2338 872 2379 fluvius,
884 2340 982 2380 cujus

285 2388 388 2420 filiam
404 2388 598 2430 Asteropen
612 2389 751 2420 AEsacus
778 2390 906 2421 Priami
923 2391 982 2422 du-

286 2438 345 2469 cit.
390 2438 520 2470 OEnone
545 2438 648 2469 etiam
675 2438 746 2470 filia
772 2444 780 2458 ‘
799 2440 985 2471 Cebrenis'

285 2487 408 2523 eidem,
425 2487 456 2519 d.
473 2488 494 2518 1.
511 2487 614 2519 Ovid.
629 2488 737 2519 AEsaci
750 2494 891 2529 nuptam
909 2489 982 2521 Ali-

285 2537 434 2569 xothoe'n
465 2543 579 2577 vocat,
602 2537 705 2568 filiam
736 2547 818 2569 vero
847 2539 980 2570 illorum

286 2588 434 2628 Eperien
450 2587 460 2604 ‘
472 2587 685 2626 Cebrenida,‘
701 2587 759 2620 lib.
776 2596 825 2620 xi.
840 2589 981 2621 Metam.

284 2638 336 2668 Ex
349 2638 467 2679 quibus
477 2636 894 2678 manifestum,legendum
908 2649 982 2671 esse

286 2692 346 2717 aut
367 2689 376 2704 ‘
391 2686 581 2718 Cebrennis
593 2685 602 2699 '
617 2691 676 2718 aut
690 2689 699 2704 ‘
713 2686 929 2724 Gebrennis,'
945 2693 982 2719 ut

284 2735 409 2776 Dictys
420 2735 553 2766 literam
566 2740 693 2767 mutat:
719 2735 782 2766 nisi
795 2735 882 2768 forte
892 2737 982 2768 Auc-

287 2789 340 2814 tor
367 2793 489 2817 nomen
520 2785 672 2817 emollire
703 2785 868 2818 voluerit:
907 2787 916 2804 ⁶
934 2785 981 2817 A-

1042 1540 1172 1572 strictis
1189 1540 1291 1573 sociis
1308 1541 1341 1573 in
1359 1539 1488 1572 foedera
1503 1541 1584 1573 laeta
1600 1540 1738 1574 Geben-

1040 1591 1115 1621 nis-³

1082 1643 1146 1671 886
1170 1640 1265 1671 Hunc
1288 1643 1401 1676 tamen,
1423 1640 1491 1680 ὀνκ]
1515 1640 1606 1672 Nihil
1620 1641 1737 1673 horum

1040 1689 1149 1720 Dares
1164 1699 1173 1727 3
1190 1689 1342 1729 sequitur
1357 1695 1471 1721 autem
1488 1690 1630 1729 Dictyn.

1082 1741 1142 1770 891
1168 1738 1234 1769 Hic
1248 1738 1318 1769 urbi
1336 1739 1471 1780 Corcyra
1486 1739 1588 1779 ποτε]
1611 1739 1737 1780 Dictys

1041 1787 1224 1829 Corcyram
1249 1789 1258 1805 ‘
1275 1788 1457 1820 Melenen'
1472 1794 1596 1827 vocat;
1620 1789 1667 1819 ita
1690 1790 1738 1820 le-

1040 1837 1185 1877 gendum
1213 1836 1316 1877 foret,
1343 1839 1352 1854 ‘
1370 1838 1500 1878 nigrae.'
1542 1838 1738 1869 Marcianus

1039 1888 1141 1918 etiam
1160 1887 1367 1919 Heracleota
1383 1898 1417 1928 p.
1435 1891 1486 1920 18.
1508 1887 1640 1927 μέλαινα
1659 1888 1740 1929 Κόρ-

1038 1938 1114 1977 κυρ’,
1130 1936 1168 1973 ἢν
1184 1936 1298 1967 Κνίδιοι
1313 1936 1499 1978 κατῴκισαν.
1529 1939 1738 1970 Ptolemaeus

1038 1988 1181 2018 insulam
1214 1988 1395 2018 Dalmatiae
1426 1993 1528 2020 vocat
1567 1988 1625 2021 lib.
1651 1997 1676 2021 ι.
1704 1989 1739 2020 in

1040 2037 1120 2068 fine.
1143 2037 1265 2068 Strabo
1281 2037 1383 2068 etiam
1399 2038 1459 2069 lib.
1475 2047 1514 2069 ιι.
1527 2042 1562 2070 et
1574 2047 1641 2070 vu.
1669 2038 1738 2070 Sed

1041 2098 1159 2128 parum
1174 2087 1255 2119 fidei
1274 2089 1380 2128 Dicty
1399 2094 1434 2120 et
1451 2089 1614 2122 Historiae
1630 2090 1674 2122 de
1690 2091 1740 2123 lo-

1039 2138 1089 2169 cis
1119 2138 1160 2169 ad
1191 2148 1266 2179 qnae
1295 2137 1419 2169 AEueas
1449 2140 1591 2172 venerit.
1648 2141 1739 2173 Vide

1038 2187 1240 2219 Strabonem
1259 2197 1344 2220 xm.
1360 2198 1394 2230 p.
1410 2191 1485 2220 418.
1521 2189 1611 2222 Vide
1634 2191 1738 2223 etiam

1036 2238 1224 2278 Josephum
1237 2238 1399 2278 Scaliger.
1411 2238 1452 2269 ad
1465 2239 1648 2271 Eusebium
1659 2250 1736 2282 pag.

1037 2290 1093 2319 52.
1117 2287 1328 2328 Stephanum
1343 2287 1386 2319 de
1402 2288 1541 2320 urbibus
1559 2289 1591 2320 in
1607 2289 1712 2321 AEnea
1725 2301 1736 2322 z

1038 2347 1135 2378 quam
1157 2337 1199 2368 ab
1216 2337 1320 2369 AEnea
1339 2337 1374 2369 in
1396 2338 1541 2370 Thracia
1561 2339 1736 2372 conditam

1038 2387 1122 2418 vult.
1158 2387 1267 2418 Varro
1278 2392 1398 2418 auctor
1407 2392 1471 2427 est,
1483 2388 1622 2420 AEneam
1632 2389 1736 2430 Troja

1036 2436 1227 2477 profectum
1243 2437 1386 2468 Veneris
1403 2447 1465 2478 per
1489 2437 1577 2469 diem
1600 2439 1733 2470 stellam

1036 2496 1172 2528 semper
1188 2486 1329 2526 vidisse,
1345 2486 1453 2518 donec
1475 2486 1509 2517 in
1526 2487 1733 2520 Laurentum

1035 2545 1152 2576 agrum
1164 2536 1268 2577 venit,
1278 2536 1335 2567 ubi
1344 2545 1410 2567 non
1420 2540 1473 2568 est
1484 2536 1626 2577 amplius
1639 2537 1732 2570 visa:

1035 2595 1140 2626 quare
1163 2586 1361 2627 cognovisse
1375 2585 1435 2617 has
1459 2589 1566 2617 terras
1589 2595 1662 2618 esse
1682 2585 1733 2618 fa·

1036 2636 1133 2667 tales.

1079 2689 1141 2718 893
1165 2686 1318 2718 Romanis
1340 2686 1412 2717 olim
1431 2685 1595 2726 permissus
1623 2687 1730 2718 moeni-

1035 2737 1091 2767 Ims
1099 2736 1222 2776 auctor]
1244 2735 1485 2777 Vulgatissima
1497 2744 1551 2766 res
1561 2735 1650 2776 apud
1665 2736 1731 2768 Ro-

1035 2796 1153 2819 manos
1169 2785 1373 2826 Historicos,
1388 2785 1430 2818 de
1447 2794 1512 2827 qua
1526 2785 1729 2827 Dionysius,
