1889 3194
302 301 389 345 638
756 311 967 343 ΝοΤιΤιΑ
1002 311 1281 342 LITERARlA

305 413 388 451 sine
418 412 509 451 anni
529 418 568 452 et
594 412 672 451 loci
701 411 900 450 notatione
919 411 958 448 in
979 412 1017 449 4.
1036 422 1123 448 cum
1142 409 1263 447 tribus
1288 407 1523 447 carminibus
1542 405 1743 446 Prudentii

306 483 434 515 servat
454 477 554 515 Bibl.
573 476 739 514 Paulina
759 475 984 526 Lipsiensis,
1014 479 1058 511 ut
1077 485 1137 510 me
1156 471 1306 509 monuit
1333 471 1481 510 clariss.
1505 471 1747 523 Schoetgeni-

304 553 364 587 us,
384 540 449 591 qui
469 540 585 577 etiam
611 539 659 577 de
681 539 820 589 Dictye
840 538 957 587 Casp.
978 534 1124 573 Barthii
1136 533 1325 585 judicium
1339 533 1452 585 jubet
1469 534 1673 572 consulere
1693 533 1744 572 ad

306 603 431 640 Gratii
451 602 730 654 Cynegeticum
751 613 809 639 vs.
830 601 896 637 21.
926 597 1209 649 Antiquissima
1223 596 1341 635 editio
1361 596 1496 635 horum
1516 597 1746 648 scriptorum

307 666 446 704 Latina
484 665 644 714 (Graeca
679 666 781 702 enim
818 662 966 714 pridem
1005 661 1168 713 periere)
1201 666 1263 698 est
1297 659 1604 698 Mediolanensis
1643 671 1746 697 anno

311 730 427 767 1477.
494 728 590 767 Inde
620 724 961 766 commemoranda
992 724 1098 763 venit
1127 724 1279 762 Veneta
1308 723 1506 762 Francisci
1539 721 1748 773 Faragonii

308 805 411 830 anno
434 792 550 830 1499.
605 789 790 828 Prodiere
808 789 925 828 etiam
941 788 1164 838 Vitebergae
1186 788 1300 825 1512.
1317 787 1422 838 apud
1439 787 1461 825 J
1467 799 1503 824 0.
1524 786 1747 824 Gruneber·

307 856 412 906 gium
429 855 507 893 sive
522 853 892 900 Viridimontanum,
907 851 1013 903 apud
1029 850 1334 902 Augustinianos
1350 863 1360 894 ;
1390 856 1429 888 et
1441 862 1530 889 cum
1545 849 1667 888 tribus
1687 848 1749 886 Li-

307 919 412 957 banii
445 916 795 956 declamationibus
825 915 1039 955 consimilis
1069 914 1303 965 argumenti,
1336 913 1516 965 Lugdun.
1548 925 1612 964 ap.
1645 911 1749 963 Gry-

307 982 442 1034 phium
475 982 591 1018 1552.
627 981 755 1018 12mo.
790 979 987 1017 Praetereo
1008 978 1217 1016 editionem
1245 977 1401 1015 Daretis
1422 975 1652 1028 Dictyisque
1672 975 1751 1012 Pa-

307 1045 509 1083 risiensem
530 1056 566 1082 a.
590 1044 705 1080 1560.
727 1045 763 1081 8.
796 1049 836 1081 et
855 1042 1158 1094 Lugdunensem
1189 1053 1291 1079 anno
1325 1041 1440 1078 1569.
1472 1047 1508 1079 8.
1525 1052 1599 1078 nec
1618 1038 1747 1076 minus

309 1108 524 1146 versionem
547 1106 740 1144 Gallicam
761 1106 927 1144 Joannis
947 1104 996 1144 de
1021 1105 1061 1143 la
1080 1103 1214 1143 Lande
1233 1104 1355 1142 Paris.
1378 1105 1493 1142 1556.
1515 1105 1552 1140 8.
1582 1108 1620 1140 et
1641 1101 1748 1140 Itali-

309 1184 395 1209 cam
413 1170 512 1208 Tho.
534 1169 804 1208 Porcaccbino
836 1174 994 1207 auctore
1014 1180 1198 1207 excusam
1217 1167 1356 1205 Venet.
1382 1167 1501 1205 1543.
1527 1167 1566 1204 8.
1595 1165 1748 1203 Gallice

310 1248 358 1272 ex
377 1233 552 1272 versione
567 1233 698 1271 Caroli
718 1231 945 1283 Bourguille
963 1231 1109 1282 prodiit
1128 1231 1253 1269 Dares
1273 1229 1438 1268 Cadomi
1460 1230 1574 1268 1573.
1604 1229 1750 1280 Dictyn

313 1298 468 1335 Gallica
487 1302 594 1335 veste
627 1296 773 1335 donare
805 1296 963 1334 molitus
984 1294 1236 1333 Burdelinus.
1291 1293 1391 1332 Vide
1410 1293 1586 1332 Diarium
1605 1292 1749 1330 Londi-

311 1373 447 1407 nense,
464 1360 549 1397 The
567 1360 728 1411 History
748 1360 792 1398 of
820 1359 885 1398 the
905 1359 1049 1397 Works
1069 1358 1114 1397 of
1129 1357 1193 1397 the
1211 1356 1370 1397 learned
1390 1369 1426 1395 a.
1451 1357 1566 1395 1703.
1594 1368 1635 1406 p.
1655 1356 1750 1393 222.

313 1424 438 1462 Dares
459 1423 688 1461 Germanice
709 1436 756 1461 ex
775 1422 1090 1473 interpretatione
1111 1420 1237 1459 Marci
1255 1420 1368 1466 Tatii,
1389 1420 1578 1470 Augustae
1595 1418 1752 1456 Vindel.

316 1488 433 1526 1536.
454 1486 520 1524 fol.
541 1499 629 1524 cum
647 1486 837 1524 iconibus.
893 1485 1111 1523 Novissime
1131 1483 1289 1522 Parisiis
1321 1482 1418 1521 vidit
1444 1482 1570 1521 lucem
1591 1481 1752 1533 Mytho-

312 1549 417 1600 logia
436 1549 516 1588 sive
535 1549 710 1587 Historia
729 1548 933 1587 Deorum4
964 1561 1051 1586 cum
1071 1548 1248 1586 versione
1268 1546 1422 1584 Gallica
1443 1545 1598 1583 Daretis
1627 1557 1651 1582 a
1671 1544 1750 1581 Pu-

314 1619 430 1650 teano
470 1615 557 1663 (par
576 1612 634 1651 M.
656 1612 816 1663 Dupuy)
849 1611 975 1649 Paris.
998 1612 1113 1649 1731.
1139 1612 1201 1648 12.
1236 1609 1375 1661 Dictys
1404 1608 1635 1646 Germanice
1662 1606 1754 1645 red-

314 1675 417 1713 ditus
438 1688 460 1713 a
478 1675 629 1713 Joanne
649 1674 837 1713 Heroldo.
859 1674 981 1713 Basil.
1001 1675 1116 1712 1554.
1135 1673 1203 1712 fol.
1225 1672 1350 1710 Etiam
1371 1671 1536 1710 Russice
1554 1670 1690 1721 Dictys
1709 1674 1750 1707 et

316 1739 440 1776 Dares
473 1750 637 1776 excusus
671 1739 849 1776 Moscuae
889 1749 926 1776 a.
962 1738 1078 1775 1712.
1115 1739 1152 1775 8.
1199 1735 1300 1773 Vide
1336 1735 1437 1772 Acta
1471 1732 1588 1771 Erud.
1626 1734 1745 1771 1714.

315 1814 356 1852 p.
376 1803 469 1840 488.
499 1801 648 1839 Prodiit
683 1800 799 1838 etiam
830 1800 954 1838 Dares
987 1812 1077 1838 curn
1107 1799 1278 1837 Homero
1317 1796 1531 1849 Spondani,
1565 1795 1751 1847 adjuncta

317 1863 668 1902 Pseudo-Pindari⁵
691 1863 865 1901 Thebani
895 1862 1076 1914 Epitoma
1106 1861 1262 1908 Iliados,
1287 1861 1424 1898 Latino
1444 1859 1611 1898 carmine
1631 1859 1752 1897 hexa-

317 1934 440 1966 metro
460 1927 616 1977 scripta‚
636 1926 755 1964 Basil.
780 1927 895 1965 1583.
923 1925 992 1964 fol.
1051 1925 1174 1963 Dares
1203 1924 1294 1962 item
1323 1924 1538 1974 Dictysque
1558 1921 1754 1973 subjectus

322 1990 497 2029 Diodoro
517 1989 648 2028 Siculo
667 2003 715 2027 ex
735 1989 874 2039 Poggii
909 1988 1086 2026 versione
1119 1987 1224 2025 edito
1244 1986 1379 2025 Latine
1419 1985 1512 2024 ibid.
1535 1987 1652 2024 1578.
1682 1985 1752 2023 sol.

320 2054 383 2092 Ab
403 2065 449 2091 eo
471 2060 645 2103 tempore
665 2051 797 2090 Josias
818 2052 1029 2097 Mei-cerus,
1059 2049 1339 2102 elegantissimi
1369 2050 1423 2087 vir
1442 2049 1600 2100 ingenii,
1628 2053 1668 2087 et
1686 2060 1754 2086 ex-

320 2116 470 2166 quisitae
491 2114 692 2160 doctrinae,
713 2115 858 2153 Darete
878 2127 966 2152 curn
987 2115 1128 2166 Dictye
1149 2113 1199 2151 ad
1219 2114 1330 2152 binos
1350 2113 1446 2151 Mss.
1471 2111 1628 2151 codices
1648 2110 1754 2149 Petri

322 2178 495 2216 Danielis
515 2184 554 2215 et
573 2177 684 2216 Pauli
696 2177 844 2216 Petavii
866 2177 1070 2227 castigato,
1089 2177 1270 2228 notisque
1290 2176 1498 2223 illustrato,
1510 2173 1753 2214 emendatius

321 2241 361 2279 in
380 2241 506 2280 lucem
526 2240 634 2279 dedit
663 2240 786 2279 Paris.
811 2241 927 2279 1618.
952 2241 1015 2279 12.
1070 2239 1351 2279 Mereerianam
1383 2237 1592 2277 editionem
1621 2242 1755 2275 secuta

366 2361 386 2382 4
400 2359 529 2390 Journal
546 2358 602 2389 des
611 2360 788 2390 Sav.1732.
805 2359 893 2390 Mars
903 2369 935 2400 p.
946 2361 1022 2392 291.
1064 2362 1155 2389 tanus
1189 2358 1246 2389 lib.
1279 2369 1303 2388 1.
1344 2358 1383 2389 de
1424 2359 1572 2390 Sermone
1599 2369 1669 2399 cap.
1703 2361 1756 2390 18.

327 2402 454 2432 Lettres
472 2402 622 2432 serieuses
650 2407 684 2433 et
710 2401 841 2432 badines
868 2402 905 2432 T.
921 2413 968 2433 vr.
989 2411 1022 2443 p.
1065 2400 1191 2431 Primus
1226 2401 1326 2431 edidit
1360 2401 1547 2432 Laurentius
1575 2401 1755 2432 Abstemius

327 2446 400 2476 191.
1064 2448 1145 2472 teste
1177 2442 1300 2474 Vossio.
1346 2442 1519 2483 Antiquam
1542 2443 1755 2474 Florentinam

367 2484 380 2505 ⁵
399 2485 565 2526 Allegatur
589 2486 740 2517 aLutatio
761 2485 799 2515 ad
819 2485 909 2516 Statii
920 2486 1019 2516 Theb.
1063 2485 1231 2515 editionem
1242 2485 1273 2514 in
1288 2488 1319 2516 4.
1334 2486 1514 2517 memoratJ
1516 2495 1632 2516 oannes
1646 2484 1754 2515 Cinel-

327 2538 375 2557 vx.
390 2530 463 2558 120.
484 2528 538 2557 ubi
558 2527 642 2562 vide,
669 2529 692 2556 si
714 2528 814 2568 juvat,
829 2528 1019 2558 Lindenbro·
1063 2528 1111 2557 lus
1133 2528 1165 2556 in
1188 2527 1273 2557 Bibl.
1297 2527 1422 2557 volante
1437 2527 1474 2557 T.
1489 2537 1550 2556 vu.
1572 2536 1604 2566 p.
1617 2529 1670 2558 66.
1695 2528 1755 2558 sub

325 2570 422 2610 gium,
445 2570 580 2609 itemque
595 2570 760 2600 Barthium
774 2569 811 2599 T.
829 2579 883 2599 111.
898 2580 930 2610 p.
945 2572 1021 2601 393.
1065 2569 1114 2599 tit.
1142 2574 1150 2587 ‘
1164 2569 1320 2599 Homerus
1339 2569 1378 2598 de
1399 2569 1493 2599 Bello
1515 2567 1670 2608 Trojano.¹
1713 2568 1753 2600 In

329 2622 377 2651 sq.
394 2612 449 2650 qui
470 2616 629 2641 auctorem
650 2617 806 2641 vetustum
821 2611 956 2651 bonique
971 2612 1021 2642 in-
1065 2611 1131 2641 Ms.
1152 2610 1237 2641 Bibl.
1263 2610 1527 2650 Annaebergensis
1551 2610 1748 2642 inscribitur:

330 2653 415 2692 genii
430 2653 568 2692 appellat
577 2656 733 2684 Lv111.14.
748 2659 779 2683 et
795 2663 864 2683 er.
878 2656 907 2684 1.
923 2659 955 2683 et
971 2656 1023 2685 15.
1066 2658 1075 2672 ‘
1089 2653 1244 2682 Homerus
1258 2662 1315 2692 per
1330 2652 1494 2683 Pindarum
1505 2652 1661 2692 insignem
1677 2652 1755 2684 Ora-

331 2694 882 2736 Adversar.ubiintegrumrecenset,
894 2695 1020 2725 necdu-
1062 2695 1206 2725 toremde
1223 2694 1337 2725 Graeco
1357 2695 1390 2724 in
1406 2693 1551 2723 Latinum
1572 2694 1754 2725 traductus.’

328 2736 409 2765 bitat
423 2736 443 2766 J
447 2737 564 2775 osepho
580 2737 691 2767 Iscano
707 2737 851 2767 Devonio
867 2737 1019 2776 praeserre.
1063 2737 1147 2768 Vide
1163 2736 1332 2767 Christiani
1355 2735 1510 2766 Gotthold
1526 2734 1694 2767 Willischii
1707 2746 1755 2768 ar-

332 2777 363 2824 :A
381 2777 550 2810 Laurentio
562 2778 654 2808 Valla
668 2779 775 2819 inepte
799 2780 955 2809 antelatus
972 2784 1021 2809 est
1063 2789 1140 2812 cana
1155 2779 1240 2811 Bibl.
1256 2777 1519 2819 Annaebergensis
1533 2786 1564 2819 p.
1582 2780 1632 2809 18.

332 2819 392 2859 ipsi
407 2819 549 2861 Virgilio,
571 2824 605 2851 ut
626 2821 747 2853 notavit
771 2820 921 2852 Jovianus
935 2821 1018 2852 Pon-
