1889 3194
243 348 329 389 456

756 360 958 391 Josm‘ffl
992 360 1158 392 ISCANI

242 452 314 494 Ac
337 453 486 494 mundi
506 453 683 507 majoris
704 466 830 508 opes,
852 454 1061 508 quodque
1081 454 1243 495 educat
1263 453 1339 495 a‘er

241 519 273 560 J
277 519 509 571 ucundum,
528 524 688 574 pontus
709 521 890 570 clarum,
912 520 980 561 vel
999 520 1139 561 fertile
1159 521 1289 562 tellus
1307 535 1317 563 ε

243 585 292 626 H
297 599 362 628 aec
383 587 541 629 faciles
560 601 700 629 emere
722 593 856 638 toros,
879 588 1084 628 domuere
1104 588 1292 629 rebelles

242 653 507 708 Amplexus,
529 655 735 709 pepigere
754 655 886 696 fidem
905 668 915 696 ε
946 667 1035 695 non
1050 654 1144 709 jam
1167 655 1325 698 oscula
1343 656 1500 707 reddit,

243 720 353 762 Non
371 721 591 763 reddenda
610 727 742 775 negat
759 722 947 771 Helene,
968 721 1046 763 sed
1067 726 1243 775 pectore
1265 727 1360 765 toto

1602 722 1688 765 330

243 787 528 838 Incumbens,
549 790 756 841 gremium
779 789 929 839 solvit,
950 790 1108 842 premit
1128 803 1214 839 ore,
1236 791 1443 832 latentem

244 853 437 896 Furatur
456 855 697 897 Venerem:
722 857 905 910 jamque
927 857 1161 910 expirante
1185 858 1348 908 Dione,

245 921 435 962 Conscia
454 927 643 964 secretos
664 927 845 965 testatur
865 937 1059 978 purpura
1077 937 1209 966 rores.

302 988 421 1029 Proh
442 989 601 1041 scelus,
628 1003 685 1031 an
705 991 841 1032 tantis
861 992 1062 1045 potuisti,
1084 993 1293 1046 pessima,
1315 992 1430 1034 votis

244 1054 490 1096 Indulsisse
510 1058 689 1098 moras?
721 1059 1076 1112 expectabatque
1097 1059 1310 1112 voluptas

1604 1060 1690 1102 335

244 1121 496 1164 Emtorem'?
528 1137 555 1165 o
577 1125 717 1165 teneri
739 1125 936 1167 miranda
957 1127 1158 1180 potentia
1179 1139 1327 1175 sexus,

244 1188 529 1244 Praecipitem
553 1192 597 1232 in
617 1191 784 1233 lucrum
805 1194 1038 1246 suspendit
1059 1193 1236 1235 foemina
1261 1205 1414 1243 uxum,

247 1256 344 1297 Nec
363 1258 449 1298 nisi
472 1258 694 1300 conducto
716 1259 922 1313 dignatur
941 1261 1102 1313 gaudia
1121 1262 1225 1302 risu.

302 1323 394 1364 Res
413 1325 572 1366 hilarat
589 1327 769 1379 vulgata
790 1328 1002 1381 Phryges,
1024 1329 1292 1381 Priamoque
1313 1328 1453 1369 sereni

246 1390 506 1433 Clare-scunt
525 1394 688 1443 vultus,
711 1408 836 1448 rugas
856 1409 1082 1436 rarescere
1105 1396 1239 1436 sentit

1606 1394 1692 1435 340

246 1458 412 1498 Infelix
434 1460 567 1500 animi
589 1462 784 1512 morbus,
806 1462 961 1504 dolor:
991 1464 1195 1516 improba
1215 1463 1395 1516 paulum

248 1524 382 1566 Cedit
401 1525 554 1581 hyems
575 1529 754 1578 mentis,
779 1533 880 1570 voto
903 1529 1014 1571 dura
1035 1543 1191 1583 angere
1214 1535 1379 1583 sperat,

848 1669 966 1681 oooooo

969 1669 1087 1682 eeeeee

290 1755 354 1784 342
378 1753 502 1786 Durum
517 1764 630 1794 angere
654 1755 747 1787 Edit.
761 1757 867 1788 Basil.
906 1757 995 1789 vide
1012 1763 1083 1789 not.

899 1875 1041 1908 NOTAE

290 1949 353 1977 329
377 1946 521 1986 Nony‘am
531 1950 633 1980 oscula
642 1950 757 1988 reddit,
772 1949 840 1990 ξω]
856 1950 942 1981 Lon-

248 2005 310 2037 gus
324 1996 546 2029 Pastor-alium
563 2008 620 2030 111.
643 1999 721 2038 πρός
741 2012 778 2031 τε
795 2000 836 2031 τὰ
850 2000 944 2040 φιλή-

246 2059 330 2085 ματα
344 2046 453 2088 ἄεργα,
471 2048 521 2079 καὶ
541 2049 616 2090 πρὸς
634 2050 692 2082 τὰς
711 2051 879 2090 περιβολὰς
895 2053 945 2083 ἐσ-

246 2095 404 2135 κυβάλιζε.

292 2147 366 2176 Non
382 2147 453 2185 jam
476 2149 579 2179 oscula
600 2149 719 2189 reddit]
742 2150 852 2181 Nimis
869 2160 944 2190 gra-

246 2196 361 2236 phice,
379 2197 476 2227 nimis
494 2199 612 2229 Latine
630 2199 790 2240 loquitur,
812 2201 851 2232 ὥς
867 2200 945 2239 ἆμα-

246 2245 300 2283 Θὴς
314 2246 364 2277 καὶ
377 2246 532 2288 ἄγροικος,
550 2248 674 2288 σκάφην
689 2249 814 2290 σκάφην
827 2251 942 2290 λέγων.

246 2296 469 2329 Juventutem
501 2309 580 2329 vero
603 2301 730 2339 arguit,
763 2301 852 2342 quod
877 2302 944 2333 aio·-

246 2346 449 2386 χροῤῥημονεῐ
474 2348 508 2378 ἐν
523 2349 569 2388 τῷ
594 2351 769 2391 θορονθορῷ,
789 2352 943 2391 exemplo

246 2396 410 2437 Lucretii,
424 2397 608 2439 Apollonii,
633 2400 819 2441 Euripidis,
834 2400 944 2432 Auso-

247 2446 306 2482 nii,
338 2447 490 2478 aliorum.
534 2448 765 2490 Hieronymiis
784 2450 945 2482 adversus

247 2495 386 2527 Helvid.
417 2497 540 2538 ‘Apud
567 2499 773 2531 Christianos
799 2500 946 2532 soloecis-

247 2555 321 2577 mus
331 2550 382 2578 est
393 2553 591 2588 magnus‚et
603 2550 733 2587 vitium,
750 2554 848 2591 turpe
864 2551 945 2592 quid

247 2606 386 2629 narrare
403 2599 455 2629 vel
470 2598 607 2631 facere!
648 2600 757 2632 Arist.
783 2611 845 2633 vn.
869 2603 946 2633 Pol.

250 2647 330 2679 ὅλως
343 2647 401 2685 μὲν
413 2648 473 2686 τὴν
483 2648 707 2690 αἰσχρολογίαν
719 2652 753 2682 ἐκ
760 2653 817 2689 τῆς
827 2652 946 2684 πόλεως

250 2699 300 2728 δεῖ
324 2698 379 2729 τὸν
403 2699 569 2738 νομοθέτην
594 2700 751 2742 ἐξορίζειν.
804 2703 946 2734 Parthe-

250 2749 327 2779 nius
355 2750 411 2780 ille
441 2751 538 2782 Maro
568 2753 710 2790 cautior,
736 2752 871 2793 aliique,
901 2752 944 2783 de

253 2809 319 2839 qua
344 2808 379 2829 re
403 2801 479 2831 vide
506 2801 672 2833 Loensem
698 2808 778 2834 tom.
805 2812 839 2833 v.
858 2803 946 2834 Crit.

252 2849 400 2882 Miscell.
414 2860 456 2883 ιι.
480 2855 534 2884 16.
556 2854 733 2885 Homerus·
747 2855 790 2886 ΙΙ.
805 2858 838 2886 Γ.
880 2853 947 2884 Pa-

254 2901 360 2932 ridem
391 2901 426 2932 in
452 2903 571 2943 Cragae
596 2903 712 2934 Insula
737 2914 812 2935 cuni
843 2903 946 2934 Hele-

996 1959 1052 1990 na,
1077 1950 1165 1992 quod
1184 1950 1308 1982 Noster
1329 1948 1383 1981 hic
1399 1947 1575 1990 describit,
1589 1947 1693 1981 fuisse

995 2001 1080 2032 vult.

1031 2053 1092 2082 341
1105 2051 1248 2091 Improba
1258 2051 1384 2090 paulum
1399 2048 1488 2080 Cedit
1499 2048 1603 2089 hyems
1611 2057 1695 2079 men·

999 2099 1057 2140 tis]
1086 2100 1142 2131 Ita
1171 2110 1203 2131 v.
1234 2099 1244 2117 ‘
1262 2108 1326 2130 nec
1351 2098 1423 2129 sola
1444 2098 1585 2143 maritos
1615 2097 1695 2128 Urit

997 2148 1139 2190 hyems!
1184 2150 1290 2181 Curas
1312 2148 1383 2180 illas
1403 2147 1572 2186 θυμαλγεΐς
1586 2149 1695 2178 notat.

999 2199 1104 2230 Ovid.
1127 2199 1212 2230 ‘Illa
1232 2199 1304 2230 dies
1326 2197 1455 2229 niiserae
1481 2196 1589 2228 fatum
1613 2195 1696 2227 mihi

998 2250 1111 2281 dixit:
1136 2250 1177 2281 ab
1203 2250 1261 2280 ilia
1276 2248 1429 2280 Pessima
1450 2247 1572 2279 mutati
1587 2245 1695 2287 coepit

997 2300 1120 2332 amoris
1135 2299 1274 2340 hyems.'
1316 2298 1437 2330 Claud.
1450 2297 1492 2329 de
1510 2296 1618 2328 Laud.
1629 2296 1696 2327 Sti-

997 2350 1074 2381 lich.
1097 2358 1123 2381 1.
1150 2349 1374 2389 ‘Latiumque
1401 2348 1541 2379 alternis
1569 2345 1694 2378 ictibus

998 2409 1124 2440 anceps
1135 2398 1318 2439 Imperium
1330 2397 1480 2438 pulsaret
1492 2394 1632 2437 hyems?
1652 2394 1695 2426 In

998 2450 1141 2491 Eutrop.
1158 2458 1183 2482 Ι.
1205 2447 1376 2489 ‘lapidum
1389 2445 1550 2488 hyemes-²
1572 2445 1697 2485 Papin-

999 2501 1008 2518 ‘
1023 2499 1175 2531 flammea
1191 2498 1330 2540 hyems,’
1345 2507 1401 2529 111.
1415 2497 1486 2537 Syl.
1499 2496 1577 2527 Vai.
1598 2495 1696 2526 Flac·

1000 2560 1058 2582 cus
1070 2559 1120 2582 iv.
1137 2551 1147 2568 ‘
1162 2551 1262 2591 ignea
1273 2552 1421 2580 montem
1432 2546 1544 2577 Torsit
1555 2543 1697 2585 hyems:

999 2601 1088 2632 Vide
1101 2601 1198 2642 plura
1211 2599 1300 2640 apud
1316 2596 1508 2637 Scipionem
1521 2594 1694 2625 Gentilem

1000 2651 1041 2682 ad
1058 2651 1163 2691 Apul.
1175 2652 1251 2681 700.
1280 2649 1516 2688 chrysostomo
1532 2650 1567 2675 et
1581 2644 1697 2675 Philo-

998 2702 1031 2733 ni
1048 2701 1129 2732 nihil
1152 2698 1375 2740 frequentius,
1396 2705 1495 2737 quam
1510 2695 1615 2735 ψυχῆς
1626 2704 1696 2733 χει-

998 2754 1100 2791 μῶνας
1123 2749 1264 2782 affectus
1280 2749 1462 2779 nominare.
1498 2745 1553 2777 lta
1570 2754 1596 2777 ῐ.
1621 2750 1698 2777 ‘ru-

999 2812 1057 2842 gas
1083 2799 1218 2832 cordis:
1261 2797 1386 2838 Hyenii
1411 2805 1491 2827 vero
1514 2795 1616 2827 animi
1636 2805 1698 2837 op-

1000 2851 1099 2893 ponit
1114 2850 1124 2867 ‘
1138 2848 1300 2891 liquidum
1311 2847 1319 2861 ’
1335 2848 1491 2879 Plautus.

1043 2903 1106 2932 342
1129 2900 1223 2931 Dura
1249 2907 1364 2938 angere
1390 2897 1509 2938 sperat]
1531 2896 1573 2928 In
1604 2896 1697 2930 Edit.
